1760 3172
364 191 455 231 EX
488 189 699 231 PONTO
732 189 851 229 LIB.
885 188 947 229 ΙΙ.
980 188 1173 230 EPIST.
1206 189 1288 229 VI.

1434 190 1516 230 421

135 305 300 369 Turpe
325 304 418 353 erit
441 304 492 351 in
516 304 708 352 miseris
733 304 886 351 veteri
911 303 1001 350 tibi
1027 305 1174 350 rebus
1202 304 1360 351 amico

188 382 458 443 ¹Auxilium
484 382 619 429 nulla
639 387 778 444 parte
803 381 978 428 tulisse
1004 387 1161 427 tuum.

1453 385 1516 427 20

134 459 300 523 Turpe
324 459 503 507 referre
527 459 724 523 pedem,
753 474 844 505 nec
871 473 1022 521 passu
1048 464 1178 504 stare
1204 457 1396 505 tenaci:

198 536 366 601 Turpe
389 537 697 584 laborantem
718 535 998 583 deseruisse
1023 541 1195 582 ratem.

134 612 300 677 Turpe
325 613 468 677 sequi
494 629 681 668 casum,
710 619 761 660 et
784 611 992 659 fortunae
1017 611 1212 667 cedere,
1240 611 1453 658 amicum

202 690 283 746 Et,
310 690 405 738 nisi
431 691 494 738 sit
517 690 652 746 felix,
680 706 791 737 esse
816 705 998 752 negare
1024 705 1185 735 suum.

1455 690 1518 734 24

136 767 250 814 Non
298 767 367 815 ita
401 767 631 814 vixerunt
681 766 914 830 Strophio
957 772 1108 828 atque
1146 763 1521 827 Agamemnone

202 843 317 891 Non
342 845 448 891 haec
474 843 663 906 AEgidae
686 842 997 905 Pirithoique
1022 841 1164 889 fides.

1364 842 1487 903 [nati
1507 859 1515 888 :

136 920 273 975 Quos
299 921 430 985 prior
456 929 533 968 est
556 920 747 975 mirata,
776 934 994 982 sequens
1019 918 1275 965 mirabitur
1300 926 1448 975 aetas;

202 997 262 1045 In
287 1014 496 1062 quorum
522 998 724 1062 plausus
751 1003 855 1043 tota
878 996 1073 1043 theatra
1097 1002 1290 1042 sonant.

133 1074 209 1122 Tu
235 1092 455 1140 quoque,
482 1092 571 1140 per
595 1076 773 1123 durum
799 1081 990 1121 servato
1015 1080 1216 1136 tempus
1242 1072 1416 1127 amico,

203 1153 398 1216 Dignus
424 1170 476 1200 es
502 1153 551 1200 in
575 1152 724 1200 tantis
750 1166 932 1198 nomen
957 1151 1140 1198 habere
1164 1149 1296 1196 viris.

1456 1153 1519 1195 30

136 1229 332 1293 Dignus
357 1247 410 1278 es
433 1249 442 1278 :
471 1237 522 1278 et
547 1229 782 1294 quoniam
807 1229 1007 1277 laudem
1033 1229 1217 1292 pietate
1243 1227 1462 1281 mereris,

203 1307 318 1355 Non
344 1308 436 1356 erit
459 1308 603 1355 officii
630 1308 788 1370 gratia
812 1307 963 1354 surda
985 1307 1074 1354 tui.

136 1385 301 1433 Crede
325 1385 461 1442 mihi,
489 1392 711 1433 nostrum
737 1385 777 1432 si
799 1401 897 1432 non
921 1383 1129 1431 mortale
1154 1382 1374 1429 futurum

201 1462 432 1519 Carmen,
459 1462 509 1510 in
534 1479 617 1511 ore
641 1462 873 1526 frequens
899 1461 1202 1526 posteritatis
1229 1459 1341 1507 eris.

137 1539 236 1587 Fac
260 1539 408 1587 modo
431 1555 724 1604 permaneas
749 1540 905 1603 lapso,
935 1538 1181 1594 Graecine‚
1208 1536 1398 1591 fidelis;
1457 1539 1520 1582 35

205 1617 366 1664 Duret
390 1624 441 1665 et
464 1617 514 1664 in
537 1618 712 1681 longas
737 1618 956 1681 impetus
983 1617 1075 1663 iste
1101 1631 1281 1662 moras.

139 1694 262 1748 Quae
286 1702 340 1742 tu
366 1710 520 1758 quum
546 1702 767 1758 praestes,
796 1710 930 1741 remo
964 1701 1131 1740 tamen
1160 1699 1271 1738 utor
1295 1690 1345 1737 in
1371 1706 1516 1738 aura:

205 1770 290 1818 Nil
315 1778 461 1819 nocet
485 1771 703 1819 admisso
729 1771 941 1819 subdere
966 1770 1129 1817 calcar
1153 1784 1301 1832 equo.

181 1916 234 1946 23.
257 1915 356 1956 Turpe
378 1919 458 1957 sequi
479 1917 605 1958 casum]
631 1916 796 1947 Distichon

139 1963 305 1996 Ovidianae
335 1976 423 1996 venae
454 1965 497 1996 nil
528 1965 633 1997 habet.
678 1966 795 1997 H131xs·

138 2013 188 2044 De
217 2025 298 2051 casu,
325 2014 472 2046 distincto
501 2025 520 2046 a
549 2016 698 2051 Fortuna,
725 2015 795 2046 vide

139 2062 379 2100 Quintilianum,
395 2064 538 2095 Declam.
552 2063 595 2095 iv.
612 2065 660 2095 13.

182 2113 235 2143 25.
252 2113 321 2144 Nou
336 2115 380 2144 ita
394 2113 562 2154 viserunt]
589 2113 662 2144 Non
681 2113 725 2143 ita
748 2124 795 2144 se-

140 2161 204 2192 cuti
226 2167 298 2192 sunt
314 2172 430 2198 casum,
446 2161 616 2193 deserendo
635 2173 668 2192 se
685 2162 716 2192 in
741 2162 795 2192 ad-

141 2209 248 2241 versis.
286 2210 363 2240 Nati
383 2211 521 2250 Strophio
536 2217 624 2251 atque
640 2212 796 2252 Agamem-

140 2270 227 2290 none.
249 2259 403 2301 Pyladem
417 2265 449 2290 et
464 2260 605 2291 Orestem
621 2259 754 2301 optimos
769 2265 800 2291 et

141 2319 227 2340 caros
246 2307 362 2339 amicos
377 2308 538 2350 designat:
564 2308 623 2340 fuit
635 2309 717 2340 enim
736 2310 799 2351 Py-

142 2357 229 2388 lades
244 2357 378 2400 Strophii
392 2358 565 2389 Phocensis
579 2358 672 2389 filius.

184 2407 236 2438 26.
252 2408 397 2449 AEgidae.]
422 2407 544 2444 Thesei,
566 2407 620 2449 qui
643 2407 724 2438 filius
745 2407 802 2438 fuit

144 2456 248 2497 AEgei,
265 2462 296 2487 et
312 2456 442 2486 Pirithoi
457 2456 675 2487 amicissimus.

186 2506 239 2536 28.
249 2505 288 2536 In
302 2517 426 2546 quorum
439 2506 591 2546 plausus]
618 2506 657 2536 In
669 2516 799 2547 quorum

144 2554 286 2585 laetitiam
302 2559 333 2584 et
350 2554 479 2585 favores.
527 2555 600 2585 Tota
623 2555 739 2585 theatra
758 2565 800 2584 so·

145 2609 231 2634 nant.
253 2603 332 2634 Tota
346 2603 468 2634 theatra
479 2609 635 2639 resonant,
651 2614 748 2645 quum
763 2601 802 2632 de

145 2651 207 2681 illis
221 2651 382 2692 tragoediae
399 2652 575 2693 compositae
588 2652 768 2683 recitantur.

189 2701 241 2730 32.
259 2701 328 2731 Non
345 2703 402 2731 erit
417 2701 537 2741 surda]
557 2700 717 2742 Intelliget
732 2710 800 2742 gra-

145 2749 309 2781 titudinem
323 2760 436 2787 meam,
451 2756 504 2782 aut
515 2750 671 2791 intelliget
686 2761 718 2780 se
734 2750 802 2780 lau-

864 1915 930 1946 dari
954 1925 972 1945 a
996 1925 1063 1952 me;
1078 1914 1128 1945 vel
1153 1923 1215 1944 non
1235 1912 1347 1944 frustra
1369 1912 1524 1942 officiosus

865 1965 896 1996 in
911 1975 961 1995 me
977 1964 1047 1995 eris.

908 2015 960 2045 35.
982 2013 1078 2053 Lapso
1102 2012 1239 2043 Graecine
1249 2010 1382 2052 fidelia]
1409 2009 1524 2039 Melio-

864 2073 911 2094 res
927 2064 1011 2093 lasso.
1034 2063 1150 2093 Hssms.
1177 2060 1283 2092 Nostri
1300 2061 1396 2099 lapso.-
1412 2060 1503 2089 bene.

906 2114 958 2144 36.
982 2112 1042 2143 Iste
1066 2111 1220 2151 impetus]
1248 2110 1312 2141 Iste
1335 2109 1424 2140 ardor
1450 2107 1523 2138 mihi

863 2162 1000 2193 favendi.
1045 2161 1083 2191 In
1101 2162 1202 2202 longas
1219 2170 1322 2190 moras.
1345 2159 1383 2189 In
1396 2159 1523 2198 longum

863 2218 996 2253 tempuS.

909 2261 960 2291 37.
978 2260 1070 2290 Remo
1085 2265 1183 2289 tamen
1196 2264 1269 2288 utar
1285 2260 1315 2288 in
1332 2255 1437 2295 αιιι·α.]
1463 2254 1510 2283 Ta

866 2319 937 2340 men
954 2314 1006 2339 tuo
1018 2307 1133 2339 auxilio
1147 2313 1178 2337 et
1190 2305 1286 2337 favori
1301 2304 1414 2335 addam
1431 2302 1525 2333 etiam

867 2368 975 2400 preces
989 2362 1020 2388 et
1033 2355 1260 2387 exhortationes
1274 2364 1369 2385 meas.

911 2409 965 2438 38.
983 2404 1251 2445 Alterum—equo]
1264 2404 1426 2444 Argentor.
1439 2407 1473 2432 ut
1485 2400 1524 2430 de

865 2455 954 2497 equis
983 2454 1158 2485 desultoriis
1186 2459 1270 2494 agat,
1294 2451 1377 2493 quod
1405 2450 1526 2492 copiose

867 2505 1002 2535 illustrat
1026 2503 1186 2534 Heinsius.
1231 2501 1292 2532 Sed
1318 2501 1397 2531 bene
1420 2499 1528 2529 defen-

868 2553 914 2583 dit
936 2554 1043 2584 Burm.
1065 2557 1099 2582 ut
1117 2551 1211 2588 enim,
1232 2551 1286 2586 ait,
1307 2554 1399 2579 vento
1418 2547 1526 2578 serenti

870 2602 1013 2633 addimus
1029 2611 1159 2636 remum,
1173 2600 1217 2630 sic
1235 2599 1277 2629 nil
1294 2603 1386 2628 nocet
1402 2607 1527 2627 curren-

869 2658 931 2682 tem
958 2657 990 2681 εἰ
1014 2650 1182 2681 admissum
1212 2658 1327 2690 equum
1354 2645 1528 2676 calcaribus

867 2700 1039 2731 stimulare.
1092 2699 1123 2729 N
1126 2709 1161 2729 ec
1192 2696 1363 2728 desultores
1391 2693 1529 2725 calcaria

869 2749 1044 2786 addebant3
1068 2747 1124 2778 sed
1144 2746 1235 2778 nudis
1249 2744 1337 2786 equis
1352 2742 1528 2774 insistentes

1000 2798 1026 2827 E
1043 2809 1059 2827 E
1076 2798 1094 2827 3
