1760 3172
221 167 307 207 460

621 165 671 205 Ρ.
706 164 918 206 OVIDII
953 162 1232 205 NASONIS

225 281 359 328 Dum
385 281 578 337 domus,
606 287 656 327 et
680 280 800 337 nati,
827 280 946 327 dum
970 285 1128 326 mater
1148 278 1284 326 Livia
1309 278 1521 341 gaudet;

294 358 426 404 Dum
453 358 658 420 gaudes,
687 357 858 421 patriae
886 372 1063 418 magne
1088 355 1331 418 ducisque
1358 363 1525 418 pater;

227 435 359 481 Dum
386 435 474 481 tibi
502 441 723 496 gratatur
749 434 979 497 populus,
1008 441 1265 495 totamque
1292 448 1379 496 per
1405 433 1576 479 urbem

295 512 471 559 Omnis
497 511 716 558 odoratis
744 511 941 573 ignibus
967 526 1050 557 ara
1074 506 1232 565 calet;
1548 512 1612 555 90

228 589 360 636 Dum
382 589 552 636 faciles
579 588 740 635 aditus
767 588 957 651 praebet
983 587 1263 634 venerabile
1289 586 1561 649 templum3

295 666 607 730 Sperandum
633 672 827 711 nostras
854 680 998 727 posse
1026 664 1186 711 valere
1212 680 1402 727 preces.

229 743 400 802 Dixit3
431 750 481 790 et
505 750 588 790 aut
613 743 695 790 ille
722 749 799 789 est
823 750 998 790 tenues
1024 743 1247 806 dilapsus
1273 742 1322 788 in
1348 757 1507 796 auras,

296 821 570 884 Coeperunt
592 836 769 867 sensus
795 827 881 866 aut
904 819 1107 882 vigilare
1132 819 1245 865 mei.

231 898 284 945 Si
310 898 553 953 dubitem,
582 897 703 961 quin
727 897 803 943 his
829 896 1009 952 faveas,
1037 912 1065 942 o
1092 895 1332 951 Maxime,
1360 893 1524 950 dictis,
1551 897 1613 941 95

297 974 586 1022 Memnonio
611 990 796 1038 cycnos
822 991 933 1022 esse
958 974 1122 1021 colore
1147 980 1336 1037 putem.

233 1052 335 1100 Sed
360 1068 523 1116 neque
549 1060 768 1099 mutatur
791 1052 931 1114 nigra
954 1052 1064 1115 pice
1090 1053 1281 1098 lacteus
1307 1051 1510 1107 humor3

296 1128 423 1185 Nec,
452 1129 587 1192 quod
613 1137 717 1176 erat
742 1130 977 1185 candens,
1004 1129 1060 1175 fit
1084 1128 1412 1183 terebinthus,
1440 1127 1578 1174 ebur.

232 1206 546 1254 Conveniens
573 1207 736 1254 animo
761 1223 918 1269 genus
944 1214 1022 1254 est
1046 1206 1165 1263 tibi;
1207 1205 1373 1253 nobile
1399 1220 1615 1267 namque

298 1284 483 1332 Pectus
509 1291 558 1331 et
584 1283 844 1332 Herculeae
871 1284 1205 1348 simplicitatis
1230 1283 1401 1330 habes.

1524 1285 1616 1328 100

231 1362 390 1418 Livor,
418 1363 548 1410 iners
568 1363 756 1419 vitium,
784 1380 944 1411 mores
969 1380 1068 1410 non
1092 1362 1197 1410 exit
1221 1362 1271 1407 in
1295 1361 1436 1416 altos,

298 1439 469 1504 thue
493 1441 655 1488 latens
680 1443 780 1489 ima
802 1442 971 1505 vipera
994 1440 1151 1504 serpit
1172 1440 1340 1486 humo.

232 1516 379 1564 Mens
404 1524 491 1564 tua
515 1518 739 1565 sublimis
766 1535 916 1582 supra
940 1534 1096 1582 genus
1121 1517 1305 1564 eminet
1325 1515 1503 1579 ipsum,

300 1594 550 1642 Grandius
577 1595 774 1658 ingenio
800 1613 890 1643 nec
916 1596 1006 1643 tibi
1033 1610 1212 1642 nomen
1236 1593 1380 1640 inest.

276 1777 327 1807 87.
345 1777 385 1807 Et
402 1777 495 1818 nam]
522 1778 564 1807 Et
580 1777 632 1807 filii
648 1778 794 1820 Augusti.
839 1778 891 1808 Ti-

231 1825 335 1856 berius
351 1825 472 1857 scilicet
486 1832 518 1856 et
533 1826 656 1868 reliqui.

277 1875 328 1905 88.
357 1875 470 1917 lllagne
497 1882 583 1915 patei·
611 1876 745 1916 patrica]
780 1875 890 1917 Augu-

231 1929 313 1953 stum
330 1923 469 1960 denotat,
486 1925 540 1966 qui
562 1932 650 1966 pater
667 1925 774 1967 patriae
791 1924 893 1956 dictus

232 1978 289 2003 est.
323 1974 483 2014 Ducisque.
508 1975 549 2004 Et
564 1974 757 2017 imperatoris
773 1975 825 2016 qui
840 1976 891 2006 tri-

232 2021 415 2064 umphabit:
440 2023 599 2054 Tiberium
616 2030 721 2055 autern
738 2024 892 2065 designat.

276 2073 328 2102 89.
357 2073 439 2103 Dum
475 2074 528 2103 sibi
562 2080 709 2115 gratatur
735 2075 889 2115 populus]

236 2121 300 2151 Tibi
318 2121 433 2152 rectius
449 2122 598 2163 quidam3
622 2130 670 2154 est
689 2124 772 2154 enim
793 2135 893 2155 sermo

233 2170 272 2201 ad
288 2170 479 2211 Augustum.
517 2172 635 2203 Hnrxs.

275 2221 327 2250 90.
347 2220 486 2251 Odor-atis
502 2221 646 2262 ignibus]
666 2221 798 2263 Ignibus
814 2221 889 2253 turi-

233 2280 353 2300 cremis.

274 2320 329 2350 96.
358 2320 528 2350 Memnonio
548 2320 671 2361 colora]
707 2320 819 2351 Colore
844 2320 890 2351 ni-

231 2378 297 2408 gro,
326 2368 411 2408 quali
440 2368 499 2398 fuit
522 2369 685 2405 Memnon,
716 2380 809 2411 quem
838 2369 890 2399 Ti-

232 2417 355 2453 thonus,
385 2418 605 2449 Laomedontis
634 2419 726 2454 filius,
756 2419 788 2449 in
815 2418 891 2449 Asia

233 2465 385 2497 orientem
400 2478 505 2497 versus
529 2478 626 2508 usque
648 2467 679 2498 in
696 2468 890 2510 Aithiopiam

232 2515 381 2551 militans,
397 2515 510 2546 dicitur
526 2517 668 2557 genuisse
684 2528 721 2548 ex
735 2517 811 2547 Ida:
837 2517 889 2559 qui

233 2575 328 2605 quum
343 2565 483 2606 Trojanis
499 2565 676 2607 praesidium
691 2567 822 2603 tulisset,
834 2579 888 2609 po-

232 2619 299 2643 stea
314 2615 352 2644 ab
366 2614 491 2645 Achille
508 2621 553 2645 est
569 2615 760 2647 interfectus.

278 2664 329 2692 98.
344 2664 482 2694 (audens
496 2665 594 2704 ebion]
611 2665 788 2697 Candidum
804 2667 890 2696 ebur.

963 1778 1169 1808 Terebinthns.
1200 1777 1300 1807 Arbor
1315 1782 1372 1813 est,
1388 1787 1457 1818 quae
1478 1776 1510 1806 in
1529 1776 1618 1818 Syria

960 1827 1116 1865 nascitur3
1132 1828 1198 1868 ejus
1211 1826 1355 1857 materies
1371 1825 1537 1857 admodum
1551 1827 1617 1857 len-

959 1882 993 1907 ta
1008 1882 1064 1911 est,
1081 1887 1116 1907 ac
1133 1875 1233 1906 fidelis
1250 1875 1289 1906 ad
1301 1881 1499 1911 vetustatem,
1513 1875 1618 1906 eximii

960 1937 996 1957 ac
1017 1926 1096 1967 nigri
1120 1924 1304 1967 splendoris,
1320 1931 1354 1955 ut
1375 1925 1466 1956 docet
1488 1925 1620 1961 Plinius,

959 1975 1013 2006 lib.
1029 1975 1096 2005 xiii.
1113 1975 1133 2005 6
1148 1975 1197 2005 vel
1217 1976 1266 2005 12.

1007 2026 1076 2054 100.
1092 2024 1276 2063 Herculem]
1296 2023 1365 2054 li.e.
1382 2022 1537 2064 ingenuae.
1566 2024 1620 2055 In-

960 2073 1083 2114 geniose
1104 2079 1209 2104 autem
1230 2072 1384 2108 adulatur,
1401 2078 1435 2102 ut
1451 2072 1495 2103 ait
1509 2075 1618 2105 Burm.

962 2122 1077 2159 Fabiis,
1100 2122 1154 2164 qui
1176 2133 1276 2163 genus
1299 2123 1338 2152 ab
1359 2122 1494 2152 Hercule
1517 2123 1619 2154 trahe-

962 2172 1054 2202 bant:
1080 2172 1236 2213 praecipue
1252 2170 1398 2202 Herculis
1417 2171 1515 2213 injicit
1531 2183 1617 2203 men-

961 2220 1088 2257 tionem,
1103 2220 1176 2261 quia
1191 2221 1258 2262 ejus
1277 2231 1343 2251 mos
1358 2220 1425 2256 fuit,
1441 2221 1536 2252 etiarn
1558 2233 1619 2253 non

959 2276 1098 2310 rogatum
1136 2270 1298 2301 subvenire
1327 2270 1551 2308 laborantibus,
1584 2277 1619 2302 ut

959 2318 1083 2350 Servius
1099 2319 1138 2350 ad
1155 2320 1241 2360 Virg.
1258 2319 1323 2350 viii.
1340 2321 1415 2350 iEn.
1431 2321 1504 2351 564.
1520 2326 1618 2358 notat,

959 2379 1020 2409 quo
1036 2368 1097 2398 duo
1116 2368 1226 2399 ultima
1243 2368 1334 2410 liujus
1349 2369 1466 2410 Elegia}
1483 2369 1618 2401 disticha

959 2417 1084 2448 reseras.
1122 2419 1270 2448 nimus.

1004 2467 1074 2497 101.
1094 2469 1185 2498 Limn-
1201 2469 1278 2497 iners
1293 2467 1427 2507 vitium]

1000 2514 1036 2547 ‘O
1053 2516 1172 2557 φθόνος
1189 2516 1255 2547 ἐστὶ
1276 2515 1440 2553 κάκιστον,
1460 2517 1523 2558 ἔχει
1542 2516 1573 2548 δέ
1589 2530 1618 2549 τι

1045 2566 1147 2596 καλὸν
1163 2565 1197 2597 ἐν
1213 2565 1318 2606 αὐτῷ.

1003 2613 1099 2652 Τι’]κει
1130 2615 1189 2655 γὰρ
1217 2614 1382 2655 φθονερῶν
1407 2614 1537 2656 ὄμματα
1565 2615 1617 2645 καὶ

1045 2663 1190 2705 κραδίην.
