1760 3172
415 152 726 195 TRISTIUM
759 152 879 193 LIB.
913 151 968 192 V.
1002 151 1183 192 ELEG.
1216 151 1326 193 VII.

1492 153 1578 195 329

183 268 351 322 Quum
376 269 505 315 bene
530 267 723 322 devovi,
751 282 947 329 nequeo
972 272 1140 313 tamen
1166 282 1277 314 esse
1304 267 1410 315 sine
1436 267 1550 323 illis,

248 344 656 407 Vulneribusque
681 343 804 390 meis
830 343 931 389 tela
955 349 1162 389 cruenta
1186 359 1383 405 sequor.

182 420 408 484 Quaeque
423 421 572 468 modo
584 419 823 467 Euboicis
839 420 1057 466 lacerata
1072 427 1149 466 est
1159 420 1411 475 fluctibus,
1426 422 1577 468 audet

248 498 401 545 Graia
426 498 741 562 Caphaream
767 513 962 544 currere
989 496 1172 560 puppis
1199 513 1399 559 aquam.
1511 501 1573 545 36

183 575 292 623 Nec
317 582 487 624 tamen
508 583 563 623 ut
580 575 753 622 lauder
772 574 939 636 vigilo,
967 590 1240 636 curamque
1266 574 1418 620 futuri

247 651 495 708 Nominis,
515 652 686 699 utilius
713 651 850 714 quod
874 650 1118 706 latuisset,
1146 666 1256 712 ago.

182 727 397 776 Detineo
424 728 603 776 studiis
630 729 866 783 animum,
894 728 1114 790 falloque
1139 727 1364 785 dolores;

249 804 495 869 Experior
519 805 651 852 curis
677 813 727 853 et
751 806 867 852 dare
892 806 1045 852 verba
1068 805 1209 852 meis.
1513 808 1577 852 40

182 871 316 936 'Quid
340 883 505 946 potius
531 882 708 930 faciam
735 883 852 930 solis
878 883 1107 930 desertus
1133 883 1183 929 in
1208 881 1323 937 oris,

248 959 473 1014 Quamve
498 956 641 1007 malis
668 961 816 1007 aliam
843 976 1066 1023 quaerere
1088 975 1238 1006 coner
1263 960 1444 1021 opem?

183 1036 298 1084 Sive
323 1038 488 1084 locum
514 1044 714 1100 specto3
756 1038 894 1084 locus
920 1044 999 1084 est
1020 1036 1318 1091 inamabilis,
1345 1043 1394 1082 et
1420 1052 1519 1098 quo

250 1113 378 1162 Esse
402 1115 525 1161 nihil
550 1122 657 1161 toto
683 1114 874 1161 tristius
902 1114 1021 1161 orbe
1048 1120 1245 1176 potest:

184 1191 300 1239 Sive
322 1192 548 1240 homines
567 1211 578 1249 3
611 1192 694 1238 vix
715 1199 831 1238 sunt
851 1191 1078 1238 homines
1096 1191 1190 1237 hoc
1208 1189 1406 1236 nomine
1423 1189 1575 1251 digni,

249 1267 516 1332 Quamque
542 1269 662 1332 lupi,
690 1285 833 1315 saevae
860 1269 973 1332 plus
998 1268 1208 1314 feritatis
1236 1267 1450 1314 habent:
1514 1269 1576 1312 46

182 1344 298 1392 Non
323 1352 553 1393 metuunt
576 1346 742 1408 leges;
787 1345 875 1392 sed
902 1344 1037 1391 cedit
1060 1344 1245 1390 viribus
1273 1359 1502 1406 aequum3

247 1421 496 1486 Victaque
523 1421 737 1486 pugnaci
757 1423 871 1484 jura
895 1421 987 1467 sub
1014 1436 1133 1467 ense
1154 1421 1343 1482 jacent.

181 1499 424 1555 Pellibus,
452 1507 503 1548 et
526 1499 652 1546 laxis
679 1505 850 1545 arcent
875 1497 1006 1544 male
1031 1496 1214 1559 frigora
1234 1496 1457 1553 braccis3

249 1575 454 1639 Oraque
480 1583 596 1623 sunt
619 1575 779 1638 longis
806 1575 1004 1622 horrida
1027 1580 1163 1621 tecta
1187 1574 1361 1620 comis.
1509 1576 1572 1620 50

181 1651 241 1700 In
267 1652 441 1716 paucis
467 1660 728 1700 remanent
754 1652 919 1699 Graiae
944 1651 1156 1713 vestigia
1180 1651 1390 1713 linguae:

248 1729 373 1777 Haec
399 1747 600 1794 quoque
620 1732 724 1793 jam
753 1730 934 1778 Getico
961 1729 1172 1777 barbara
1196 1728 1330 1776 facta
1353 1744 1490 1775 sono.

224 1959 279 1989 34.
306 1957 544 1998 Vulneribusque
564 1958 662 1998 meis]
696 1959 775 1999 Ego,
793 1969 845 1988 ac·

179 2008 280 2051 ceptis
308 2007 502 2043 vulneribus,
535 2008 738 2039 nihilominus
774 2008 845 2039 telis

179 2056 331 2098 sanguine
351 2066 421 2087 11160
443 2063 515 2087 ante
535 2057 704 2088 cruentatis
723 2068 773 2087 me
789 2058 843 2087 ob-

174 2106 252 2149 jicio
281 2111 313 2137 et
341 2106 446 2142 offero,
472 2106 547 2137 dum
573 2117 680 2137 versus
708 2106 842 2137 scribere

180 2166 241 2186 non
257 2155 384 2186 desisto.
415 2155 522 2186 Poxr.

222 2205 275 2235 35.
292 2203 452 2235 Fluctibus
468 2204 635 2244 Euboicis.]
663 2203 764 2234 Undis
779 2214 843 2234 ma-

178 2253 221 2284 ris
246 2251 362 2294 AEgaei‚
392 2252 476 2294 quod
505 2252 680 2283 Euboicam
708 2252 843 2283 insulam

180 2302 281 2335 alluit.

222 2352 276 2383 36.
295 2351 482 2391 Caphar-eam
495 2350 632 2390 aquam]
645 2349 749 2391 ‘Aqua
762 2350 843 2391 ejus-

180 2401 254 2432 dem
273 2400 368 2431 maris
381 2398 495 2440 AEgaei.
534 2398 633 2436 Quasi
650 2398 752 2429 dicat:
774 2398 842 2429 Au-

179 2450 234 2481 det
248 2450 360 2480 iterum
375 2449 522 2490 navigare
536 2459 592 2490 per
605 2448 683 2478 illud
699 2458 795 2484 mare,
811 2447 843 2477 in

180 2509 243 2540 quo
258 2497 354 2529 semel
366 2497 565 2538 naufragium
582 2496 666 2527 fecit.
703 2497 760 2527 Est
772 2507 843 2527 vero

183 2548 356 2587 Caphar-eus
368 2557 456 2577 mons
466 2546 616 2577 Euboicae
632 2545 752 2581 insulae‚
766 2546 842 2576 Hel-

179 2596 357 2638 lespontum
364 2605 480 2626 versus.
491 2594 626 2625 Adludit
636 2600 741 2625 autem
750 2599 844 2635 poeta

181 2646 221 2677 ad
233 2645 430 2686 naufragium
440 2642 530 2679 illud,
539 2643 622 2685 quod
631 2643 842 2683 Graeci,Tr0ja

913 1957 1092 1992 redeuutes,
1109 1956 1192 1986 circa
1209 1954 1409 1997 Caphareum
1427 1955 1579 1990 fecerunt,

913 2006 1084 2036 insultante
1108 2005 1170 2035 illis
1193 2004 1344 2046 Nauplio,
1372 2010 1496 2046 propter
1517 2015 1578 2034 cze-

913 2055 984 2085 dem
997 2053 1189 2085 Palamedis.
1227 2054 1319 2083 Mna.

956 2104 1008 2133 47.
1032 2103 1088 2133 Sed
1105 2104 1182 2133 cedit
1201 2103 1310 2132 viribus
1328 2101 1473 2142 ιεφιιιηι]
1499 2102 1581 2131 Nul-

913 2153 977 2183 lum
990 2153 1042 2194 jus
1058 2151 1152 2183 armis
1173 2157 1219 2182 est
1239 2151 1398 2192 potentius
1414 2162 1420 2187 3
1446 2157 1478 2181 et
1494 2152 1578 2192 quis—

913 2202 983 2243 quis
1002 2201 1119 2232 viribus
1139 2206 1276 2242 praestat,
1296 2202 1323 2231 is
1345 2200 1481 2240 aequiora
1499 2210 1579 2230 sem-

912 2262 967 2292 per
996 2256 1027 2281 et
1056 2251 1158 2281 facere
1184 2255 1216 2280 et
1241 2248 1346 2279 dicere
1373 2249 1580 2280 existimatur.

914 2300 1020 2330 PoxT.

956 2349 1008 2379 49.
1034 2346 1199 2387 Pellibus]
1228 2344 1435 2375 Rhenonibus
1446 2351 1476 2375 et
1489 2346 1579 2376 brac-

913 2396 977 2427 cis:
1005 2397 1161 2427 Caeterum
1182 2406 1219 2425 ex
1239 2395 1307 2425 loco
1329 2394 1450 2425 notabis
1468 2395 1578 2430 obiter,

912 2456 974 2476 non
993 2445 1092 2476 solum
1108 2444 1317 2485 subligacula,
1333 2454 1402 2484 quae
1423 2443 1580 2485 ὰναξυρέ-

911 2493 971 2532 δας
986 2505 1086 2535 graece
1103 2499 1228 2529 vocant,
1244 2494 1374 2523 braccas
1390 2492 1464 2528 dici,
1477 2493 1532 2523 sed
1548 2499 1580 2524 et

912 2543 1046 2574 laxiores
1063 2548 1178 2579 vestes,
1200 2542 1437 2582 longioresque:
1464 2541 1579 2572 talibus

912 2592 995 2622 6111111
1026 2591 1139 2632 frigora
1168 2591 1265 2621 arceri
1297 2590 1409 2625 solent,
1439 2600 1501 2620 non
1529 2590 1576 2626 iis,

912 2651 991 2681 quas
1008 2640 1128 2682 proprie
1144 2641 1274 2670 braccas
1287 2638 1349 2669 diei
1364 2638 1483 2669 volunt.
