1760 3172
228 182 312 222 414
615 179 665 219 Ρ.
701 177 917 219 OVIDII
955 176 1233 218 NASONIS

637 351 677 397 E
697 350 779 397 ΡΙ
802 350 834 397 S
853 349 894 396 T
913 349 956 395 O
977 349 1069 396 LA
1126 348 1220 394 IV.

806 471 1051 513 ATTICO.

234 606 443 653 Aecum-2
471 601 774 665 colloquium
800 600 965 662 gelido
992 599 1208 647 Nasonis
1235 600 1297 647 ab
1326 599 1469 655 Istro,

300 681 481 735 Attice,
503 678 692 742 judicio
716 693 814 724 non
840 676 1117 724 dubitande
1143 692 1270 724 meo.

238 757 432 821 Ecquid
458 757 619 804 adhuc
645 771 870 802 remanes
897 771 1084 802 memor
1109 754 1316 801 infelicis
1343 754 1521 802 amici?

304 834 504 882 Deserit
524 849 586 880 an
611 840 778 896 partes
804 832 1040 894 languida
1063 846 1183 878 cura
1207 831 1355 878 suas?

239 913 352 960 Non
378 913 448 959 ita
473 911 537 957 Di
562 911 728 957 tristes
752 910 871 956 mihi
899 917 1030 965 sunt,
1054 917 1109 956 ut
1134 909 1337 956 credere
1362 908 1566 973 possim,
1594 911 1623 955 5

303 988 500 1051 Fasque
525 994 697 1051 putem
716 988 822 1050 jam
847 994 896 1034 te
922 1003 1019 1033 non
1043 986 1328 1034 meminisse
1353 986 1465 1033 mei.

238 1066 370 1113 Ante
395 1081 531 1112 meos
556 1064 726 1111 oculos
751 1071 838 1111 tua
861 1071 974 1119 stat,
1002 1070 1089 1110 tua
1114 1079 1310 1127 semper
1335 1063 1497 1125 imago
1523 1070 1620 1119 est;

305 1143 371 1190 Et
389 1142 558 1189 videor
580 1142 745 1189 vultus
770 1149 938 1188 mente
962 1141 1128 1189 videre
1152 1148 1281 1188 tuos.

241 1221 381 1267 Seria
404 1219 561 1266 multa
584 1218 703 1264 mihi
727 1226 893 1266 tecum
919 1218 1098 1265 collata
1121 1217 1378 1274 recordor3

306 1296 414 1345 Nec
441 1297 557 1343 data
574 1295 812 1358 jucundis
837 1302 1062 1358 tempora
1085 1310 1246 1358 pauca
1264 1295 1408 1358 jocis.
1566 1297 1624 1340 lO

240 1375 387 1438 Saepe
411 1373 522 1420 citae
547 1372 707 1434 longis
732 1372 849 1419 visae
875 1371 1187 1419 sermonibus
1212 1372 1372 1426 horae3

307 1452 452 1515 Saepe
476 1450 569 1497 fuit
592 1450 799 1507 brevior,
830 1465 980 1513 quam
1006 1465 1117 1496 mea
1139 1450 1304 1505 verba,
1332 1448 1455 1496 dies.

242 1530 387 1592 Saepe
408 1536 518 1575 tuas
544 1527 730 1575 sactum
754 1527 889 1575 venit
913 1528 1060 1575 modo
1086 1543 1285 1574 carmen
1311 1526 1372 1573 ad
1398 1542 1557 1583 aures,

307 1606 373 1653 Et
396 1622 523 1653 nova
539 1605 730 1668 judicio
757 1605 957 1652 subdita
983 1603 1133 1652 Musa
1155 1611 1241 1650 tuo
1267 1610 1360 1651 est.

241 1683 388 1739 Quod
413 1690 468 1730 tu
494 1683 737 1738 laudaras,
755 1682 939 1746 populo
964 1680 1212 1745 placuisse
1232 1680 1494 1744 putabam:
1570 1683 1626 1726 15

308 1759 418 1808 Hoc
443 1760 658 1824 pretium
685 1775 814 1806 curae
839 1759 986 1806 dulce
1011 1757 1223 1805 recentis
1249 1765 1369 1805 erat.

243 1837 417 1901 thue
442 1854 581 1884 meus
607 1837 725 1884 lima
748 1852 887 1883 rasus
912 1836 1036 1883 liber
1061 1841 1196 1882 esset
1221 1834 1382 1890 amici,

310 1915 424 1962 Non
450 1915 604 1962 semel
627 1913 881 1961 admonitu
905 1913 1038 1961 facta
1061 1913 1209 1960 litura
1235 1919 1319 1959 tuo
1346 1919 1438 1959 est.

244 1991 350 2039 Nos
374 1991 478 2039 fora
500 1992 729 2039 viderunt
754 1992 952 2055 pariter,
980 2007 1070 2038 nos
1095 1990 1316 2054 porticus
1342 1988 1518 2045 omnis,

312 2068 418 2116 Nos
442 2069 536 2125 via,
565 2084 654 2115 nos
674 2067 864 2131 junctis
889 2084 1039 2116 curva
1062 2067 1255 2114 theatra
1278 2066 1416 2113 locis.
1564 2069 1628 2112 20

285 2192 316 2221 4.
342 2193 392 2222 Αη
414 2202 489 2222 cura
518 2190 692 2232 languida]
728 2190 780 2221 An
806 2190 902 2220 Amor
1014 2191 1065 2220 17.
1088 2190 1176 2220 Lima
1191 2189 1305 2230 amici]
1329 2188 1398 2219 Tua
1420 2195 1451 2220 et
1467 2187 1559 2219 amici
1574 2188 1629 2219 ho-

241 2240 422 2271 debilitatus
458 2240 551 2282 longo
587 2242 746 2281 tempore?
784 2241 902 2271 Deserit
970 2239 1062 2270 minis
1077 2239 1281 2281 castigatione
1297 2249 1333 2269 ac
1345 2237 1475 2280 judicio.

241 2301 310 2320 suus
321 2296 430 2330 partes.
475 2290 573 2320 Suum
588 2290 733 2320 officium.
778 2289 871 2320 Men.
1017 2289 1065 2320 18.
1096 2289 1208 2319 Litura
1237 2300 1295 2318 non
1324 2289 1409 2319 semel
1438 2294 1480 2318 est
1506 2287 1628 2329 factm]

288 2339 338 2369 16.
365 2339 439 2369 Erat
455 2339 562 2379 curan]
589 2339 673 2369 Nam
689 2337 721 2368 in
733 2348 769 2369 eo
781 2338 903 2369 labora·
971 2339 1042 2369 Non
1065 2338 1172 2374 semel,
1188 2337 1242 2369 sed
1268 2337 1381 2379 saepius
1401 2338 1538 2379 expunxi
1559 2347 1628 2379 quae

241 2388 309 2424 bas,
335 2393 370 2418 ut
399 2393 541 2429 putarem
566 2398 637 2418 mea
665 2385 804 2418 carmina
829 2397 847 2417 a
873 2393 902 2417 te
971 2393 1004 2418 tu
1021 2397 1082 2418 non
1096 2387 1261 2428 probabas.

243 2437 410 2468 emendata
424 2437 538 2479 populo
554 2437 690 2478 placere,
707 2442 739 2466 et
754 2441 841 2467 tuum
850 2436 902 2477 ju·
1017 2437 1066 2467 19.
1092 2435 1153 2466 Nos
1157 2435 1233 2478 fora
1248 2436 1387 2466 viderunt
1398 2434 1541 2475 pariter]
1566 2434 1632 2465 Nos

244 2486 361 2516 dicium
383 2486 461 2517 tanti
486 2487 599 2521 facere,
623 2488 731 2527 quanti
753 2484 906 2527 judicium
974 2485 1083 2516 eodem
1095 2490 1233 2526 tempore
1248 2485 1280 2515 in
1294 2483 1392 2515 forum
1404 2483 1632 2519 descendimus,

243 2535 337 2566 totius
347 2535 463 2578 populi.
483 2537 575 2566 Mna.
606 2535 807 2575 Hocpretium
818 2545 906 2565 curoe.
974 2534 1164 2576 auspicaturi
1179 2544 1289 2565 causas
1304 2534 1449 2564 forenses.
1484 2533 1633 2564 Solebant

246 2586 404 2615 Recentes
419 2585 541 2616 labores
556 2596 639 2615 meos
655 2585 687 2615 in
703 2584 904 2619 carminibus,
973 2584 1054 2615 enim
1071 2583 1296 2614 adolescentuli
1311 2582 1446 2613 Romani
1461 2587 1565 2624 togam
1581 2593 1632 2612 su-

246 2633 303 2664 hoc
321 2634 405 2664 dulci
426 2634 534 2676 pretio,
558 2633 778 2676 adprobatione
797 2632 904 2663 videli-
975 2642 1068 2667 mere,
1079 2637 1110 2661 et
1125 2633 1253 2663 barbam
1269 2642 1395 2674 ponere,
1408 2630 1631 2672 eloquentiam-

245 2689 294 2713 ciet
331 2690 394 2719 tua,
432 2685 670 2725 compensabam
709 2689 740 2713 et
773 2680 905 2714 solabar.
973 2692 1033 2723 que
1063 2681 1094 2711 in
1124 2681 1187 2712 soro
1224 2681 1388 2723 auspicari.
1435 2680 1631 2711 Dicebantur

248 2732 349 2762 Posi.
974 2730 1031 2772 ipsi
1058 2733 1223 2764 tirnr1es‚et
1252 2731 1306 2761 illa
1337 2730 1417 2761 actio
1445 2731 1628 2760 tirocinium.
