1760 3172
398 175 587 218 ARTIS
618 172 977 217 AMATORIAE
1010 172 1131 214 LIB.
1163 172 1257 214 ΙΙΙ.
1479 172 1535 212 51

132 291 181 340 N
186 308 242 341 ee
268 292 415 340 rubor
437 298 516 340 est
540 290 722 339 emisse
748 289 930 354 palam.
968 287 1136 335 venire
1160 287 1387 335 videmus

198 369 432 417 Herculis
457 375 575 416 ante
600 368 788 423 oeulos,
815 366 1212 429 Virgineumque
1236 365 1458 412 chorum.

130 446 265 502 Quid
284 446 347 494 de
367 452 508 494 veste
527 445 736 508 loquar?
763 461 855 492 nee
874 461 978 499 vos,
1003 450 1278 506 segmenta,
1300 440 1523 504 requir03

198 522 307 571 Nec
334 539 446 586 quae
472 523 548 569 bis
576 522 728 585 Tyrio
754 521 941 568 murice
967 522 1080 567 lana
1104 521 1268 567 rubes.

1434 521 1527 565 170

128 599 262 647 Cum
287 606 362 647 tot
387 598 664 663 prodierint
689 597 850 661 pretio
876 597 1057 659 leviore
1082 598 1296 653 colores3

194 676 318 731 Quis
343 676 477 724 furor
502 683 596 732 est,
627 692 809 723 census
835 691 1040 738 corpore
1066 674 1191 722 ferre
1217 673 1335 721 suo?

125 754 268 802 A'eris
293 771 412 803 ecee
433 755 585 810 color,
612 760 719 801 tum
745 769 858 800 cum
885 752 992 800 sine
1017 751 1233 798 nubibus
1260 751 1357 805 aer,

195 831 304 880 Neo
330 831 532 895 tepidus
559 830 753 895 pluvias
775 830 997 878 concitat
1021 829 1207 876 Auster
1231 843 1406 891 aquas.

126 907 261 957 Ecce
280 908 371 956 tibi
397 907 590 964 similis,
613 907 698 971 qui
725 906 979 970 quondam
999 906 1243 970 ‘Phryxon
1268 912 1319 952 et
1341 903 1526 951 Hellen

193 985 390 1034 Diceris
416 985 554 1033 Inois
581 985 825 1050 eripuisse
850 984 995 1032 dolis.

1432 983 1523 1028 176

128 1061 226 1110 Hie
243 1063 404 1110 undas
420 1062 663 1118 imitatus,
680 1062 834 1110 habet
849 1078 1050 1125 quoque
1069 1078 1250 1109 nomen
1272 1062 1334 1108 ab
1351 1058 1524 1108 undis:

192 1139 507 1188 Crediderim
534 1139 800 1204 Nymphas
826 1140 918 1187 hac
945 1156 1038 1202 ego
1062 1146 1202 1187 veste
1226 1137 1347 1200 tegi.

127 1216 221 1265 Ille
246 1234 446 1265 crocum
471 1217 695 1266 simulat:
737 1234 914 1265 croceo
930 1219 1131 1265 ⁴velatur
1153 1216 1356 1272 amictu,

191 1295 416 1343 Roscida
437 1294 669 1343 luciferos
694 1312 810 1343 oum
837 1296 948 1344 Dea
966 1295 1137 1360 jungit
1158 1311 1331 1358 equos.

169 1446 241 1478 168.
279 1447 425 1478 Herculis
453 1454 525 1478 ante
555 1448 663 1484 oculos,
694 1450 790 1489 virgi-

121 1507 268 1537 neumque
305 1497 456 1537 chorum]
497 1496 614 1528 AEdem
643 1497 791 1528 Herculis

124 1545 303 1587 Musagetae
328 1545 483 1587 intelligo,
508 1556 577 1587 quae
602 1546 643 1576 ad
662 1546 790 1577 Circum

122 1594 313 1625 Flaminium
331 1594 400 1631 fuit,
416 1604 436 1626 a
458 1595 506 1625 M.
522 1594 633 1626 Fulvio
656 1595 790 1637 primum

120 1643 259 1680 condita,
276 1649 385 1686 postea
409 1654 427 1675 a
444 1644 563 1675 Martio
579 1643 728 1687 Philippo
743 1644 789 1676 in-

119 1698 273 1724 staurata.
311 1693 440 1725 Mmu.
491 1692 557 1724 vid.
588 1694 675 1725 Suet.
704 1693 790 1736 Aug.

119 1743 176 1774 29.
200 1748 232 1774 et
248 1743 400 1774 Nostrum
415 1742 457 1774 vi.
480 1743 564 1774 Fast.
580 1744 656 1774 801.
674 1749 706 1775 et
723 1754 790 1786 seq.

119 1792 174 1823 Cl.
191 1793 372 1824 Massonius
401 1803 475 1823 vero
504 1792 537 1823 in
574 1793 639 1824 vita
668 1792 788 1824 Ovidii.

122 1847 170 1873 A0.
186 1854 218 1873 u.
233 1853 262 1874 c.
279 1854 446 1875 nchxvn.
466 1842 602 1874 ostendit
618 1854 679 1874 non
695 1842 790 1875 fuisse

119 1891 212 1923 illum
248 1892 431 1935 Philippum
465 1892 611 1924 vitricum
640 1892 789 1934 Augusti,

119 1941 174 1973 sed
191 1941 299 1978 alium,
316 1942 367 1972 cui
388 1941 514 1973 Marcia
536 1947 705 1973 matertera
721 1941 789 1973 Au-

117 1989 202 2032 gusti
213 1996 314 2033 nupta
328 1990 399 2022 fuit.
431 1991 583 2023 Heinsius
600 1991 789 2033 conjecerat,

121 2039 338 2081 Pieridumque
363 2041 499 2072 chorum.
525 2041 559 2072 in
582 2052 644 2072 uno
666 2041 789 2072 Heinsii

117 2095 198 2126 erat,
215 2091 444 2132 virgineumque
467 2097 570 2131 caput.
616 2091 788 2123 Beruensis

117 2145 151 2170 et
169 2139 345 2177 Palatinus,
363 2142 491 2172 thorum.
537 2141 656 2172 BunM.

164 2189 238 2220 169.
274 2189 344 2220 Non
358 2192 428 2230 jam
457 2196 608 2232 segmenta
633 2191 783 2232 o-equiw]

119 2235 278 2279 Segmenta
293 2238 421 2281 exponit
434 2239 571 2276 Merula,
587 2244 689 2270 vestes
712 2239 786 2270 sim-

117 2286 242 2328 pliciter
278 2298 399 2319 aureas·
443 2289 512 2330 Ego
543 2299 617 2320 vero
655 2289 786 2320 arbitror

116 2343 315 2378 segmentatas
329 2337 441 2375 dictas,
456 2348 526 2380 quae
542 2338 635 2370 hodie
652 2344 786 2380 praetex-

116 2390 158 2416 tae
183 2396 203 2417 a
228 2386 418 2428 quibusdam
445 2387 609 2418 dicuntur:
643 2387 702 2418 hoc
728 2393 785 2425 est,

117 2435 229 2472 serico,
255 2441 310 2467 aut
334 2436 428 2467 simili
449 2437 555 2479 aliquo
577 2448 681 2480 panno
702 2437 786 2469 circa

115 2493 184 2515 oras
206 2490 362 2527 praesutae.
409 2486 495 2516 Nam
517 2493 549 2517 et
570 2485 700 2517 monilia
720 2498 783 2529 seg-

116 2541 229 2571 menta,
254 2539 286 2566 et
308 2534 394 2577 apud
410 2535 561 2572 Plinium,
587 2535 697 2567 circuli
720 2547 784 2578 seg-

115 2590 217 2615 menta
226 2589 389 2620 vocantur,
399 2595 418 2615 a
431 2595 565 2626 quorum
577 2584 784 2618 similitudine

117 2631 213 2663 etiam
234 2632 300 2669 illa,
317 2633 436 2675 opinor,
452 2638 537 2665 recte
553 2639 716 2676 segmenta
730 2645 783 2666 vo-

115 2686 237 2718 cantur,
253 2688 327 2723 quae'
347 2681 381 2713 in
396 2682 550 2714 circulum
567 2683 627 2714 oris
650 2683 715 2715 sive
730 2694 783 2715 ex-

114 2730 326 2763 tremitatibus
351 2732 607 2764 vestimentorum
633 2732 706 2764 foris
734 2744 783 2765 as-

1432 1296 1524 1340 180

858 1453 1000 1480 suuntur.
1047 1449 1175 1478 Mrem„

904 1499 978 1530 175.
1006 1498 1083 1529 Ecce
1098 1499 1150 1528 tibi
1166 1498 1282 1533 similis,
1298 1498 1350 1536 qui
1375 1496 1524 1536 quondam

860 1547 995 1578 Phrixon
1011 1554 1039 1578 et
1055 1548 1166 1578 Hellen
1185 1547 1304 1576 Diceris
1320 1546 1402 1576 Inois
1418 1547 1522 1584 eripa-

857 1599 911 1628 isse
925 1598 1031 1638 dolis]
1060 1597 1234 1628 Galbinum
1253 1597 1398 1632 colorem,
1415 1595 1468 1636 qui
1493 1600 1525 1625 et

857 1657 980 1683 aureus,
1009 1646 1158 1688 intelligit
1186 1646 1321 1676 Salmas.
1348 1645 1388 1676 ad
1409 1644 1522 1686 Vopis.

857 1695 966 1728 Aurel.
988 1707 1058 1738 cap.
1073 1697 1127 1727 34.
1143 1695 1206 1727 vid.
1220 1701 1253 1726 et
1267 1695 1407 1726 Turneb.
1423 1695 1467 1725 iv.
1485 1693 1526 1725 ad

857 1747 912 1776 23.

904 1795 975 1825 177.
994 1794 1055 1825 Hic
1070 1795 1169 1824 undas
1180 1794 1335 1828 imitatur,
1350 1793 1436 1822 habet
1453 1803 1524 1832 quo-

857 1856 912 1885 que
926 1856 1029 1875 nomen
1045 1846 1080 1874 ab
1092 1843 1215 1884 wichs]
1237 1842 1371 1873 Rectius
1388 1844 1525 1872 imitatus

856 1893 887 1924 in
908 1905 970 1925 uno
991 1893 1148 1924 Vaticano
1171 1897 1203 1923 et
1224 1891 1373 1922 Politiani
1394 1901 1523 1933 excerp-

855 1943 909 1974 tis.
939 1943 1114 1974 Unclulatas
1130 1949 1220 1973 vestes
1234 1941 1358 1972 videtur
1372 1941 1521 1972 innuere:

856 2003 988 2034 quarum
1006 1993 1106 2023 Varro
1122 1991 1207 2033 apud
1224 1990 1365 2022 Nonium
1380 1989 1523 2021 meminit

855 2041 894 2073 de
910 2041 975 2073 vita
991 2042 1027 2072 P.
1042 2041 1083 2072 R.
1132 2041 1173 2071 Et
1186 2053 1203 2071 a
1218 2042 1393 2081 quibusdam
1409 2041 1525 2070 dicitur

855 2103 912 2122 esse
931 2092 1067 2134 Virginis
1083 2090 1226 2121 Fortunae
1241 2091 1278 2120 ab
1295 2101 1336 2126 eo,
1352 2091 1428 2130 qaod
1440 2091 1519 2120 (lua-

854 2142 907 2172 bus
921 2143 1083 2172 undulatis
1098 2143 1174 2183 togis
1188 2146 1230 2171 est
1245 2140 1524 2180 opertum‚proinde

852 2197 889 2221 ut
904 2192 973 2221 olim
989 2192 1085 2221 nostri
1102 2191 1198 2232 Reges
1214 2191 1383 2220 undztlcztas
1398 2195 1427 2219 et
1440 2199 1519 2228 prcc-

854 2247 947 2271 textas
969 2247 1052 2282 togas
1071 2242 1151 2271 soliti
1173 2242 1232 2271 sint
1256 2241 1374 2270 habere.
1403 2238 1521 2269 HEINS.

853 2289 935 2320 hanc
952 2295 1070 2321 vestem
1086 2295 1179 2320 vocat
1194 2289 1357 2320 Lucretius
1371 2288 1414 2318 iv.
1430 2288 1524 2318 1121.

856 2338 1075 2370 Thalassinam.
1089 2339 1154 2370 vid.
1167 2340 1287 2370 Ferrar.
1302 2338 1359 2368 lib.
1370 2337 1403 2368 ii.
1420 2337 1459 2368 de
1471 2337 1521 2368 Re

853 2395 934 2419 vest.
960 2399 1030 2431 cap.
1046 2389 1088 2420 xi.
1104 2395 1136 2420 et
1151 2389 1191 2420 de
1212 2389 1376 2420 unclulatis
1395 2388 1523 2418 vestibus

853 2437 910 2469 lib.
927 2438 972 2470 iii.
987 2449 1057 2481 cap.
1070 2440 1125 2469 20.

900 2488 971 2519 179.
1009 2488 1117 2519 Croceo
1142 2489 1258 2518 velatus
1283 2486 1430 2527 amictu-J
1470 2486 1522 2517 Sic

852 2538 910 2568 sub
926 2537 1114 2580 principium
1129 2538 1186 2568 lib.
1203 2549 1233 2568 x.
1248 2535 1466 2578 Metamorph.

896 2586 973 2618 Inde
998 2598 1052 2627 per
1079 2589 1253 2618 immensum
1279 2597 1381 2617 croceo
1406 2587 1524 2617 velatus

938 2637 1054 2666 amictu

896 2686 978 2716 A'e'ra
993 2686 1179 2727 digreditur.
1384 2684 1478 2716 C1or.

855 2734 1011 2765 Crocotam
1031 2740 1063 2766 et
1086 2734 1268 2766 crocotuzam
1290 2733 1414 2766 Nonius
1429 2735 1520 2766 Mar-

946 2788 1006 2819 E2
