1760 3172
213 187 300 228 242

608 187 658 229 P.
692 186 906 229 OVIDII
940 186 1222 230 NASONIS

217 301 476 364 Quidquid
502 309 631 365 aget,
650 318 806 366 quum
831 310 881 350 te
907 302 1074 350 scierit
1094 303 1306 360 venisse,
1330 303 1605 367 relinquet;

287 377 396 426 Nec
418 394 554 426 mora
573 396 582 427 :
615 379 737 443 quid
757 380 944 435 veniaS,
967 380 1167 443 quidve,
1191 381 1425 443 requiret,
1446 397 1606 444 agam.

218 454 398 503 Vivere
424 472 503 503 me
529 456 695 514 dices;
738 457 827 504 sed
851 457 938 512 sic,
966 465 1021 504 ut
1044 458 1206 505 vivere
1232 458 1412 513 nolim;

285 531 394 580 Neo
421 534 551 581 mala
577 542 678 582 tam
700 535 849 597 longa
873 541 1042 581 nostra
1066 535 1228 581 levata
1252 551 1417 582 mora:

220 608 285 657 Et
309 617 475 658 tamen
502 612 565 658 ad
592 611 787 667 Musas,
815 611 1041 675 quamvis
1069 627 1297 667 nocuere,
1325 612 1520 667 reverti,

282 685 518 751 Aptaque
544 688 592 734 in
618 688 834 735 alternos
860 703 1039 750 cogere
1063 688 1214 734 verba
1238 688 1409 752 pedes.
1551 690 1610 734 10

216 761 291 809 Tu
326 780 544 826 quoque,
581 765 678 820 dic,
715 765 894 812 studiis
930 765 1277 813 communibus
1316 765 1499 828 ecquid
1538 764 1609 812 in-

416 841 590 897 haeres,

282 916 547 980 Doctaque
573 934 671 965 non
698 918 857 981 patrio
885 919 1104 966 carmina
1130 934 1265 966 more
1291 918 1462 966 canis?

218 992 349 1040 Nam
374 993 465 1040 tibi
491 1011 605 1041 eum
630 994 745 1042 fatis
770 1012 933 1043 mores
959 1003 1135 1044 natura
1159 996 1387 1060 pudicos,

280 1069 346 1117 Et
370 1086 503 1118 raras
529 1071 687 1128 doteS,
716 1072 1072 1136 ingeniumque
1098 1073 1254 1121 dedit.

216 1146 325 1194 Hoc
352 1163 444 1210 ego
470 1147 746 1210 Pegasidas
773 1148 962 1196 deduxi
988 1150 1177 1213 primus
1204 1149 1266 1197 ad
1291 1148 1466 1205 undas,
1549 1152 1607 1197 15

283 1223 362 1271 Ne
388 1225 518 1272 male
543 1224 771 1271 fecundae
799 1241 922 1272 vena
946 1226 1131 1289 periret
1157 1241 1317 1289 aquae:

217 1300 414 1348 Primus
441 1301 490 1348 id
517 1302 727 1366 adspexi
752 1302 937 1350 teneris
963 1303 1014 1349 in
1037 1303 1240 1365 virginis
1266 1303 1424 1359 annis,

281 1377 453 1442 thue
479 1387 636 1443 patet,
664 1396 801 1427 venae
827 1380 1035 1443 duxque
1061 1396 1333 1443 comesque
1358 1380 1445 1428 fui.

214 1454 361 1517 Ergo,
389 1455 430 1503 si
456 1465 716 1504 remanent
740 1457 880 1519 ignes
906 1458 999 1505 tibi
1025 1457 1240 1522 pectoris
1263 1457 1415 1514 idem,

282 1532 401 1580 Sola
425 1540 565 1580 tuum
591 1541 729 1582 vates
757 1533 941 1581 Lesbia
964 1534 1130 1582 vincet
1154 1550 1297 1598 opus.

251 1705 283 1734 9.
310 1705 356 1734 Ad
371 1704 474 1735 Musas
488 1706 625 1746 reverta]
652 1704 762 1736 Cicero
778 1706 872 1737 libros

208 1764 279 1784 suos
296 1760 384 1784 vocat
400 1760 517 1785 veteres
533 1755 698 1786 amiculos.

255 1803 303 1834 11.
339 1803 455 1834 Studiis
485 1805 714 1845 communibus]
754 1805 873 1836 Studiis

210 1850 360 1892 poeticis:
387 1863 456 1893 quae
478 1852 553 1882 mihi
571 1859 674 1884 tecum
695 1854 874 1884 communia

208 1906 290 1931 sunt.
330 1901 447 1942 Ecquid
461 1903 596 1933 iulia-res.
622 1903 708 1933 Num
723 1902 798 1944 quid
816 1903 874 1933 das

209 1960 334 1992 operam
348 1952 358 1980 ἶ

256 2000 306 2031 12.
332 2000 401 2030 Non
411 2002 510 2040 patrio
524 2001 628 2041 mortu]
648 2001 732 2038 Quid
746 2002 796 2037 sit,
812 2001 875 2032 dis-

207 2055 321 2091 putant
344 2049 538 2091 interpretes.
585 2050 746 2081 Ciofanius
766 2061 782 2081 e
806 2051 875 2082 cod.

211 2098 316 2130 Vatic.
345 2099 511 2130 rescribere
537 2100 630 2141 jubet
656 2111 727 2130 num
750 2102 875 2140 patr-io?

209 2147 322 2189 reliqui
346 2160 404 2179 ηοιι
427 2151 527 2188 patrio
555 2148 724 2180 retinentes
754 2150 875 2181 diverso

210 2196 301 2227 modo
313 2197 483 2239 explicant,
497 2197 656 2233 Heinsius,
670 2198 744 2239 quia
754 2200 875 2240 poetria

209 2246 292 2288 apud
310 2246 469 2277 Romanos
485 2257 533 2277 res
550 2247 611 2278 fuit
626 2247 764 2278 insolens
778 2260 784 2277 :
810 2249 874 2279 Mi-

209 2294 310 2336 cyllus
347 2301 378 2326 et
411 2295 578 2338 Verpoort.
613 2295 688 2336 quia
730 2297 874 2338 exemplo

208 2343 367 2386 Sapphus,
385 2354 521 2385 quacum
538 2350 698 2386 comparat
711 2344 798 2375 illam
810 2356 873 2377 ver.

208 2393 261 2424 20.
278 2392 378 2434 lyrica
392 2393 536 2435 scripsit3
560 2394 643 2434 quod
659 2393 803 2425 carminis
818 2405 873 2435 ge-

209 2452 267 2473 nus
282 2442 435 2473 Romanis
457 2448 529 2473 ante
546 2442 712 2474 Horatium
730 2453 791 2474 non
807 2451 874 2475 erat

209 2491 368 2522 usitatum.
393 2491 503 2522 Horat.
526 2491 570 2522 iii.
592 2491 656 2522 Od.
680 2493 732 2523 30.
757 2493 806 2524 13.
832 2492 873 2523 iv.

209 2541 242 2570 9.
261 2541 292 2571 2.
309 2540 351 2571 iii.
376 2541 403 2570 1.
425 2541 456 2570 2.
502 2541 628 2572 Merula
652 2541 799 2582 intelligit
824 2542 870 2573 la·

206 2589 308 2621 scivos
330 2600 485 2626 numeros,
502 2590 616 2631 quibus
636 2597 724 2632 pater
739 2590 872 2622 Ovidius

209 2649 282 2669 usus
300 2639 356 2669 fuit
371 2651 378 2675 ;
403 2638 453 2669 cui
474 2639 724 2681 interpretationi
741 2651 802 2671 ver.
819 2640 871 2670 27.

207 2687 391 2729 respondere
419 2687 551 2723 videtur,
582 2694 612 2718 et
637 2689 763 2730 Sappho
794 2700 870 2730 quo-

207 2746 266 2778 que
287 2736 362 2767 talia
388 2736 569 2779 conscripsit
595 2738 751 2769 carmina:
778 2737 869 2769 dum-

1545 1538 1609 1582 20

939 1706 1031 1738 modo
1055 1706 1122 1737 haec
1151 1705 1267 1737 Perilla
1290 1706 1396 1737 Ovidii
1419 1705 1483 1736 filia
1506 1705 1610 1738 fuerit.

943 1756 1094 1787 Ham-ts.

988 1806 1038 1836 14.
1065 1805 1105 1835 Et
1128 1815 1214 1835 rurus
1236 1804 1344 1845 dotes]
1372 1803 1466 1834 Caras
1490 1804 1607 1846 primus

941 1854 1047 1884 Vatic.
1065 1852 1296 1895 Rottendorph.
1318 1858 1348 1883 et
1366 1852 1531 1894 Gottorph.
1547 1854 1609 1884 cla-

942 1914 990 1933 ras
1011 1902 1241 1933 Richelianus:
1266 1908 1354 1944 puto,
1379 1901 1499 1932 Clarias
1518 1902 1610 1933 dotes.

943 1951 1099 1993 Superiori
1113 1961 1202 1981 versu
1216 1950 1370 1992 cumfatis
1385 1949 1490 1992 scripti
1503 1960 1610 1982 omnes

944 2006 976 2031 et
1000 2001 1106 2043 primae
1138 2000 1302 2036 editiones,
1325 2010 1387 2031 non
1416 2011 1484 2031 cum
1502 1999 1610 2041 facie.-

944 2050 999 2081 sed
1024 2057 1191 2091 utrumque
1216 2056 1348 2080 rectum.
1395 2049 1520 2080 Natura
1541 2060 1608 2080 cum

932 2099 1017 2140 scitis
1040 2100 1134 2135 dedit,
1150 2109 1216 2140 pro,
1241 2104 1353 2129 natura
1372 2103 1404 2129 et
1423 2098 1490 2129 fata
1512 2097 1609 2129 dede-

943 2154 1033 2179 runt:
1066 2148 1107 2179 de
1138 2147 1218 2179 facie
1246 2148 1315 2190 ejus
1343 2153 1375 2178 et
1404 2147 1513 2184 forma,
1539 2154 1610 2189 post

943 2204 1024 2240 aget.
1069 2198 1187 2229 mes.

989 2249 1038 2279 15.
1063 2247 1156 2288 Hoc.]
1183 2247 1312 2278 Scilicet
1330 2252 1418 2277 tuum
1433 2247 1605 2287 ingenium.

943 2297 992 2326 :ld
1030 2299 1126 2327 undas
1167 2296 1340 2338 Pegasidas.
1396 2295 1449 2326 Ad
1490 2295 1607 2327 fontem

942 2345 1120 2381 Musarum,
1143 2356 1237 2386 quern
1261 2355 1360 2385 equus
1381 2344 1483 2376 alatus
1505 2346 1608 2386 Pega-

942 2406 1004 2430 sus,
1020 2395 1099 2437 pede
1117 2395 1236 2426 fodiens
1252 2395 1367 2426 effecit.
1389 2395 1542 2426 Fabulam
1558 2406 1606 2426 re-

945 2444 1003 2475 fert
1029 2444 1195 2486 Hyginus;
1228 2444 1323 2475 Ovid.
1352 2444 1407 2475 lib.
1433 2443 1474 2475 iv.
1500 2445 1605 2475 Meta-

943 2494 1062 2536 morph.
1092 2493 1248 2535 Designat
1276 2499 1382 2524 autem
1412 2492 1546 2525 Ovidius
1572 2505 1604 2524 se

940 2543 1072 2584 primum
1097 2543 1191 2574 filiam
1218 2542 1360 2575 docuisse
1384 2548 1482 2574 artem
1504 2543 1603 2585 poeti-

939 2602 1020 2622 cam.

985 2642 1031 2672 19.
1073 2640 1153 2672 Idem
1191 2642 1300 2683 ignes]
1346 2641 1445 2672 Iidem
1483 2641 1602 2672 calores

939 2690 1096 2733 Apollinei
1110 2704 1116 2720 :
1142 2691 1264 2722 ardores
1281 2690 1407 2732 ingenii.
