1760 3172
211 158 268 199 92
613 156 663 198 Ρ.
696 157 911 200 OVIDII
945 158 1227 202 NASONIS

218 273 387 337 Majus
413 289 539 338 opus
564 281 822 337 superest:
870 274 960 321 sed
985 291 1100 331 non,
1128 276 1248 340 quia
1272 277 1425 325 serior
1449 289 1584 341 aegr'o

282 351 531 407 Advocor,
559 351 642 398 ille
668 351 789 398 mihi
815 351 1165 400 destituendus
1192 354 1300 401 erit.

1523 359 1615 402 110

217 428 381 484 Quam
405 429 553 476 laesus
580 428 741 475 fuerat
766 435 960 491 partem
986 428 1243 477 Paeantius
1269 432 1432 488 heros,

283 506 440 554 Certa
466 507 710 553 debuerat
733 505 1062 570 praesecuisse
1088 523 1257 554 manu.

215 583 342 632 Post
365 591 534 632 tamen
559 583 639 630 hic
666 583 850 630 multos
877 590 1081 630 sanatus
1103 585 1322 632 creditur
1348 601 1506 632 annos

286 662 584 726 Supremam
609 659 754 707 bellis
776 659 1078 723 imposuisse
1103 677 1323 709 manum.

218 739 317 795 Qui
341 739 490 787 modo
515 746 780 786 nascentes
806 739 1138 802 properabam
1163 739 1349 802 pellere
1374 741 1591 795 morbos,

282 817 543 865 Admoveo
567 816 762 864 tardam
786 831 919 863 nunc
943 816 1036 862 tibi
1060 817 1224 863 lentus
1246 833 1409 881 opem.

1523 820 1614 864 116

215 896 320 944 Α111
342 911 485 950 nova,
513 894 553 941 si
579 894 759 958 possiS‚
787 894 962 941 sedare
988 893 1221 941 incendia
1243 901 1438 942 tentes:

282 974 387 1020 Aut
410 973 495 1020 ubi
521 988 609 1036 per
632 972 760 1019 vires
786 973 1100 1036 procubuere
1126 989 1259 1020 suas.

218 1052 349 1100 Cum
373 1051 506 1098 furor
530 1050 581 1096 in
605 1066 756 1097 cursu
780 1058 872 1107 est,
900 1051 1118 1098 currenti
1144 1051 1270 1098 cede
1294 1049 1461 1098 furori.

283 1129 525 1177 Difficiles
551 1128 717 1176 aditus
743 1128 960 1194 impetus
987 1128 1146 1176 omnis
1173 1129 1341 1176 habet.

1522 1132 1614 1175 120

217 1207 429 1262 Stultus,
458 1206 520 1253 ab
546 1206 749 1268 obliquo
775 1206 862 1269 qui
887 1222 1002 1253 cum
1027 1206 1335 1253 descendere
1361 1205 1537 1269 possit,

283 1285 487 1347 Pugnat
510 1283 559 1330 in
585 1283 819 1330 adversas
844 1282 916 1330 ire
939 1290 1135 1330 natator
1161 1299 1336 1346 aquas.

216 1361 492 1427 Impatiens
521 1361 732 1416 animus,
759 1376 854 1407 nec
880 1360 1043 1408 adhuc
1070 1361 1346 1408 tractabilis
1372 1367 1495 1415 arte,

283 1439 516 1504 Respuit,
546 1446 699 1502 atque
724 1438 838 1485 odio
862 1438 1018 1485 verba
1040 1438 1291 1486 monentis
1317 1438 1486 1484 habet.

215 1517 494 1581 Adgrediar
512 1517 690 1564 melius
711 1523 847 1570 tunc,
871 1533 985 1563 cum
1015 1532 1107 1563 sua
1125 1516 1330 1563 vulnera
1353 1515 1495 1577 tangi
1523 1518 1614 1561 125

281 1595 311 1643 J
317 1611 397 1643 am
429 1595 575 1650 sinet,
602 1602 653 1642 et
675 1593 804 1641 veris
829 1593 1036 1641 vocibus
1064 1600 1209 1657 aptus
1235 1593 1346 1640 erit.

215 1673 341 1729 Quis
367 1679 593 1728 matrem,
620 1671 717 1718 nisi
742 1672 925 1719 mentis
952 1671 1113 1735 inops,
1141 1671 1192 1718 in
1216 1670 1387 1718 funere
1413 1670 1517 1717 nati

283 1750 427 1798 Flere
450 1750 618 1798 vetet?
656 1766 754 1797 non
779 1750 873 1797 hoc
900 1749 984 1797 illa
1007 1748 1258 1796 monenda
1281 1749 1408 1795 loco.

214 1828 347 1876 Cum
405 1827 600 1875 dederit
657 1827 902 1883 lacrimas,
954 1827 1279 1889 animumque
1337 1825 1613 1888 expleverit

280 1904 373 1952 Ille
398 1904 538 1952 dolor
560 1904 722 1951 verbis
748 1904 1112 1952 emoderandus
1139 1903 1248 1950 erit.

1371 1904 1606 1965 [aegrum;

211 1982 473 2046 Temporis
496 1998 572 2029 ars
594 1982 844 2030 medicina
862 1983 963 2030 fere
979 1989 1072 2030 est.
1112 1981 1231 2028 data
1249 1987 1475 2044 tempore
1497 1995 1609 2043 pro-

282 2059 349 2107 Et
371 2059 490 2107 data
513 2075 611 2106 non
637 2067 754 2124 apto
780 2068 1005 2125 tempore
1029 2059 1142 2106 vina
1166 2064 1364 2106 nocent.

260 2185 328 2214 111.
363 2184 432 2218 Qua
470 2184 554 2214 1115115
579 2183 692 2225 ficerat
727 2184 872 2224 partem]

214 2233 309 2267 Quam
327 2231 510 2263 veterrimus
527 2231 658 2273 Regius,
678 2239 712 2262 ut
732 2231 772 2262 sit
786 2232 875 2263 Grae-

210 2282 337 2318 cismus,
349 2281 381 2312 in
393 2281 507 2322 quibus
518 2281 682 2322 elegantiis
697 2287 744 2312 est
758 2282 876 2312 multus

211 2332 335 2363 Noster.
381 2331 499 2362 mes.

255 2382 328 2412 113.
353 2381 425 2411 Post
449 2387 547 2410 tamen
571 2380 619 2409 hic
645 2378 874 2420 (Philoctetes)

210 2432 319 2461 multos
339 2436 464 2460 sanatus
485 2430 622 2459 creditur
639 2440 742 2464 minos,
764 2427 874 2467 Supre-

209 2491 287 2509 mam
300 2479 383 2509 bellis
394 2479 558 2518 imposuisse
573 2477 723 2517 manum]
752 2476 820 2506 Hac
834 2476 872 2508 de

209 2539 241 2559 re
258 2527 308 2558 hic
326 2527 451 2563 Noster,
463 2527 518 2557 lib.
532 2526 596 2557 xiii.
619 2525 831 2567 Metamorph.
843 2531 873 2558 et

210 2578 252 2615 Q.
273 2578 462 2618 Srnyrnaeus,
488 2576 543 2606 lib.
564 2576 607 2606 ix.
634 2582 664 2606 et
690 2587 720 2606 x.
747 2582 872 2617 praeter—

210 2626 373 2657 missorum
402 2627 441 2657 ab
475 2626 622 2657 Homero.

211 2675 378 2707 Podalirio.
433 2675 521 2706 Idem
544 2676 733 2716 Smyrnaeus,
754 2674 808 2706 lib.
833 2674 873 2705 ix.

211 2726 303 2756 Cror.

683 2625 825 2660 Sumtus,
857 2636 873 2655 a

1454 2058 1610 2119 [sunt,

991 2184 1061 2214 129.
1086 2183 1286 2222 Animumque
1297 2182 1456 2220 erIeverit
1465 2179 1609 2221 mgr-um]

944 2231 1117 2271 Implet-erit
1133 2231 1240 2272 scripti
1254 2240 1326 2260 cum
1348 2229 1447 2271 primia
1463 2227 1614 2259 editione.

944 2281 1061 2311 Heus,
1086 2279 1203 2310 Nescio
1223 2289 1279 2309 cur
1298 2279 1457 2318 eiplererit
1483 2276 1608 2319 repudi-

943 2330 1071 2365 andum,
1087 2340 1159 2360 curn
1180 2328 1294 2370 saepius
1313 2328 1357 2358 ita
1379 2327 1465 2368 loqui
1490 2326 1610 2357 soleam

942 2379 1052 2421 optimi
1067 2379 1242 2420 scriptores.
1264 2378 1389 2408 Terent.
1412 2377 1529 2418 Hecffr.
1545 2388 1574 2406 v.
1591 2376 1613 2406 ἰ,

942 2430 996 2459 29.
1043 2428 1138 2467 Εψίε
1159 2429 1292 2457 ‹mirnum
1318 2428 1365 2462 iis,
1383 2434 1466 2466 teque
1481 2427 1533 2455 hoc
1550 2428 1610 2456 cri-

940 2479 1140 2517 mirieerpedi.
1156 2483 1187 2508 et
1202 2476 1289 2507 alibi.
1304 2482 1454 2518 praeterea
1469 2486 1529 2506 non
1545 2480 1609 2504 tam

940 2527 1089 2569 impletur
1111 2527 1233 2557 animus
1258 2525 1414 2567 lacrymis,
1436 2535 1531 2567 quam
1554 2535 1608 2556 ex-

941 2576 1054 2618 pletur.
1100 2576 1219 2607 Bvrm.

990 2626 1062 2655 131.
1106 2624 1294 2665 Temporibus
1324 2626 1468 2655 medicina
1499 2623 1607 2663 talen]

944 2675 1137 2706 Veterrirnus
1149 2674 1278 2715 Regius,
1293 2674 1441 2714 Temporis
1455 2685 1504 2704 ars
1517 2674 1606 2703 medi-

943 2725 1091 2765 cinusere
1105 2731 1156 2755 est.
1171 2724 1332 2765 eleganter
1346 2723 1533 2756 mehercule.
1551 2722 1607 2753 hoe
