1760 3172
387 180 697 223 TRISTIUM
730 180 850 221 LIB.
885 181 920 221 I.
956 181 1135 224 ELEG.
1170 183 1233 223 ΙΙ.

1426 186 1508 226 149

117 296 210 344 Est
233 297 436 359 aliquid,
463 295 625 343 fatove
652 311 741 342 suo
766 294 954 342 ferrove
981 296 1244 344 cadentem

182 373 241 420 In
265 373 411 420 solita
435 372 650 419 moriens
676 387 862 435 ponere
887 387 1068 435 corpus
1093 372 1244 420 humo
1267 391 1275 420 :

115 450 207 498 Est
231 450 465 497 mandata
488 449 589 496 suis
615 448 805 512 aliquid
831 464 1031 511 sperare
1053 449 1301 512 sepulcra,
1442 455 1504 499 55

182 526 248 574 Et
271 543 369 574 non
395 526 640 590 aequoreis
665 526 887 590 piscibus
912 541 1023 573 esse
1049 526 1234 573 cibum.

117 603 312 666 Fingite
336 620 415 651 me
440 604 647 666 dignum
672 602 759 649 tali
785 618 936 649 nece·

183 680 279 728 Hic
305 681 491 739 vehorj:
477 691 496 709 ⁷

923 637 945 673 7
978 619 1075 650 non
1098 619 1191 665 ego
1216 604 1350 649 solus

526 680 799 727 immeritos
825 695 913 727 cur
938 696 1051 727 mea
1074 696 1223 743 poena
1246 681 1435 727 trahit?

115 757 248 805 Proh
272 757 470 821 Superi,
486 758 771 820 viridesque
799 756 911 812 Dei,
932 757 1116 819 quibus
1138 773 1341 820 aequora
1356 759 1509 805 cuiae!

186 834 413 898 Utraque
427 836 535 898 jam
558 841 748 882 vestras
775 834 935 881 sistite
961 835 1108 881 turba
1131 834 1308 882 minas.
1449 838 1512 882 60

117 910 382 974 Quamque
407 911 547 958 dedit
570 911 722 958 vitam
748 910 1014 958 mitissima
1040 910 1256 958 Caesaris
1283 912 1369 967 ira,

183 988 326 1036 Hanc
353 989 501 1036 sinite
526 988 699 1036 infelix
726 988 776 1034 in
801 989 911 1035 loca
929 989 1074 1050 jussa
1097 987 1269 1035 feram.

119 1065 188 1121 Si,
213 1081 366 1128 quam
391 1067 681 1121 commerui,
708 1082 906 1129 poenam
933 1081 1013 1112 me
1039 1066 1259 1129 pendere
1278 1067 1445 1120 vultis,

183 1141 349 1206 Culpa
373 1159 485 1190 mea
509 1150 602 1198 est,
630 1143 740 1227 ipso
760 1144 951 1206 judice,
980 1151 1137 1190 morte
1162 1143 1338 1189 minor.

118 1217 322 1266 Mittere
347 1235 427 1266 me
455 1219 659 1282 Stygias
686 1220 727 1266 si
746 1221 853 1282 jam
877 1220 1116 1267 voluisset
1141 1221 1203 1267 ad
1229 1221 1389 1267 undas
1452 1223 1514 1267 65

185 1286 411 1360 Caesarl'
400 1312 451 1342 1n
476 1296 569 1343 hoc
594 1302 758 1343 vestra
782 1313 880 1343 non
907 1297 1130 1359 eguisset
1154 1313 1265 1361 ope.

120 1370 214 1419 Est
236 1371 307 1419 illi
332 1372 487 1419 nostri
513 1388 613 1419 non
638 1372 882 1420 invidiosa
907 1373 1094 1420 ciuoris

185 1448 346 1512 Copia
364 1447 401 1520 :s
414 1449 653 1513 quodque
679 1450 834 1506 dedit,
863 1466 1020 1513 quum
1044 1451 1193 1505 volet,
1222 1451 1330 1514 ipse
1356 1450 1495 1498 feret.

117 1525 219 1573 Vos
243 1526 408 1581 modO,
436 1542 562 1589 quos
589 1534 726 1574 certe
752 1527 888 1574 nullo
915 1535 1038 1591 puto
1064 1528 1268 1575 crimine
1295 1528 1456 1583 laesos,

183 1602 421 1650 Contenti
446 1603 645 1657 nostris,
672 1603 753 1659 Di,
782 1620 972 1667 precor,
1001 1612 1106 1651 este
1134 1604 1294 1651 malis.
1454 1608 1516 1650 70

118 1679 165 1726 N
170 1695 226 1727 ec
250 1687 435 1734 tamen,
462 1688 517 1726 ut
541 1681 705 1727 cuncti
734 1681 970 1728 miserum
998 1697 1192 1729 servare
1218 1681 1398 1736 velitis,

184 1756 332 1812 Quod
357 1756 521 1821 periit,
549 1758 741 1805 salvum
759 1759 866 1821 jam
892 1766 1045 1822 caput
1070 1774 1181 1805 esse
1208 1765 1391 1821 potest.

121 1833 192 1880 Ut
215 1849 351 1881 mare
375 1834 619 1886 considat,
646 1835 910 1898 ventisque
936 1835 1208 1883 ferentibus
1235 1842 1363 1889 utar,

189 1905 261 1958 Ut
284 1911 404 1958 mihi
430 1912 648 1975 parcatis
667 1931 677 1969 ;

161 2044 214 2075 53.
239 2043 294 2074 Est
307 2044 572 2086 aliquid‚fatoque
584 2045 786 2087 suoferr0q1oe

119 2094 299 2135 cadentem]
329 2093 458 2125 Cadenti
471 2094 532 2125 duo
545 2100 688 2133 veteres;
707 2094 786 2126 forte

120 2144 274 2174 cadentis:
304 2143 417 2184 reliqui
441 2143 504 2174 fere
532 2145 711 2180 cadendum,
732 2155 787 2186 pro

121 2193 292 2223 cadentum.
322 2192 442 2222 Mortui
472 2191 555 2222 enim
582 2203 644 2223 non
667 2199 787 2234 ponunt

120 2250 154 2270 se
190 2240 223 2271 in
259 2246 353 2276 terra,
392 2241 448 2271 sed
486 2248 655 2283 ponuntur.
702 2242 786 2283 Lege

121 2289 216 2320 etiam
228 2289 338 2331 fatove
356 2290 542 2332 suoferrove
558 2301 628 2331 quae
645 2301 682 2321 eo
697 2301 784 2333 spec-

121 2344 201 2375 tant,
227 2344 262 2370 ut
286 2345 419 2370 mortem
444 2344 651 2381 spontaneam
681 2350 699 2370 a
722 2339 786 2370 vio-

121 2387 207 2417 lenta
231 2387 415 2428 distinguat.
459 2388 611 2429 Sequenti
635 2399 726 2419 versu
755 2389 787 2418 in

122 2435 263 2477 plurimis
286 2438 372 2467 solita
393 2438 481 2467 humo
507 2447 562 2478 pro
589 2439 705 2468 solida.-
730 2437 787 2468 hoc

123 2490 180 2521 est,
202 2486 286 2526 quod
301 2486 450 2517 Tristium
473 2486 529 2517 lib.
545 2487 587 2517 iv.
602 2487 652 2517 El.
669 2486 713 2517 iii.
735 2487 787 2517 46.

124 2534 211 2570 dicit,
224 2541 337 2565 tactam
354 2538 486 2566 nascenti
503 2537 636 2566 humum.
668 2536 786 2567 Hfflxs.

168 2585 220 2614 58.
238 2584 298 2614 Hic
314 2585 428 2625 vehor]
460 2585 528 2615 Huc
541 2584 668 2626 plurimi
680 2585 787 2627 scripti

125 2638 156 2662 et
185 2632 285 2663 editi:
325 2633 413 2669 forte,
444 2635 509 2671 hac,
539 2634 674 2670 scilicet,
705 2634 787 2665 navi.

126 2681 244 2712 Notum
268 2688 325 2718 est,
345 2693 442 2713 unum
463 2683 601 2718 noxium,
617 2693 700 2724 saepe
722 2683 789 2713 exi-

127 2729 204 2760 tium
227 2729 306 2766 aliis,
329 2731 438 2762 eadem
462 2731 533 2762 navi
558 2732 668 2767 vectis,
690 2731 789 2762 credi-

719 1929 837 1959 num
863 1913 1026 1960 minus
1052 1912 1197 1960 exsul
1222 1911 1340 1958 ero?

856 2051 922 2075 tum
953 2044 1110 2075 concitare
1139 2054 1249 2086 posse3
1284 2043 1353 2074 vide
1379 2043 1419 2074 ad
1446 2043 1523 2074 Hor.

855 2093 899 2124 iii.
915 2093 978 2125 Od.
994 2093 1027 2124 ii.
1042 2105 1072 2124 v.
1089 2094 1140 2124 25.
1157 2103 1227 2134 sqq.
1263 2093 1380 2123 chx.
1415 2092 1521 2123 Notis—

855 2144 933 2174 sima
949 2144 1039 2174 Jonae
1057 2143 1198 2173 historia.

899 2193 950 2222 60.
974 2192 1110 2232 Utraque
1123 2191 1244 2232 turba]
1265 2192 1304 2221 Et
1317 2191 1390 2222 coeli
1407 2197 1438 2221 et
1454 2201 1520 2221 ma-

855 2240 895 2271 ris
912 2241 978 2271 Dii.
1024 2241 1118 2271 Men.

899 2291 953 2322 62.
979 2289 1013 2321 [η
1026 2291 1192 2330 locajussa,
1206 2288 1282 2329 δια]
1303 2289 1341 2319 In
1356 2287 1520 2318 Ponticam

857 2349 953 2370 oram.

899 2389 951 2419 67.
971 2388 1095 2418 Cruoris
1110 2386 1220 2427 copim]
1245 2386 1359 2417 Mortis
1370 2395 1448 2415 meae
1464 2396 1519 2427 po-

857 2442 964 2472 testaS,
987 2447 1057 2478 quae
1080 2446 1177 2478 penes
1207 2435 1364 2466 Caesarem
1386 2440 1444 2466 est.
1463 2434 1521 2464 (xc.

856 2485 950 2516 Ctof.

899 2535 952 2565 68.
978 2535 1121 2575 Quodque
1150 2533 1261 2573 dedit]
1290 2531 1396 2562 Vitam
1427 2541 1521 2572 quam

855 2584 931 2614 mihi
947 2584 1101 2614 concessit
1116 2584 1289 2624 Augustus.
1316 2581 1415 2611 Feret.
1440 2580 1520 2611 Adi-

857 2639 931 2669 met,
949 2633 1070 2674 eripiet.

902 2683 954 2712 73.
994 2681 1035 2712 Ut
1065 2692 1147 2711 'mare
1176 2680 1338 2720 subsidat]
1380 2680 1522 2709 Considat

858 2731 1001 2762 meliores
1026 2741 1144 2767 omnes,
1171 2736 1201 2761 et
1231 2740 1300 2760 mox
1329 2741 1398 2759 num
1427 2731 1525 2758 minus

939 2785 998 2814 L3
