<?xml version="1.0" encoding="UTF-8"?>
<!DOCTYPE html PUBLIC "-//W3C//DTD XHTML 1.0 Transitional//EN"
    "http://www.w3.org/TR/xhtml1/DTD/xhtml1-transitional.dtd">
<html xmlns="http://www.w3.org/1999/xhtml" xml:lang="en" lang="en">
 <head>
  <title>
</title>
<meta http-equiv="Content-Type" content="text/html;charset=utf-8" />
  <meta name='ocr-system' content='tesseract 3.04.00' />
  <meta name='ocr-capabilities' content='ocr_page ocr_carea ocr_par ocr_line ocrx_word'/>
</head>
<body>
  <div class='ocr_page' id='page_1' title='image "./povidiinasonisop02oviduoft_0127.png"; bbox 0 0 1760 3172; ppageno 0'>
   <div class='ocr_carea' id='block_1_1' title="bbox 548 183 1139 228">
    <p class='ocr_par' dir='ltr' id='par_1_1' title="bbox 548 183 1139 228">
     <span class='ocr_line' id='line_1_1' title="bbox 548 183 1139 228; baseline 0.002 -3"><span class='ocrx_word' id='word_1_1' title='bbox 548 183 847 226; x_wconf 90' lang='lat' dir='ltr'><strong>REMEDIA</strong></span> <span class='ocrx_word' id='word_1_2' title='bbox 876 184 1139 228; x_wconf 87' lang='lat' dir='ltr'><strong>AMORIS.</strong></span> 
     </span>
    </p>
   </div>
   <div class='ocr_carea' id='block_1_2' title="bbox 1440 188 1525 229">
    <p class='ocr_par' dir='ltr' id='par_1_2' title="bbox 1440 188 1525 229">
     <span class='ocr_line' id='line_1_2' title="bbox 1440 188 1525 229; baseline 0.012 -1"><span class='ocrx_word' id='word_1_3' title='bbox 1440 188 1525 229; x_wconf 85' lang='grc'>117</span> 
     </span>
    </p>
   </div>
   <div class='ocr_carea' id='block_1_3' title="bbox 116 295 1513 364">
    <p class='ocr_par' dir='ltr' id='par_1_3' title="bbox 116 295 1513 364">
     <span class='ocr_line' id='line_1_3' title="bbox 116 295 1513 364; baseline 0.004 -20"><span class='ocrx_word' id='word_1_4' title='bbox 116 295 183 344; x_wconf 87' lang='lat' dir='ltr'>Et</span> <span class='ocrx_word' id='word_1_5' title='bbox 203 297 368 355; x_wconf 89' lang='lat' dir='ltr'>modo,</span> <span class='ocrx_word' id='word_1_6' title='bbox 386 298 489 361; x_wconf 73' lang='lat' dir='ltr'>qua</span> <span class='ocrx_word' id='word_1_7' title='bbox 506 305 720 362; x_wconf 89' lang='lat' dir='ltr'>poterat,</span> <span class='ocrx_word' id='word_1_8' title='bbox 739 299 944 361; x_wconf 85' lang='lat' dir='ltr'>longum</span> <span class='ocrx_word' id='word_1_9' title='bbox 966 301 1232 364; x_wconf 82' lang='lat' dir='ltr'>spectabat</span> <span class='ocrx_word' id='word_1_10' title='bbox 1251 301 1299 348; x_wconf 90' lang='lat' dir='ltr'>in</span> <span class='ocrx_word' id='word_1_11' title='bbox 1319 317 1513 364; x_wconf 79' lang='lat' dir='ltr'>aequor:</span> 
     </span>
    </p>
   </div>
   <div class='ocr_carea' id='block_1_4' title="bbox 188 373 1211 439">
    <p class='ocr_par' dir='ltr' id='par_1_4' title="bbox 188 373 1211 439">
     <span class='ocr_line' id='line_1_4' title="bbox 188 373 1211 439; baseline 0.003 -19"><span class='ocrx_word' id='word_1_12' title='bbox 188 373 236 420; x_wconf 92' lang='lat' dir='ltr'>N</span> <span class='ocrx_word' id='word_1_13' title='bbox 239 390 336 421; x_wconf 91' lang='lat' dir='ltr'>unc</span> <span class='ocrx_word' id='word_1_14' title='bbox 357 375 407 421; x_wconf 92' lang='lat' dir='ltr'>in</span> <span class='ocrx_word' id='word_1_15' title='bbox 433 376 642 423; x_wconf 74' lang='lat' dir='ltr'>arenosa</span> <span class='ocrx_word' id='word_1_16' title='bbox 668 376 800 423; x_wconf 89' lang='lat' dir='ltr'>lassa</span> <span class='ocrx_word' id='word_1_17' title='bbox 815 377 1019 439; x_wconf 85' lang='lat' dir='ltr'>jacebat</span> <span class='ocrx_word' id='word_1_18' title='bbox 1044 377 1211 424; x_wconf 87' lang='lat' dir='ltr'>humo.</span> 
     </span>
    </p>
   </div>
   <div class='ocr_carea' id='block_1_5' title="bbox 1418 380 1515 425">
    <p class='ocr_par' dir='ltr' id='par_1_5' title="bbox 1418 380 1515 425">
     <span class='ocr_line' id='line_1_5' title="bbox 1418 380 1515 425; baseline 0.01 -1"><span class='ocrx_word' id='word_1_19' title='bbox 1418 380 1515 425; x_wconf 84' lang='lat'>596</span> 
     </span>
    </p>
   </div>
   <div class='ocr_carea' id='block_1_6' title="bbox 117 449 1478 670">
    <p class='ocr_par' dir='ltr' id='par_1_6' title="bbox 117 449 1478 670">
     <span class='ocr_line' id='line_1_6' title="bbox 119 449 1478 516; baseline 0.004 -20"><span class='ocrx_word' id='word_1_20' title='bbox 119 449 317 499; x_wconf 87' lang='lat' dir='ltr'>Perfide</span> <span class='ocrx_word' id='word_1_21' title='bbox 345 451 692 516; x_wconf 83' lang='lat' dir='ltr'>Demophoon,</span> <span class='ocrx_word' id='word_1_22' title='bbox 720 453 895 500; x_wconf 89' lang='lat' dir='ltr'>surdas</span> <span class='ocrx_word' id='word_1_23' title='bbox 922 455 1173 501; x_wconf 87' lang='lat' dir='ltr'>clamabat</span> <span class='ocrx_word' id='word_1_24' title='bbox 1197 454 1261 501; x_wconf 89' lang='lat' dir='ltr'>ad</span> <span class='ocrx_word' id='word_1_25' title='bbox 1285 454 1443 501; x_wconf 87' lang='lat' dir='ltr'>undas</span> <span class='ocrx_word' id='word_1_26' title='bbox 1468 471 1478 501; x_wconf 90' lang='lat'>:</span> 
     </span>
     <span class='ocr_line' id='line_1_7' title="bbox 185 527 1294 593; baseline 0.005 -20"><span class='ocrx_word' id='word_1_27' title='bbox 185 527 456 592; x_wconf 89' lang='lat' dir='ltr'>Ruptaque</span> <span class='ocrx_word' id='word_1_28' title='bbox 480 530 702 593; x_wconf 84' lang='lat' dir='ltr'>singultu</span> <span class='ocrx_word' id='word_1_29' title='bbox 722 531 874 578; x_wconf 87' lang='lat' dir='ltr'>verba</span> <span class='ocrx_word' id='word_1_30' title='bbox 897 531 1113 578; x_wconf 88' lang='lat' dir='ltr'>dolentis</span> <span class='ocrx_word' id='word_1_31' title='bbox 1140 538 1294 578; x_wconf 87' lang='lat' dir='ltr'>erant.</span> 
     </span>
     <span class='ocr_line' id='line_1_8' title="bbox 117 602 1351 670; baseline 0.004 -21"><span class='ocrx_word' id='word_1_32' title='bbox 117 602 283 652; x_wconf 82' lang='lat' dir='ltr'>Limes</span> <span class='ocrx_word' id='word_1_33' title='bbox 306 613 412 654; x_wconf 90' lang='lat' dir='ltr'>erat</span> <span class='ocrx_word' id='word_1_34' title='bbox 435 607 618 663; x_wconf 89' lang='lat' dir='ltr'>tenuis,</span> <span class='ocrx_word' id='word_1_35' title='bbox 646 608 795 670; x_wconf 68' lang='lat' dir='ltr'>longa</span> <span class='ocrx_word' id='word_1_36' title='bbox 822 608 1118 655; x_wconf 84' lang='lat' dir='ltr'>subnubilus</span> <span class='ocrx_word' id='word_1_37' title='bbox 1144 608 1321 654; x_wconf 65' lang='lat' dir='ltr'>umbra</span> <span class='ocrx_word' id='word_1_38' title='bbox 1342 624 1351 654; x_wconf 90' lang='lat'>:</span> 
     </span>
    </p>
   </div>
   <div class='ocr_carea' id='block_1_7' title="bbox 183 680 1291 749">
    <p class='ocr_par' dir='ltr' id='par_1_7' title="bbox 183 680 1291 749">
     <span class='ocr_line' id='line_1_9' title="bbox 183 680 1291 749; baseline 0.002 -20"><span class='ocrx_word' id='word_1_39' title='bbox 183 680 293 736; x_wconf 84' lang='lat' dir='ltr'>Quo</span> <span class='ocrx_word' id='word_1_40' title='bbox 316 684 430 730; x_wconf 89' lang='lat' dir='ltr'>tulit</span> <span class='ocrx_word' id='word_1_41' title='bbox 454 683 541 731; x_wconf 92' lang='lat' dir='ltr'>illa</span> <span class='ocrx_word' id='word_1_42' title='bbox 565 701 682 732; x_wconf 89' lang='lat' dir='ltr'>suos</span> <span class='ocrx_word' id='word_1_43' title='bbox 707 686 771 733; x_wconf 90' lang='lat' dir='ltr'>ad</span> <span class='ocrx_word' id='word_1_44' title='bbox 796 702 932 733; x_wconf 89' lang='lat' dir='ltr'>mare</span> <span class='ocrx_word' id='word_1_45' title='bbox 959 701 1092 749; x_wconf 86' lang='lat' dir='ltr'>saepe</span> <span class='ocrx_word' id='word_1_46' title='bbox 1118 685 1291 748; x_wconf 87' lang='lat' dir='ltr'>pedes.</span> 
     </span>
    </p>
   </div>
   <div class='ocr_carea' id='block_1_8' title="bbox 1416 686 1514 730">
    <p class='ocr_par' dir='ltr' id='par_1_8' title="bbox 1416 686 1514 730">
     <span class='ocr_line' id='line_1_10' title="bbox 1416 686 1514 730; baseline 0 0"><span class='ocrx_word' id='word_1_47' title='bbox 1416 686 1514 730; x_wconf 83' lang='grc'>600</span> 
     </span>
    </p>
   </div>
   <div class='ocr_carea' id='block_1_9' title="bbox 111 757 1508 1054">
    <p class='ocr_par' dir='ltr' id='par_1_9' title="bbox 113 757 1350 902">
     <span class='ocr_line' id='line_1_11' title="bbox 113 757 1350 824; baseline 0.002 -20"><span class='ocrx_word' id='word_1_48' title='bbox 113 757 161 804; x_wconf 93' lang='lat' dir='ltr'>N</span> <span class='ocrx_word' id='word_1_49' title='bbox 166 774 262 805; x_wconf 91' lang='lat' dir='ltr'>ona</span> <span class='ocrx_word' id='word_1_50' title='bbox 284 761 538 807; x_wconf 89' lang='lat' dir='ltr'>terebatur</span> <span class='ocrx_word' id='word_1_51' title='bbox 562 761 755 810; x_wconf 88' lang='lat' dir='ltr'>miserae</span> <span class='ocrx_word' id='word_1_52' title='bbox 779 762 874 809; x_wconf 88' lang='lat' dir='ltr'>via.</span> <span class='ocrx_word' id='word_1_53' title='bbox 913 761 1130 816; x_wconf 85' lang='lat' dir='ltr'>Videris,</span> <span class='ocrx_word' id='word_1_54' title='bbox 1159 760 1350 824; x_wconf 89' lang='lat' dir='ltr'>inquit:</span> 
     </span>
     <span class='ocr_line' id='line_1_12' title="bbox 178 834 1223 902; baseline 0.004 -22"><span class='ocrx_word' id='word_1_55' title='bbox 178 834 246 881; x_wconf 89' lang='lat' dir='ltr'>Et</span> <span class='ocrx_word' id='word_1_56' title='bbox 271 844 470 899; x_wconf 89' lang='lat' dir='ltr'>spectat</span> <span class='ocrx_word' id='word_1_57' title='bbox 494 838 886 902; x_wconf 64' lang='lat' dir='ltr'>zonam&#39;pallida</span> <span class='ocrx_word' id='word_1_58' title='bbox 909 837 1044 885; x_wconf 89' lang='lat' dir='ltr'>facta</span> <span class='ocrx_word' id='word_1_59' title='bbox 1065 854 1223 885; x_wconf 89' lang='lat' dir='ltr'>suam.</span> 
     </span>
    </p>

    <p class='ocr_par' dir='ltr' id='par_1_10' title="bbox 111 909 1508 1054">
     <span class='ocr_line' id='line_1_13' title="bbox 111 909 1508 977; baseline 0.002 -21"><span class='ocrx_word' id='word_1_60' title='bbox 111 909 347 975; x_wconf 86' lang='lat' dir='ltr'>Adspicit</span> <span class='ocrx_word' id='word_1_61' title='bbox 363 920 414 960; x_wconf 92' lang='lat' dir='ltr'>et</span> <span class='ocrx_word' id='word_1_62' title='bbox 429 929 615 962; x_wconf 85' lang='lat' dir='ltr'>ramos:</span> <span class='ocrx_word' id='word_1_63' title='bbox 645 915 859 970; x_wconf 86' lang='lat' dir='ltr'>dubitat,</span> <span class='ocrx_word' id='word_1_64' title='bbox 879 913 1163 977; x_wconf 80' lang='lat' dir='ltr'>refugitque</span> <span class='ocrx_word' id='word_1_65' title='bbox 1180 913 1315 977; x_wconf 90' lang='lat' dir='ltr'>quod</span> <span class='ocrx_word' id='word_1_66' title='bbox 1333 912 1508 960; x_wconf 86' lang='lat' dir='ltr'>audet:</span> 
     </span>
     <span class='ocr_line' id='line_1_14' title="bbox 183 986 1295 1054; baseline 0.005 -21"><span class='ocrx_word' id='word_1_67' title='bbox 183 986 250 1034; x_wconf 89' lang='lat' dir='ltr'>Et</span> <span class='ocrx_word' id='word_1_68' title='bbox 274 988 445 1038; x_wconf 85' lang='lat' dir='ltr'>timet:</span> <span class='ocrx_word' id='word_1_69' title='bbox 485 998 537 1038; x_wconf 86' lang='lat' dir='ltr'>et</span> <span class='ocrx_word' id='word_1_70' title='bbox 558 991 744 1054; x_wconf 83' lang='lat' dir='ltr'>digitos</span> <span class='ocrx_word' id='word_1_71' title='bbox 771 992 835 1038; x_wconf 92' lang='lat' dir='ltr'>ad</span> <span class='ocrx_word' id='word_1_72' title='bbox 862 1008 952 1040; x_wconf 87' lang='lat' dir='ltr'>sua</span> <span class='ocrx_word' id='word_1_73' title='bbox 976 993 1106 1040; x_wconf 92' lang='lat' dir='ltr'>colla</span> <span class='ocrx_word' id='word_1_74' title='bbox 1129 991 1295 1039; x_wconf 84' lang='lat' dir='ltr'>refert.</span> 
     </span>
    </p>
   </div>
   <div class='ocr_carea' id='block_1_10' title="bbox 117 1062 1332 1124">
    <p class='ocr_par' dir='ltr' id='par_1_11' title="bbox 117 1062 1332 1124">
     <span class='ocr_line' id='line_1_15' title="bbox 117 1062 1332 1124; baseline 0.004 -15"><span class='ocrx_word' id='word_1_75' title='bbox 117 1062 330 1121; x_wconf 68' lang='lat' dir='ltr'>Simoni,</span> <span class='ocrx_word' id='word_1_76' title='bbox 358 1073 477 1114; x_wconf 90' lang='lat' dir='ltr'>tunc</span> <span class='ocrx_word' id='word_1_77' title='bbox 504 1074 638 1116; x_wconf 85' lang='lat' dir='ltr'>certe</span> <span class='ocrx_word' id='word_1_78' title='bbox 663 1069 843 1116; x_wconf 87' lang='lat' dir='ltr'>vellem</span> <span class='ocrx_word' id='word_1_79' title='bbox 868 1085 966 1116; x_wconf 91' lang='lat' dir='ltr'>non</span> <span class='ocrx_word' id='word_1_80' title='bbox 993 1069 1099 1116; x_wconf 88' lang='lat' dir='ltr'>sola</span> <span class='ocrx_word' id='word_1_81' title='bbox 1122 1068 1332 1124; x_wconf 88' lang='lat' dir='ltr'>fuisses;</span> 
     </span>
    </p>
   </div>
   <div class='ocr_carea' id='block_1_11' title="bbox 1415 1068 1511 1113">
    <p class='ocr_par' dir='ltr' id='par_1_12' title="bbox 1415 1068 1511 1113">
     <span class='ocr_line' id='line_1_16' title="bbox 1415 1068 1511 1113; baseline -0.01 0"><span class='ocrx_word' id='word_1_82' title='bbox 1415 1068 1511 1113; x_wconf 87' lang='grc'>605</span> 
     </span>
    </p>
   </div>
   <div class='ocr_carea' id='block_1_12' title="bbox 113 1140 1506 1439">
    <p class='ocr_par' dir='ltr' id='par_1_13' title="bbox 115 1140 1319 1285">
     <span class='ocr_line' id='line_1_17' title="bbox 182 1140 1319 1208; baseline 0.003 -21"><span class='ocrx_word' id='word_1_83' title='bbox 182 1140 231 1186; x_wconf 93' lang='lat' dir='ltr'>N</span> <span class='ocrx_word' id='word_1_84' title='bbox 235 1157 298 1188; x_wconf 92' lang='lat' dir='ltr'>on</span> <span class='ocrx_word' id='word_1_85' title='bbox 321 1142 466 1190; x_wconf 89' lang='lat' dir='ltr'>fieres</span> <span class='ocrx_word' id='word_1_86' title='bbox 493 1144 671 1208; x_wconf 87' lang='lat' dir='ltr'>positis</span> <span class='ocrx_word' id='word_1_87' title='bbox 697 1144 952 1208; x_wconf 82' lang='lat' dir='ltr'>Phyllida,</span> <span class='ocrx_word' id='word_1_88' title='bbox 981 1146 1119 1201; x_wconf 90' lang='lat' dir='ltr'>silva,</span> <span class='ocrx_word' id='word_1_89' title='bbox 1147 1145 1319 1193; x_wconf 89' lang='lat' dir='ltr'>comis.</span> 
     </span>
     <span class='ocr_line' id='line_1_18' title="bbox 115 1215 1298 1285; baseline 0.006 -23"><span class='ocrx_word' id='word_1_90' title='bbox 115 1215 364 1280; x_wconf 88' lang='lat' dir='ltr'>Phyllidis</span> <span class='ocrx_word' id='word_1_91' title='bbox 391 1221 625 1285; x_wconf 84' lang='lat' dir='ltr'>exemplo</span> <span class='ocrx_word' id='word_1_92' title='bbox 651 1221 859 1268; x_wconf 88' lang='lat' dir='ltr'>nimium</span> <span class='ocrx_word' id='word_1_93' title='bbox 885 1229 1081 1270; x_wconf 86' lang='lat' dir='ltr'>secreta</span> <span class='ocrx_word' id='word_1_94' title='bbox 1105 1222 1298 1277; x_wconf 89' lang='lat' dir='ltr'>timete,</span> 
     </span>
    </p>

    <p class='ocr_par' dir='ltr' id='par_1_14' title="bbox 113 1293 1506 1439">
     <span class='ocr_line' id='line_1_19' title="bbox 181 1293 1200 1363; baseline 0.007 -23"><span class='ocrx_word' id='word_1_95' title='bbox 181 1293 323 1343; x_wconf 86' lang='lat' dir='ltr'>Laese</span> <span class='ocrx_word' id='word_1_96' title='bbox 347 1296 419 1343; x_wconf 88' lang='lat' dir='ltr'>vir</span> <span class='ocrx_word' id='word_1_97' title='bbox 446 1298 475 1345; x_wconf 73' lang='lat' dir='ltr'>a</span> <span class='ocrx_word' id='word_1_98' title='bbox 501 1298 719 1354; x_wconf 62' lang='lat' dir='ltr'>dominii,</span> <span class='ocrx_word' id='word_1_99' title='bbox 747 1299 867 1347; x_wconf 81' lang='lat' dir='ltr'>laesa</span> <span class='ocrx_word' id='word_1_100' title='bbox 891 1300 1059 1363; x_wconf 91' lang='lat' dir='ltr'>puella</span> <span class='ocrx_word' id='word_1_101' title='bbox 1082 1300 1200 1347; x_wconf 88' lang='lat' dir='ltr'>viro.</span> 
     </span>
     <span class='ocr_line' id='line_1_20' title="bbox 113 1369 1506 1439; baseline 0.001 -22"><span class='ocrx_word' id='word_1_102' title='bbox 113 1369 426 1420; x_wconf 79' lang='lat' dir='ltr'>Praestiterat</span> <span class='ocrx_word' id='word_1_103' title='bbox 444 1375 661 1437; x_wconf 85' lang='lat' dir='ltr'>juvenis,</span> <span class='ocrx_word' id='word_1_104' title='bbox 686 1376 935 1439; x_wconf 90' lang='lat' dir='ltr'>quidquid</span> <span class='ocrx_word' id='word_1_105' title='bbox 960 1392 1072 1424; x_wconf 87' lang='lat' dir='ltr'>mea</span> <span class='ocrx_word' id='word_1_106' title='bbox 1098 1375 1249 1422; x_wconf 87' lang='lat' dir='ltr'>Musa</span> <span class='ocrx_word' id='word_1_107' title='bbox 1267 1373 1506 1438; x_wconf 83' lang='lat' dir='ltr'>jubebat3</span> 
     </span>
    </p>
   </div>
   <div class='ocr_carea' id='block_1_13' title="bbox 181 1447 1151 1517">
    <p class='ocr_par' dir='ltr' id='par_1_15' title="bbox 181 1447 1151 1517">
     <span class='ocr_line' id='line_1_21' title="bbox 181 1447 1151 1517; baseline 0.004 -22"><span class='ocrx_word' id='word_1_108' title='bbox 181 1447 343 1512; x_wconf 88' lang='lat' dir='ltr'>Inque</span> <span class='ocrx_word' id='word_1_109' title='bbox 369 1467 471 1497; x_wconf 86' lang='lat' dir='ltr'>suae</span> <span class='ocrx_word' id='word_1_110' title='bbox 496 1460 644 1515; x_wconf 92' lang='lat' dir='ltr'>portu</span> <span class='ocrx_word' id='word_1_111' title='bbox 669 1469 799 1517; x_wconf 88' lang='lat' dir='ltr'>pene</span> <span class='ocrx_word' id='word_1_112' title='bbox 825 1454 1001 1500; x_wconf 88' lang='lat' dir='ltr'>salutis</span> <span class='ocrx_word' id='word_1_113' title='bbox 1028 1459 1151 1500; x_wconf 87' lang='lat' dir='ltr'>erat.</span> 
     </span>
    </p>
   </div>
   <div class='ocr_carea' id='block_1_14' title="bbox 1414 1452 1512 1496">
    <p class='ocr_par' dir='ltr' id='par_1_16' title="bbox 1414 1452 1512 1496">
     <span class='ocr_line' id='line_1_22' title="bbox 1414 1452 1512 1496; baseline -0.01 0"><span class='ocrx_word' id='word_1_114' title='bbox 1414 1452 1512 1496; x_wconf 88' lang='grc'>610</span> 
     </span>
    </p>
   </div>
   <div class='ocr_carea' id='block_1_15' title="bbox 115 1522 1317 1667">
    <p class='ocr_par' dir='ltr' id='par_1_17' title="bbox 115 1522 1317 1667">
     <span class='ocr_line' id='line_1_23' title="bbox 115 1522 1306 1593; baseline 0.003 -22"><span class='ocrx_word' id='word_1_115' title='bbox 115 1522 332 1583; x_wconf 88' lang='lat' dir='ltr'>Recidit,</span> <span class='ocrx_word' id='word_1_116' title='bbox 359 1535 415 1575; x_wconf 87' lang='lat' dir='ltr'>ut</span> <span class='ocrx_word' id='word_1_117' title='bbox 438 1529 649 1593; x_wconf 86' lang='lat' dir='ltr'>cupidos</span> <span class='ocrx_word' id='word_1_118' title='bbox 676 1531 805 1579; x_wconf 90' lang='lat' dir='ltr'>inter</span> <span class='ocrx_word' id='word_1_119' title='bbox 829 1530 1029 1578; x_wconf 83' lang='lat' dir='ltr'>devenit</span> <span class='ocrx_word' id='word_1_120' title='bbox 1053 1536 1277 1577; x_wconf 87' lang='lat' dir='ltr'>amantes</span> <span class='ocrx_word' id='word_1_121' title='bbox 1297 1545 1306 1575; x_wconf 91' lang='lat'>:</span> 
     </span>
     <span class='ocr_line' id='line_1_24' title="bbox 181 1601 1317 1667; baseline 0.002 -17"><span class='ocrx_word' id='word_1_122' title='bbox 181 1601 263 1659; x_wconf 87' lang='lat' dir='ltr'>Et,</span> <span class='ocrx_word' id='word_1_123' title='bbox 290 1620 403 1667; x_wconf 88' lang='lat' dir='ltr'>quae</span> <span class='ocrx_word' id='word_1_124' title='bbox 429 1606 738 1664; x_wconf 88' lang='lat' dir='ltr'>condiderat,</span> <span class='ocrx_word' id='word_1_125' title='bbox 767 1609 867 1656; x_wconf 90' lang='lat' dir='ltr'>tela</span> <span class='ocrx_word' id='word_1_126' title='bbox 890 1607 1124 1656; x_wconf 89' lang='lat' dir='ltr'>resumsit</span> <span class='ocrx_word' id='word_1_127' title='bbox 1147 1606 1317 1653; x_wconf 87' lang='lat' dir='ltr'>Amor.</span> 
     </span>
    </p>
   </div>
   <div class='ocr_carea' id='block_1_16' title="bbox 109 1743 781 2529">
    <p class='ocr_par' dir='ltr' id='par_1_18' title="bbox 109 1743 781 1922">
     <span class='ocr_line' id='line_1_25' title="bbox 111 1743 781 1786; baseline 0.013 -12"><span class='ocrx_word' id='word_1_128' title='bbox 111 1743 292 1786; x_wconf 81' lang='lat' dir='ltr'>Naugerius</span> <span class='ocrx_word' id='word_1_129' title='bbox 310 1746 344 1778; x_wconf 93' lang='lat' dir='ltr'>in</span> <span class='ocrx_word' id='word_1_130' title='bbox 358 1747 441 1780; x_wconf 88' lang='lat' dir='ltr'>notis</span> <span class='ocrx_word' id='word_1_131' title='bbox 464 1749 528 1780; x_wconf 88' lang='lat' dir='ltr'>suis</span> <span class='ocrx_word' id='word_1_132' title='bbox 551 1755 583 1781; x_wconf 91' lang='lat' dir='ltr'>et</span> <span class='ocrx_word' id='word_1_133' title='bbox 599 1750 781 1782; x_wconf 84' lang='lat' dir='ltr'>Alexander</span> 
     </span>
     <span class='ocr_line' id='line_1_26' title="bbox 113 1793 779 1842; baseline 0.014 -19"><span class='ocrx_word' id='word_1_134' title='bbox 113 1793 293 1835; x_wconf 85' lang='lat' dir='ltr'>Pagauinus</span> <span class='ocrx_word' id='word_1_135' title='bbox 325 1797 409 1838; x_wconf 91' lang='lat' dir='ltr'>apud</span> <span class='ocrx_word' id='word_1_136' title='bbox 444 1798 612 1830; x_wconf 85' lang='lat' dir='ltr'>Ciofanum</span> <span class='ocrx_word' id='word_1_137' title='bbox 641 1800 779 1842; x_wconf 85' lang='lat' dir='ltr'>amplec-</span> 
     </span>
     <span class='ocr_line' id='line_1_27' title="bbox 109 1845 779 1886; baseline 0.015 -15"><span class='ocrx_word' id='word_1_138' title='bbox 109 1846 227 1874; x_wconf 87' lang='lat' dir='ltr'>tuntur.</span> <span class='ocrx_word' id='word_1_139' title='bbox 244 1845 319 1885; x_wconf 86' lang='lat' dir='ltr'>quia</span> <span class='ocrx_word' id='word_1_140' title='bbox 333 1845 454 1878; x_wconf 89' lang='lat' dir='ltr'>scilicet</span> <span class='ocrx_word' id='word_1_141' title='bbox 466 1848 594 1886; x_wconf 85' lang='lat' dir='ltr'>Noster,</span> <span class='ocrx_word' id='word_1_142' title='bbox 604 1849 740 1881; x_wconf 88' lang='lat' dir='ltr'>Art.lib.</span> <span class='ocrx_word' id='word_1_143' title='bbox 757 1850 779 1881; x_wconf 86' lang='lat' dir='ltr'>i.</span> 
     </span>
     <span class='ocr_line' id='line_1_28' title="bbox 115 1891 190 1922; baseline 0.013 -1"><span class='ocrx_word' id='word_1_144' title='bbox 115 1891 190 1922; x_wconf 85' lang='lat'>312.</span> 
     </span>
    </p>

    <p class='ocr_par' dir='ltr' id='par_1_19' title="bbox 110 1940 780 2529">
     <span class='ocr_line' id='line_1_29' title="bbox 156 1940 780 1979; baseline 0.014 -9"><span class='ocrx_word' id='word_1_145' title='bbox 156 1940 272 1972; x_wconf 82' lang='lat' dir='ltr'>Fertur</span> <span class='ocrx_word' id='word_1_146' title='bbox 285 1949 322 1973; x_wconf 81' lang='lat' dir='ltr'>ut</span> <span class='ocrx_word' id='word_1_147' title='bbox 337 1945 433 1975; x_wconf 76' lang='lat' dir='ltr'>Aonio</span> <span class='ocrx_word' id='word_1_148' title='bbox 447 1948 563 1977; x_wconf 78' lang='lat' dir='ltr'>concita</span> <span class='ocrx_word' id='word_1_149' title='bbox 578 1946 699 1978; x_wconf 81' lang='lat' dir='ltr'>Baccha</span> <span class='ocrx_word' id='word_1_150' title='bbox 715 1950 780 1979; x_wconf 80' lang='lat' dir='ltr'>deo.</span> 
     </span>
     <span class='ocr_line' id='line_1_30' title="bbox 113 1989 777 2028; baseline 0.012 -9"><span class='ocrx_word' id='word_1_151' title='bbox 113 1989 155 2019; x_wconf 86' lang='lat' dir='ltr'>Et</span> <span class='ocrx_word' id='word_1_152' title='bbox 179 1990 234 2021; x_wconf 90' lang='lat' dir='ltr'>lib.</span> <span class='ocrx_word' id='word_1_153' title='bbox 262 1992 295 2023; x_wconf 85' lang='lat' dir='ltr'>ii.</span> <span class='ocrx_word' id='word_1_154' title='bbox 321 1994 397 2025; x_wconf 85' lang='grc'>380.</span> <span class='ocrx_word' id='word_1_155' title='bbox 443 1995 533 2025; x_wconf 79' lang='lat' dir='ltr'>Aonii</span> <span class='ocrx_word' id='word_1_156' title='bbox 556 1997 693 2027; x_wconf 80' lang='lat' dir='ltr'>cornibus</span> <span class='ocrx_word' id='word_1_157' title='bbox 716 1999 777 2028; x_wconf 80' lang='lat' dir='ltr'>icta</span> 
     </span>
     <span class='ocr_line' id='line_1_31' title="bbox 114 2037 777 2083; baseline 0.014 -16"><span class='ocrx_word' id='word_1_158' title='bbox 114 2037 184 2074; x_wconf 85' lang='lat' dir='ltr'>Dei,</span> <span class='ocrx_word' id='word_1_159' title='bbox 205 2039 329 2071; x_wconf 84' lang='lat' dir='ltr'>dixerit.</span> <span class='ocrx_word' id='word_1_160' title='bbox 350 2042 405 2073; x_wconf 85' lang='lat' dir='ltr'>sed</span> <span class='ocrx_word' id='word_1_161' title='bbox 420 2042 458 2073; x_wconf 91' lang='lat' dir='ltr'>de</span> <span class='ocrx_word' id='word_1_162' title='bbox 475 2043 611 2074; x_wconf 83' lang='lat' dir='ltr'>Bacchis</span> <span class='ocrx_word' id='word_1_163' title='bbox 625 2045 777 2083; x_wconf 89' lang='lat' dir='ltr'>Thraciis,</span> 
     </span>
     <span class='ocr_line' id='line_1_32' title="bbox 113 2089 777 2126; baseline 0.014 -9"><span class='ocrx_word' id='word_1_164' title='bbox 113 2092 144 2117; x_wconf 86' lang='lat' dir='ltr'>et</span> <span class='ocrx_word' id='word_1_165' title='bbox 163 2089 250 2120; x_wconf 88' lang='lat' dir='ltr'>cultu</span> <span class='ocrx_word' id='word_1_166' title='bbox 264 2090 385 2121; x_wconf 86' lang='lat' dir='ltr'>Bacchi</span> <span class='ocrx_word' id='word_1_167' title='bbox 399 2091 431 2121; x_wconf 92' lang='lat' dir='ltr'>in</span> <span class='ocrx_word' id='word_1_168' title='bbox 446 2092 580 2124; x_wconf 88' lang='lat' dir='ltr'>Thracia</span> <span class='ocrx_word' id='word_1_169' title='bbox 598 2104 647 2125; x_wconf 86' lang='lat' dir='ltr'>res</span> <span class='ocrx_word' id='word_1_170' title='bbox 661 2100 708 2125; x_wconf 87' lang='lat' dir='ltr'>est</span> <span class='ocrx_word' id='word_1_171' title='bbox 723 2106 777 2126; x_wconf 93' lang='lat' dir='ltr'>no-</span> 
     </span>
     <span class='ocr_line' id='line_1_33' title="bbox 111 2134 775 2183; baseline 0.015 -18"><span class='ocrx_word' id='word_1_172' title='bbox 111 2134 242 2168; x_wconf 81' lang='lat' dir='ltr'>tissima.</span> <span class='ocrx_word' id='word_1_173' title='bbox 265 2137 336 2169; x_wconf 88' lang='lat' dir='ltr'>vide</span> <span class='ocrx_word' id='word_1_174' title='bbox 355 2139 447 2171; x_wconf 87' lang='lat' dir='ltr'>Trist.</span> <span class='ocrx_word' id='word_1_175' title='bbox 471 2141 512 2172; x_wconf 93' lang='lat' dir='ltr'>iv.</span> <span class='ocrx_word' id='word_1_176' title='bbox 536 2142 627 2183; x_wconf 89' lang='lat' dir='ltr'>Eleg.</span> <span class='ocrx_word' id='word_1_177' title='bbox 648 2142 669 2173; x_wconf 89' lang='lat' dir='ltr'>i.</span> <span class='ocrx_word' id='word_1_178' title='bbox 694 2154 775 2175; x_wconf 89' lang='lat' dir='ltr'>vers.</span> 
     </span>
     <span class='ocr_line' id='line_1_34' title="bbox 112 2184 777 2224; baseline 0.015 -11"><span class='ocrx_word' id='word_1_179' title='bbox 112 2184 165 2214; x_wconf 81' lang='lat'>42.</span> <span class='ocrx_word' id='word_1_180' title='bbox 194 2186 313 2218; x_wconf 66' lang='lat' dir='ltr'>lems.</span> <span class='ocrx_word' id='word_1_181' title='bbox 336 2189 431 2219; x_wconf 81' lang='lat' dir='ltr'>Aonio</span> <span class='ocrx_word' id='word_1_182' title='bbox 446 2190 541 2221; x_wconf 85' lang='lat' dir='ltr'>etiam</span> <span class='ocrx_word' id='word_1_183' title='bbox 557 2191 598 2222; x_wconf 92' lang='lat' dir='ltr'>G.</span> <span class='ocrx_word' id='word_1_184' title='bbox 615 2192 777 2224; x_wconf 81' lang='lat' dir='ltr'>Fabricius</span> 
     </span>
     <span class='ocr_line' id='line_1_35' title="bbox 113 2233 776 2282; baseline 0.015 -19"><span class='ocrx_word' id='word_1_185' title='bbox 113 2233 153 2263; x_wconf 84' lang='lat' dir='ltr'>ad</span> <span class='ocrx_word' id='word_1_186' title='bbox 162 2233 276 2276; x_wconf 86' lang='lat' dir='ltr'>Virgil.</span> <span class='ocrx_word' id='word_1_187' title='bbox 289 2236 346 2267; x_wconf 84' lang='lat' dir='ltr'>xii.</span> <span class='ocrx_word' id='word_1_188' title='bbox 358 2238 490 2270; x_wconf 80' lang='lat' dir='ltr'>AEne&#39;id.</span> <span class='ocrx_word' id='word_1_189' title='bbox 503 2240 576 2271; x_wconf 81' lang='lat'>365.</span> <span class='ocrx_word' id='word_1_190' title='bbox 589 2251 683 2282; x_wconf 82' lang='lat' dir='ltr'>quem</span> <span class='ocrx_word' id='word_1_191' title='bbox 693 2242 776 2273; x_wconf 85' lang='lat' dir='ltr'>vide.</span> 
     </span>
     <span class='ocr_line' id='line_1_36' title="bbox 110 2282 776 2325; baseline 0.017 -14"><span class='ocrx_word' id='word_1_192' title='bbox 110 2282 166 2312; x_wconf 86' lang='lat' dir='ltr'>sed</span> <span class='ocrx_word' id='word_1_193' title='bbox 194 2284 326 2325; x_wconf 74' lang='lat' dir='ltr'>referens</span> <span class='ocrx_word' id='word_1_194' title='bbox 351 2297 412 2317; x_wconf 86' lang='lat' dir='ltr'>non</span> <span class='ocrx_word' id='word_1_195' title='bbox 440 2288 535 2320; x_wconf 88' lang='lat' dir='ltr'>debet</span> <span class='ocrx_word' id='word_1_196' title='bbox 561 2290 675 2321; x_wconf 88' lang='lat' dir='ltr'>mutari</span> <span class='ocrx_word' id='word_1_197' title='bbox 689 2302 695 2320; x_wconf 95' lang='lat'>:</span> <span class='ocrx_word' id='word_1_198' title='bbox 730 2297 776 2322; x_wconf 86' lang='lat' dir='ltr'>est</span> 
     </span>
     <span class='ocr_line' id='line_1_37' title="bbox 111 2331 774 2382; baseline 0.017 -21"><span class='ocrx_word' id='word_1_199' title='bbox 111 2331 194 2362; x_wconf 89' lang='lat' dir='ltr'>enim</span> <span class='ocrx_word' id='word_1_200' title='bbox 209 2335 368 2376; x_wconf 89' lang='lat' dir='ltr'>proprium</span> <span class='ocrx_word' id='word_1_201' title='bbox 382 2336 416 2367; x_wconf 89' lang='lat' dir='ltr'>in</span> <span class='ocrx_word' id='word_1_202' title='bbox 438 2339 533 2369; x_wconf 83' lang='lat' dir='ltr'>sacris</span> <span class='ocrx_word' id='word_1_203' title='bbox 547 2340 688 2377; x_wconf 91' lang='lat' dir='ltr'>verbum,</span> <span class='ocrx_word' id='word_1_204' title='bbox 704 2352 774 2382; x_wconf 86' lang='lat' dir='ltr'>quae</span> 
     </span>
     <span class='ocr_line' id='line_1_38' title="bbox 112 2379 776 2424; baseline 0.015 -14"><span class='ocrx_word' id='word_1_205' title='bbox 112 2379 296 2420; x_wconf 86' lang='lat' dir='ltr'>referuntur,</span> <span class='ocrx_word' id='word_1_206' title='bbox 312 2390 343 2415; x_wconf 86' lang='lat' dir='ltr'>et</span> <span class='ocrx_word' id='word_1_207' title='bbox 357 2384 579 2424; x_wconf 82' lang='lat' dir='ltr'>instaurantur,</span> <span class='ocrx_word' id='word_1_208' title='bbox 594 2399 678 2419; x_wconf 88' lang='lat' dir='ltr'>more</span> <span class='ocrx_word' id='word_1_209' title='bbox 695 2390 776 2420; x_wconf 86' lang='lat' dir='ltr'>anti-</span> 
     </span>
     <span class='ocr_line' id='line_1_39' title="bbox 113 2433 776 2475; baseline 0.015 -16"><span class='ocrx_word' id='word_1_210' title='bbox 113 2437 175 2469; x_wconf 91' lang='lat' dir='ltr'>quo</span> <span class='ocrx_word' id='word_1_211' title='bbox 204 2436 236 2461; x_wconf 87' lang='lat' dir='ltr'>et</span> <span class='ocrx_word' id='word_1_212' title='bbox 265 2443 285 2463; x_wconf 91' lang='lat' dir='ltr'>a</span> <span class='ocrx_word' id='word_1_213' title='bbox 312 2433 482 2475; x_wconf 87' lang='lat' dir='ltr'>majoribus</span> <span class='ocrx_word' id='word_1_214' title='bbox 510 2435 664 2468; x_wconf 87' lang='lat' dir='ltr'>instituto.</span> <span class='ocrx_word' id='word_1_215' title='bbox 725 2438 776 2469; x_wconf 87' lang='lat' dir='ltr'>De</span> 
     </span>
     <span class='ocr_line' id='line_1_40' title="bbox 113 2480 778 2529; baseline 0.015 -21"><span class='ocrx_word' id='word_1_216' title='bbox 113 2487 188 2509; x_wconf 85' lang='lat' dir='ltr'>voce</span> <span class='ocrx_word' id='word_1_217' title='bbox 206 2480 310 2512; x_wconf 83' lang='lat' dir='ltr'>Edono</span> <span class='ocrx_word' id='word_1_218' title='bbox 330 2483 402 2513; x_wconf 89' lang='lat' dir='ltr'>vide</span> <span class='ocrx_word' id='word_1_219' title='bbox 424 2484 564 2516; x_wconf 82' lang='lat' dir='ltr'>Broukh.</span> <span class='ocrx_word' id='word_1_220' title='bbox 580 2486 619 2516; x_wconf 89' lang='lat' dir='ltr'>ad</span> <span class='ocrx_word' id='word_1_221' title='bbox 636 2487 778 2529; x_wconf 83' lang='lat' dir='ltr'>Propert.</span> 
     </span>
    </p>
   </div>
   <div class='ocr_carea' id='block_1_17' title="bbox 112 2524 775 2612">
    <p class='ocr_par' dir='ltr' id='par_1_20' title="bbox 112 2524 775 2612">
     <span class='ocr_line' id='line_1_41' title="bbox 112 2524 775 2570; baseline 0.017 -14"><span class='ocrx_word' id='word_1_222' title='bbox 112 2524 141 2557; x_wconf 89' lang='lat' dir='ltr'>I.</span> <span class='ocrx_word' id='word_1_223' title='bbox 166 2528 255 2570; x_wconf 84' lang='lat' dir='ltr'>Eleg.</span> <span class='ocrx_word' id='word_1_224' title='bbox 278 2530 322 2561; x_wconf 89' lang='lat' dir='ltr'>iii.</span> <span class='ocrx_word' id='word_1_225' title='bbox 343 2532 374 2562; x_wconf 85' lang='lat'>6.</span> <span class='ocrx_word' id='word_1_226' title='bbox 393 2538 424 2563; x_wconf 87' lang='lat' dir='ltr'>et</span> <span class='ocrx_word' id='word_1_227' title='bbox 446 2533 556 2565; x_wconf 88' lang='lat' dir='ltr'>Barth.</span> <span class='ocrx_word' id='word_1_228' title='bbox 579 2535 620 2565; x_wconf 83' lang='lat' dir='ltr'>ad</span> <span class='ocrx_word' id='word_1_229' title='bbox 639 2536 720 2566; x_wconf 88' lang='lat' dir='ltr'>Stat.</span> <span class='ocrx_word' id='word_1_230' title='bbox 743 2547 775 2567; x_wconf 85' lang='lat' dir='ltr'>v.</span> 
     </span>
     <span class='ocr_line' id='line_1_42' title="bbox 112 2575 442 2612; baseline 0.018 -6"><span class='ocrx_word' id='word_1_231' title='bbox 112 2575 212 2608; x_wconf 91' lang='lat' dir='ltr'>Theb.</span> <span class='ocrx_word' id='word_1_232' title='bbox 229 2579 280 2610; x_wconf 88' lang='lat'>78.</span> <span class='ocrx_word' id='word_1_233' title='bbox 324 2581 442 2612; x_wconf 67' lang='lat' dir='ltr'>Evam.</span> 
     </span>
    </p>
   </div>
   <div class='ocr_carea' id='block_1_18' title="bbox 105 2628 777 2774">
    <p class='ocr_par' dir='ltr' id='par_1_21' title="bbox 105 2628 777 2774">
     <span class='ocr_line' id='line_1_43' title="bbox 157 2628 775 2664; baseline 0.011 -7"><span class='ocrx_word' id='word_1_234' title='bbox 157 2628 230 2658; x_wconf 91' lang='grc'>601.</span> <span class='ocrx_word' id='word_1_235' title='bbox 264 2629 355 2660; x_wconf 78' lang='lat' dir='ltr'>Nona</span> <span class='ocrx_word' id='word_1_236' title='bbox 386 2634 539 2662; x_wconf 80' lang='lat' dir='ltr'>terebatur</span> <span class='ocrx_word' id='word_1_237' title='bbox 563 2635 673 2664; x_wconf 64' lang='lat' dir='ltr'>miser-&lt;e</span> <span class='ocrx_word' id='word_1_238' title='bbox 706 2636 775 2664; x_wconf 68' lang='lat' dir='ltr'>cia:</span> 
     </span>
     <span class='ocr_line' id='line_1_44' title="bbox 113 2677 777 2722; baseline 0.011 -16"><span class='ocrx_word' id='word_1_239' title='bbox 113 2677 233 2713; x_wconf 76' lang='lat' dir='ltr'>viderit,</span> <span class='ocrx_word' id='word_1_240' title='bbox 246 2679 356 2718; x_wconf 78' lang='lat' dir='ltr'>inquit,</span> <span class='ocrx_word' id='word_1_241' title='bbox 371 2680 411 2709; x_wconf 84' lang='lat' dir='ltr'>Et</span> <span class='ocrx_word' id='word_1_242' title='bbox 423 2688 535 2719; x_wconf 79' lang='lat' dir='ltr'>spectat</span> <span class='ocrx_word' id='word_1_243' title='bbox 548 2693 649 2712; x_wconf 66' lang='lat' dir='ltr'>numm</span> <span class='ocrx_word' id='word_1_244' title='bbox 658 2684 777 2722; x_wconf 68' lang='lat' dir='ltr'>pallida</span> 
     </span>
     <span class='ocr_line' id='line_1_45' title="bbox 105 2725 777 2774; baseline 0.012 -18"><span class='ocrx_word' id='word_1_245' title='bbox 105 2725 198 2765; x_wconf 78' lang='lat' dir='ltr'>facta</span> <span class='ocrx_word' id='word_1_246' title='bbox 229 2729 344 2769; x_wconf 55' lang='lat' dir='ltr'>suumn]</span> <span class='ocrx_word' id='word_1_247' title='bbox 385 2729 477 2761; x_wconf 86' lang='lat' dir='ltr'>Hunc</span> <span class='ocrx_word' id='word_1_248' title='bbox 506 2731 609 2763; x_wconf 88' lang='lat' dir='ltr'>locum</span> <span class='ocrx_word' id='word_1_249' title='bbox 637 2732 777 2774; x_wconf 85' lang='lat' dir='ltr'>explicat</span> 
     </span>
    </p>
   </div>
   <div class='ocr_carea' id='block_1_19' title="bbox 842 1746 1512 2726">
    <p class='ocr_par' dir='ltr' id='par_1_22' title="bbox 847 1746 1512 1850">
     <span class='ocr_line' id='line_1_46' title="bbox 848 1746 1512 1792; baseline -0.011 -10"><span class='ocrx_word' id='word_1_250' title='bbox 848 1750 1043 1787; x_wconf 85' lang='lat' dir='ltr'>Parrhasius,</span> <span class='ocrx_word' id='word_1_251' title='bbox 1060 1751 1149 1792; x_wconf 86' lang='lat' dir='ltr'>cujus</span> <span class='ocrx_word' id='word_1_252' title='bbox 1165 1750 1260 1781; x_wconf 87' lang='lat' dir='ltr'>verba</span> <span class='ocrx_word' id='word_1_253' title='bbox 1279 1753 1310 1780; x_wconf 90' lang='lat' dir='ltr'>et</span> <span class='ocrx_word' id='word_1_254' title='bbox 1325 1746 1512 1779; x_wconf 83' lang='lat' dir='ltr'>sententiam</span> 
     </span>
     <span class='ocr_line' id='line_1_47' title="bbox 847 1797 1492 1850; baseline -0.009 -19"><span class='ocrx_word' id='word_1_255' title='bbox 847 1799 936 1842; x_wconf 81' lang='lat' dir='ltr'>posui</span> <span class='ocrx_word' id='word_1_256' title='bbox 952 1799 1041 1830; x_wconf 86' lang='lat' dir='ltr'>initio</span> <span class='ocrx_word' id='word_1_257' title='bbox 1057 1799 1127 1830; x_wconf 79' lang='lat' dir='ltr'>libri</span> <span class='ocrx_word' id='word_1_258' title='bbox 1144 1798 1321 1841; x_wconf 82' lang='lat' dir='ltr'>superioris,</span> <span class='ocrx_word' id='word_1_259' title='bbox 1367 1797 1461 1828; x_wconf 75' lang='lat' dir='ltr'>Cior.</span> <span class='ocrx_word' id='word_1_260' title='bbox 1485 1844 1492 1850; x_wconf 70' lang='lat'>.</span> 
     </span>
    </p>

    <p class='ocr_par' dir='ltr' id='par_1_23' title="bbox 842 1846 1512 2127">
     <span class='ocr_line' id='line_1_48' title="bbox 895 1846 1510 1889; baseline -0.008 -10"><span class='ocrx_word' id='word_1_261' title='bbox 895 1849 1023 1885; x_wconf 70' lang='lat' dir='ltr'>Viderit,</span> <span class='ocrx_word' id='word_1_262' title='bbox 1047 1848 1174 1889; x_wconf 82' lang='lat' dir='ltr'>inquit.]</span> <span class='ocrx_word' id='word_1_263' title='bbox 1211 1847 1358 1889; x_wconf 79' lang='lat' dir='ltr'>Optimus</span> <span class='ocrx_word' id='word_1_264' title='bbox 1383 1846 1510 1875; x_wconf 71' lang='lat' dir='ltr'>Patam-</span> 
     </span>
     <span class='ocr_line' id='line_1_49' title="bbox 848 1894 1510 1938; baseline -0.008 -10"><span class='ocrx_word' id='word_1_265' title='bbox 848 1909 917 1935; x_wconf 91' lang='lat' dir='ltr'>nus,</span> <span class='ocrx_word' id='word_1_266' title='bbox 954 1901 1077 1929; x_wconf 67' lang='lat' dir='ltr'>videris.</span> <span class='ocrx_word' id='word_1_267' title='bbox 1111 1905 1147 1928; x_wconf 90' lang='lat' dir='ltr'>ut</span> <span class='ocrx_word' id='word_1_268' title='bbox 1175 1908 1207 1928; x_wconf 88' lang='lat' dir='ltr'>se</span> <span class='ocrx_word' id='word_1_269' title='bbox 1238 1898 1337 1938; x_wconf 81' lang='lat' dir='ltr'>ipsam</span> <span class='ocrx_word' id='word_1_270' title='bbox 1368 1894 1510 1935; x_wconf 85' lang='lat' dir='ltr'>alloqua-</span> 
     </span>
     <span class='ocr_line' id='line_1_50' title="bbox 847 1944 1510 1996; baseline -0.008 -19"><span class='ocrx_word' id='word_1_271' title='bbox 847 1953 908 1979; x_wconf 91' lang='lat' dir='ltr'>tur.</span> <span class='ocrx_word' id='word_1_272' title='bbox 937 1947 1093 1989; x_wconf 85' lang='lat' dir='ltr'>quomodo</span> <span class='ocrx_word' id='word_1_273' title='bbox 1113 1957 1195 1989; x_wconf 83' lang='lat' dir='ltr'>saepe</span> <span class='ocrx_word' id='word_1_274' title='bbox 1215 1946 1304 1976; x_wconf 84' lang='lat' dir='ltr'>alias.</span> <span class='ocrx_word' id='word_1_275' title='bbox 1328 1944 1399 1975; x_wconf 88' lang='lat' dir='ltr'>vide</span> <span class='ocrx_word' id='word_1_276' title='bbox 1421 1949 1510 1996; x_wconf 79' lang='lat' dir='ltr'>notas</span> 
     </span>
     <span class='ocr_line' id='line_1_51' title="bbox 848 1992 1509 2039; baseline -0.011 -11"><span class='ocrx_word' id='word_1_277' title='bbox 848 1997 888 2028; x_wconf 85' lang='lat' dir='ltr'>ad</span> <span class='ocrx_word' id='word_1_278' title='bbox 913 1997 1013 2039; x_wconf 88' lang='lat' dir='ltr'>Epist.</span> <span class='ocrx_word' id='word_1_279' title='bbox 1038 2008 1068 2028; x_wconf 85' lang='lat' dir='ltr'>x.</span> <span class='ocrx_word' id='word_1_280' title='bbox 1098 2007 1176 2027; x_wconf 79' lang='lat' dir='ltr'>vers,</span> <span class='ocrx_word' id='word_1_281' title='bbox 1206 1996 1256 2026; x_wconf 88' lang='grc'>75.</span> <span class='ocrx_word' id='word_1_282' title='bbox 1287 1994 1325 2025; x_wconf 84' lang='lat' dir='ltr'>de</span> <span class='ocrx_word' id='word_1_283' title='bbox 1353 1992 1509 2033; x_wconf 69' lang='lat' dir='ltr'>elegantia</span> 
     </span>
     <span class='ocr_line' id='line_1_52' title="bbox 844 2041 1512 2081; baseline -0.009 -5"><span class='ocrx_word' id='word_1_284' title='bbox 844 2046 929 2076; x_wconf 89' lang='lat' dir='ltr'>verbi</span> <span class='ocrx_word' id='word_1_285' title='bbox 943 2048 1056 2076; x_wconf 76' lang='lat' dir='ltr'>videris</span> <span class='ocrx_word' id='word_1_286' title='bbox 1074 2045 1138 2076; x_wconf 85' lang='lat' dir='ltr'>dixi</span> <span class='ocrx_word' id='word_1_287' title='bbox 1152 2044 1275 2075; x_wconf 84' lang='lat' dir='ltr'>Pontic.</span> <span class='ocrx_word' id='word_1_288' title='bbox 1292 2044 1370 2074; x_wconf 87' lang='lat' dir='ltr'>libro</span> <span class='ocrx_word' id='word_1_289' title='bbox 1386 2042 1406 2072; x_wconf 88' lang='lat' dir='ltr'>i.</span> <span class='ocrx_word' id='word_1_290' title='bbox 1424 2041 1512 2081; x_wconf 80' lang='lat' dir='ltr'>Eleg.</span> 
     </span>
     <span class='ocr_line' id='line_1_53' title="bbox 842 2095 1039 2127; baseline 0 -2"><span class='ocrx_word' id='word_1_291' title='bbox 842 2095 876 2127; x_wconf 87' lang='lat' dir='ltr'>ii.</span> <span class='ocrx_word' id='word_1_292' title='bbox 921 2096 1039 2126; x_wconf 63' lang='lat' dir='ltr'>mes.</span> 
     </span>
    </p>

    <p class='ocr_par' dir='ltr' id='par_1_24' title="bbox 842 2138 1509 2470">
     <span class='ocr_line' id='line_1_54' title="bbox 887 2138 1508 2183; baseline -0.008 -9"><span class='ocrx_word' id='word_1_293' title='bbox 887 2145 960 2176; x_wconf 88' lang='grc'>611.</span> <span class='ocrx_word' id='word_1_294' title='bbox 986 2143 1138 2183; x_wconf 67' lang='lat' dir='ltr'>Decidit]</span> <span class='ocrx_word' id='word_1_295' title='bbox 1174 2143 1259 2178; x_wconf 85' lang='lat' dir='ltr'>Duo,</span> <span class='ocrx_word' id='word_1_296' title='bbox 1285 2142 1416 2172; x_wconf 78' lang='lat' dir='ltr'>Accidit.</span> <span class='ocrx_word' id='word_1_297' title='bbox 1443 2138 1508 2169; x_wconf 85' lang='lat' dir='ltr'>Re-</span> 
     </span>
     <span class='ocr_line' id='line_1_55' title="bbox 843 2189 1508 2242; baseline -0.009 -18"><span class='ocrx_word' id='word_1_298' title='bbox 843 2193 924 2235; x_wconf 88' lang='lat' dir='ltr'>gius,</span> <span class='ocrx_word' id='word_1_299' title='bbox 956 2194 1105 2229; x_wconf 77' lang='lat' dir='ltr'>Reccidit,</span> <span class='ocrx_word' id='word_1_300' title='bbox 1135 2203 1190 2234; x_wconf 83' lang='lat' dir='ltr'>pro</span> <span class='ocrx_word' id='word_1_301' title='bbox 1220 2193 1352 2222; x_wconf 80' lang='lat' dir='ltr'>Recidit.</span> <span class='ocrx_word' id='word_1_302' title='bbox 1382 2195 1417 2220; x_wconf 91' lang='lat' dir='ltr'>ut</span> <span class='ocrx_word' id='word_1_303' title='bbox 1444 2189 1508 2242; x_wconf 71' lang='lat' dir='ltr'>fere</span> 
     </span>
     <span class='ocr_line' id='line_1_56' title="bbox 842 2238 1509 2285; baseline -0.009 -13"><span class='ocrx_word' id='word_1_304' title='bbox 842 2253 964 2285; x_wconf 84' lang='lat' dir='ltr'>semper</span> <span class='ocrx_word' id='word_1_305' title='bbox 974 2242 1118 2273; x_wconf 84' lang='lat' dir='ltr'>scribitur</span> <span class='ocrx_word' id='word_1_306' title='bbox 1132 2243 1165 2272; x_wconf 86' lang='lat' dir='ltr'>in</span> <span class='ocrx_word' id='word_1_307' title='bbox 1180 2239 1398 2272; x_wconf 85' lang='lat' dir='ltr'>vetustissimis</span> <span class='ocrx_word' id='word_1_308' title='bbox 1411 2238 1509 2273; x_wconf 80' lang='lat' dir='ltr'>libris,</span> 
     </span>
     <span class='ocr_line' id='line_1_57' title="bbox 843 2288 1509 2340; baseline -0.012 -17"><span class='ocrx_word' id='word_1_309' title='bbox 843 2291 972 2333; x_wconf 87' lang='lat' dir='ltr'>quando</span> <span class='ocrx_word' id='word_1_310' title='bbox 978 2292 1078 2334; x_wconf 80' lang='lat' dir='ltr'>prima</span> <span class='ocrx_word' id='word_1_311' title='bbox 1088 2291 1210 2333; x_wconf 89' lang='lat' dir='ltr'>syllaba</span> <span class='ocrx_word' id='word_1_312' title='bbox 1217 2288 1407 2332; x_wconf 82' lang='lat' dir='ltr'>producitur.</span> <span class='ocrx_word' id='word_1_313' title='bbox 1416 2292 1509 2340; x_wconf 76' lang='lat' dir='ltr'>recte.</span> 
     </span>
     <span class='ocr_line' id='line_1_58' title="bbox 844 2335 1509 2379; baseline -0.011 -8"><span class='ocrx_word' id='word_1_314' title='bbox 844 2340 966 2371; x_wconf 80' lang='lat' dir='ltr'>Recidit</span> <span class='ocrx_word' id='word_1_315' title='bbox 988 2341 1084 2371; x_wconf 85' lang='lat' dir='ltr'>etiam</span> <span class='ocrx_word' id='word_1_316' title='bbox 1107 2346 1153 2371; x_wconf 85' lang='lat' dir='ltr'>est</span> <span class='ocrx_word' id='word_1_317' title='bbox 1176 2340 1208 2370; x_wconf 84' lang='lat' dir='ltr'>in</span> <span class='ocrx_word' id='word_1_318' title='bbox 1229 2337 1384 2379; x_wconf 83' lang='lat' dir='ltr'>excerptis</span> <span class='ocrx_word' id='word_1_319' title='bbox 1410 2335 1509 2365; x_wconf 78' lang='lat' dir='ltr'>Scali-</span> 
     </span>
     <span class='ocr_line' id='line_1_59' title="bbox 843 2385 1509 2432; baseline -0.011 -11"><span class='ocrx_word' id='word_1_320' title='bbox 843 2390 920 2430; x_wconf 85' lang='lat' dir='ltr'>geri.</span> <span class='ocrx_word' id='word_1_321' title='bbox 972 2390 1054 2421; x_wconf 82' lang='lat' dir='ltr'>Vide</span> <span class='ocrx_word' id='word_1_322' title='bbox 1083 2389 1218 2432; x_wconf 79' lang='lat' dir='ltr'>Epistol.</span> <span class='ocrx_word' id='word_1_323' title='bbox 1251 2388 1314 2419; x_wconf 73' lang='lat' dir='ltr'>xix.</span> <span class='ocrx_word' id='word_1_324' title='bbox 1344 2396 1426 2417; x_wconf 81' lang='lat' dir='ltr'>verS.</span> <span class='ocrx_word' id='word_1_325' title='bbox 1456 2385 1509 2415; x_wconf 88' lang='grc'>46.</span> 
     </span>
     <span class='ocr_line' id='line_1_60' title="bbox 845 2439 963 2470; baseline 0.008 -2"><span class='ocrx_word' id='word_1_326' title='bbox 845 2439 963 2470; x_wconf 69' lang='lat' dir='ltr'>Hizrxs.</span> 
     </span>
    </p>

    <p class='ocr_par' dir='ltr' id='par_1_25' title="bbox 843 2484 1511 2726">
     <span class='ocr_line' id='line_1_61' title="bbox 888 2484 1509 2529; baseline -0.01 -10"><span class='ocrx_word' id='word_1_327' title='bbox 888 2489 964 2520; x_wconf 81' lang='lat'>612.</span> <span class='ocrx_word' id='word_1_328' title='bbox 991 2489 1030 2519; x_wconf 84' lang='lat' dir='ltr'>Et</span> <span class='ocrx_word' id='word_1_329' title='bbox 1046 2491 1097 2529; x_wconf 79' lang='lat' dir='ltr'>qui</span> <span class='ocrx_word' id='word_1_330' title='bbox 1114 2489 1287 2519; x_wconf 77' lang='lat' dir='ltr'>deciderant</span> <span class='ocrx_word' id='word_1_331' title='bbox 1312 2484 1398 2524; x_wconf 62' lang='lat' dir='ltr'>lehn]</span> <span class='ocrx_word' id='word_1_332' title='bbox 1431 2484 1509 2514; x_wconf 83' lang='lat' dir='ltr'>Con-</span> 
     </span>
     <span class='ocr_line' id='line_1_62' title="bbox 844 2537 1511 2579; baseline -0.007 -12"><span class='ocrx_word' id='word_1_333' title='bbox 844 2539 982 2568; x_wconf 78' lang='lat' dir='ltr'>ciderant</span> <span class='ocrx_word' id='word_1_334' title='bbox 1006 2537 1148 2579; x_wconf 86' lang='lat' dir='ltr'>plerique</span> <span class='ocrx_word' id='word_1_335' title='bbox 1170 2542 1300 2567; x_wconf 84' lang='lat' dir='ltr'>veteres.</span> <span class='ocrx_word' id='word_1_336' title='bbox 1324 2544 1415 2570; x_wconf 80' lang='lat' dir='ltr'>unuS‚</span> <span class='ocrx_word' id='word_1_337' title='bbox 1436 2544 1511 2564; x_wconf 83' lang='lat' dir='ltr'>cecz-</span> 
     </span>
     <span class='ocr_line' id='line_1_63' title="bbox 844 2583 1509 2621; baseline -0.006 -5"><span class='ocrx_word' id='word_1_338' title='bbox 844 2589 963 2617; x_wconf 78' lang='lat' dir='ltr'>derant.</span> <span class='ocrx_word' id='word_1_339' title='bbox 980 2587 1070 2621; x_wconf 77' lang='lat' dir='ltr'>alius,</span> <span class='ocrx_word' id='word_1_340' title='bbox 1086 2588 1265 2616; x_wconf 77' lang='lat' dir='ltr'>reciderant.</span> <span class='ocrx_word' id='word_1_341' title='bbox 1281 2584 1336 2614; x_wconf 93' lang='lat' dir='ltr'>sed</span> <span class='ocrx_word' id='word_1_342' title='bbox 1350 2583 1509 2614; x_wconf 80' lang='lat' dir='ltr'>Sarravia-</span> 
     </span>
     <span class='ocr_line' id='line_1_64' title="bbox 844 2633 1511 2676; baseline -0.006 -10"><span class='ocrx_word' id='word_1_343' title='bbox 844 2647 912 2672; x_wconf 87' lang='lat' dir='ltr'>nus,</span> <span class='ocrx_word' id='word_1_344' title='bbox 928 2637 1006 2667; x_wconf 87' lang='lat' dir='ltr'>alter</span> <span class='ocrx_word' id='word_1_345' title='bbox 1027 2636 1157 2676; x_wconf 78' lang='lat' dir='ltr'>Regius,</span> <span class='ocrx_word' id='word_1_346' title='bbox 1172 2641 1201 2665; x_wconf 88' lang='lat' dir='ltr'>et</span> <span class='ocrx_word' id='word_1_347' title='bbox 1226 2644 1306 2664; x_wconf 88' lang='lat' dir='ltr'>unus</span> <span class='ocrx_word' id='word_1_348' title='bbox 1322 2633 1511 2669; x_wconf 71' lang='lat' dir='ltr'>Vaticanus,</span> 
     </span>
     <span class='ocr_line' id='line_1_65' title="bbox 843 2681 1506 2726; baseline -0.003 -12"><span class='ocrx_word' id='word_1_349' title='bbox 843 2686 1030 2715; x_wconf 77' lang='lat' dir='ltr'>condiderat.</span> <span class='ocrx_word' id='word_1_350' title='bbox 1056 2685 1161 2726; x_wconf 87' lang='lat' dir='ltr'>probe.</span> <span class='ocrx_word' id='word_1_351' title='bbox 1184 2683 1216 2713; x_wconf 92' lang='lat' dir='ltr'>in</span> <span class='ocrx_word' id='word_1_352' title='bbox 1236 2683 1392 2725; x_wconf 84' lang='lat' dir='ltr'>pharetra,</span> <span class='ocrx_word' id='word_1_353' title='bbox 1418 2681 1506 2713; x_wconf 81' lang='lat' dir='ltr'>vide-</span> 
     </span>
    </p>
   </div>
   <div class='ocr_carea' id='block_1_20' title="bbox 838 2732 1095 2764">
    <p class='ocr_par' dir='ltr' id='par_1_26' title="bbox 838 2732 1095 2764">
     <span class='ocr_line' id='line_1_66' title="bbox 838 2732 1095 2764; baseline 0.004 -1"><span class='ocrx_word' id='word_1_354' title='bbox 838 2732 932 2764; x_wconf 83' lang='lat' dir='ltr'>licet.</span> <span class='ocrx_word' id='word_1_355' title='bbox 977 2733 1095 2764; x_wconf 68' lang='lat' dir='ltr'>Hms.</span> 
     </span>
    </p>
   </div>
   <div class='ocr_carea' id='block_1_21' title="bbox 945 2786 996 2816">
    <p class='ocr_par' dir='ltr' id='par_1_27' title="bbox 945 2786 996 2816">
     <span class='ocr_line' id='line_1_67' title="bbox 945 2786 996 2816; baseline 0 0"><span class='ocrx_word' id='word_1_356' title='bbox 945 2786 996 2816; x_wconf 88' lang='lat'>13</span> 
     </span>
    </p>
   </div>
  </div>
 </body>
</html>
