1760 3172
193 178 277 220 104
580 176 630 217 Ρ.
665 173 878 217 OVIDII
914 172 1196 214 NASONIS

195 294 359 356 Saepe,
377 291 461 338 ubi
481 291 561 346 sit,
580 291 715 355 quod
735 305 888 345 ames,
907 289 1035 335 inter
1054 295 1156 335 tam
1172 287 1330 334 multa
1345 288 1593 352 requiras.

265 369 471 432 Decipit
493 368 586 416 hac
612 368 784 415 oculos
810 366 970 428 aegide
996 366 1135 413 dives
1162 365 1333 412 Amor.
1496 368 1593 412 346

201 445 510 510 Improvisus
536 446 680 502 ades;
722 443 1005 508 deprendes
1031 450 1169 489 tutus
1195 443 1458 490 inermem:

268 523 450 571 Infelix
477 523 606 570 vitiis
629 523 831 570 excidet
856 522 939 568 illa
964 520 1084 567 suis.

203 599 250 646 N
255 616 311 647 ec
338 607 507 647 tamen
532 600 647 646 huic
673 599 878 646 nimium
913 604 1167 662 praecepto
1195 596 1400 645 credere
1434 604 1597 644 tutum

271 676 419 724 Fallit
437 676 568 724 enim
590 677 773 723 multos
794 675 954 722 forma
973 675 1080 722 sine
1106 681 1212 721 arte
1238 674 1441 721 decens.
1471 675 1593 736 [est;

201 752 328 801 Tum
356 770 575 816 quoque,
594 770 708 801 cum
734 753 912 817 positis
939 768 1029 799 sua
1053 751 1257 799 collinet
1276 767 1361 799 ora
1375 751 1596 807 venenis,

271 831 351 878 Ad
373 832 585 878 dominae
610 832 776 878 vultus
802 831 919 893 (nec
945 829 1107 893 pudor
1133 828 1321 889 obstet)
1347 844 1449 876 eas.

203 907 430 971 Pyxidas
456 908 694 963 invenies,
722 914 772 955 et
796 922 960 954 rerum
986 906 1121 952 mille
1147 905 1367 961 colores;

273 985 339 1032 Et
363 986 516 1032 fluere
542 986 592 1032 in
617 985 815 1049 tepidos
841 999 1019 1048 oesypa
1038 983 1181 1046 lapsa
1206 981 1362 1030 sinus.
1502 984 1598 1030 354

200 1061 294 1110 Illa
316 1070 429 1110 tuas
455 1063 697 1118 redolent,
727 1062 940 1116 Phineu,
968 1059 1301 1108 medicamina
1325 1075 1524 1107 mensas
1547 1076 1557 1106 :

268 1139 384 1187 Non
409 1139 564 1187 semel
590 1140 704 1187 hinc
731 1139 987 1187 stomacho
1012 1153 1202 1185 nausea
1224 1136 1360 1184 facta
1384 1152 1513 1185 meo.

203 1216 251 1264 N
257 1233 353 1264 unc
380 1217 486 1273 tibi,
515 1233 628 1281 quae
654 1217 820 1265 medio
845 1216 1056 1264 Veneris
1083 1221 1383 1278 praestentur
1408 1214 1458 1261 in
1487 1230 1597 1270 usu,

273 1293 509 1357 Eloquar.
550 1310 614 1341 ex
639 1293 772 1341 omni
798 1300 939 1357 parte
964 1291 1212 1354 fugandus
1239 1306 1392 1338 arnor.

206 1369 371 1419 Multa
386 1371 592 1435 quidem
612 1387 676 1420 ex
692 1371 788 1417 illis
804 1369 964 1433 pudor
982 1375 1060 1417 est
1080 1368 1200 1415 mihi
1221 1367 1410 1415 dicere:
1440 1367 1530 1416 sed
1549 1374 1603 1414 tu

272 1447 480 1510 Ingenio
505 1447 668 1495 verbis
694 1447 903 1510 concipe
929 1446 1074 1510 plura
1097 1444 1242 1493 meis.
1505 1447 1603 1492 360

205 1523 380 1588 Nuper
405 1525 537 1572 enim
562 1531 757 1572 nostros
784 1524 990 1587 quidam
1015 1540 1246 1587 carpsere
1271 1521 1496 1580 libellos3

272 1601 497 1657 Quorum
523 1602 736 1649 censura
764 1600 916 1648 Musa
939 1608 1170 1664 proterva
1194 1616 1306 1648 mea
1330 1607 1425 1647 est.

208 1678 494 1726 Dummodo
520 1679 591 1726 sic
618 1680 865 1743 placeam,
892 1680 1012 1726 dum
1038 1686 1144 1726 toto
1169 1684 1340 1725 canter
1373 1677 1423 1724 in
1450 1678 1598 1734 orbe;

273 1755 421 1810 Quod
446 1757 594 1811 volet,
623 1756 921 1819 impugnent
947 1773 1076 1803 unus
1102 1762 1152 1804 et
1176 1755 1300 1803 alter
1325 1771 1468 1818 opus.

206 1832 471 1895 Ingenium
496 1833 663 1896 magni
689 1834 939 1881 detrectat
965 1833 1109 1881 Livor
1135 1831 1366 1879 Homeri:
1506 1834 1603 1878 365

273 1909 515 1973 Quisquis
541 1927 611 1967 es,
639 1927 703 1958 ex
729 1911 832 1967 illo,
861 1912 1013 1967 Zo'ile,
1040 1926 1223 1958 nomen
1244 1909 1418 1956 habes.

209 1985 275 2033 Et
299 1993 386 2034 tua
410 1988 665 2050 sacrilegae
687 1989 936 2037 laniarunt
957 1988 1179 2037 carmina
1202 1987 1401 2049 linguae,

274 2064 489 2112 Pertulit
513 2065 610 2112 huc
636 2065 795 2113 victos
822 2083 923 2129 quo
948 2066 1076 2113 duce
1102 2064 1253 2127 Troja
1279 2062 1432 2110 Deos.

249 2287 324 2317 348.
344 2286 552 2318 Vitiisexcidee
564 2289 623 2327 ipse
633 2288 721 2328 suis]
745 2288 871 2330 Scripti,
942 2291 982 2319 rit
1009 2300 1061 2318 ora
1085 2290 1217 2319 venenis.
1239 2289 1335 2327 posita
1358 2297 1471 2317 venena
1496 2295 1608 2328 nempe

207 2336 274 2365 illa.
299 2334 343 2366 sic
360 2340 391 2366 et
404 2335 478 2366 alibi
502 2336 628 2372 Noster,
641 2342 675 2367 ut
691 2336 761 2367 Art.
776 2337 831 2367 lib.
847 2337 870 2367 i.
941 2338 971 2369 in
986 2338 1106 2368 mensa.
1151 2337 1269 2368 Hmss.
1315 2337 1366 2367 De
1383 2337 1498 2367 linendi
1513 2336 1609 2366 verbo

208 2385 284 2415 539.
941 2387 1013 2417 vide
1039 2396 1133 2428 supra
1157 2386 1196 2417 ad
1218 2385 1274 2416 lib.
1294 2384 1338 2415 iii.
1353 2384 1423 2415 Art.
1439 2384 1512 2414 Am.
1528 2394 1608 2415 vers.

250 2433 372 2464 Ercidit
386 2435 443 2464 illa
460 2441 552 2472 metu,
566 2437 704 2476 rupitque
717 2435 871 2465 norissima
941 2437 1016 2467 232.
1037 2441 1069 2466 et
1084 2435 1224 2466 casaub.
1242 2440 1274 2465 et
1288 2433 1425 2465 Salmas.
1450 2433 1491 2463 ad
1513 2433 1606 2474 Spar-

335 2485 437 2514 verba.
708 2484 830 2515 §lm-s.
941 2483 1017 2514 tian.
1034 2483 1186 2514 Hadrian.
1197 2494 1267 2526 cap.
1280 2485 1350 2514 4-et
1365 2493 1435 2524 quae
1455 2493 1510 2513 nos
1523 2489 1608 2513 attu-

249 2533 322 2563 351.
356 2532 527 2573 Compositis
551 2545 604 2564 sua
629 2545 697 2564 cnm
724 2535 794 2563 linit
819 2545 871 2563 (ιι-α
941 2532 1034 2563 limus
1071 2532 1111 2563 ad
1147 2532 1303 2570 Quinctil.
1341 2532 1434 2563 Decl.
1473 2530 1539 2562 xiii.
1576 2533 1607 2562 5.

206 2581 351 2621 venenis]
379 2581 550 2622 Compositis
572 2594 637 2614 cum
660 2583 730 2613 linit
752 2582 872 2623 Regius
942 2581 1058 2612 ann.

206 2635 361 2672 corrupte.
393 2631 469 2662 forte
494 2643 549 2673 pro
574 2634 685 2662 licerit.
715 2631 759 2662 ita
789 2631 871 2662 enim
984 2632 1057 2661 366.
1076 2631 1217 2672 Quisquis
1228 2631 1284 2672 es.]
1313 2631 1423 2662 Recte.
1440 2629 1605 2661 Nonenim

204 2679 351 2710 dicebant
376 2691 500 2722 quoque
526 2688 658 2718 veteres,
681 2692 740 2712 non
767 2682 871 2711 leverit
940 2680 1116 2716 constabat,
1126 2679 1196 2722 quis
1208 2687 1262 2712 aut
1273 2681 1362 2722 cujas
1373 2679 1480 2711 suisset
1490 2679 1608 2710 Zoilus.

203 2729 431 2760 tantummodo.
455 2729 516 2767 vel,
529 2741 595 2761 cum
610 2732 712 2770 positis
723 2742 776 2761 sua
794 2732 870 2761 lere·
941 2728 1060 2760 Huxs.
