1760 3172
404 157 593 200 ARTIS
624 157 983 200 AMATORIAE
1015 158 1135 200 LIB.
1171 157 1263 200 III.
1480 162 1537 202 73

146 275 254 323 Nec
280 274 477 322 scindet
501 274 757 321 tunicasve
783 289 914 329 suaS,
943 273 1200 320 tunicasve
1227 275 1405 337 puellae
1426 293 1434 322 :

211 352 258 399 N
263 368 319 400 ec
345 358 518 415 raptus
543 350 695 398 flendi
722 366 902 398 caussa
925 351 1135 414 capillus
1162 352 1271 398 erit.

1445 357 1542 400 570

144 428 250 477 Ista
272 429 456 477 decent
480 444 677 491 pueros,
706 434 855 476 aetate
881 434 931 474 et
955 442 1122 475 amore
1147 428 1368 475 calentes
1389 447 1397 476 :

210 505 307 553 Hic
333 506 437 554 fera
460 505 739 569 composita
766 505 971 552 vulnera
995 512 1162 552 mente
1187 505 1329 553 feret.

145 583 351 647 Ignibus
375 583 456 631 hic
481 583 630 631 lentis
656 589 842 637 uretur,
870 589 926 629 ut
950 582 1156 641 humida
1180 582 1339 640 taeda;

211 660 284 707 Ut
307 660 455 708 modo
480 660 731 707 montanis
757 660 880 707 silva
903 658 1063 707 recisa
1080 659 1235 722 jugis.

146 738 341 786 Certior
365 738 444 785 hic
467 754 605 786 amor
625 745 731 785 est:
773 739 935 785 brevis
961 744 1013 785 et
1037 736 1298 785 fecundior
1322 737 1420 785 ille.
1446 742 1541 786 575

210 814 337 870 Quae
361 814 574 878 fugiunt,
601 815 751 863 celeri
777 815 968 879 carpite
996 831 1146 878 poma
1170 831 1338 862 manu.

145 891 329 940 Omnia
351 893 626 940 tradantur.
667 900 834 956 portas
860 891 1190 939 reseravimus
1216 892 1378 949 hosti;

212 969 278 1017 Et
302 970 367 1017 sit
390 971 441 1017 in
466 970 617 1018 infida
643 970 924 1034 proditione
949 969 1091 1017 fides.

146 1046 294 1102 Quod
318 1047 465 1094 datur
489 1064 551 1095 ex
578 1047 709 1095 facili
736 1048 942 1110 longum
968 1047 1097 1094 male
1124 1047 1279 1093 nutrit
1304 1063 1539 1094 amorem.

211 1123 478 1173 Miscenda
500 1133 578 1173 est
600 1126 726 1173 laetis
753 1142 862 1173 rara
886 1125 1087 1189 repulsa
1105 1124 1252 1188 jocis.

1445 1128 1542 1171 580

145 1200 276 1250 Ante
300 1201 429 1250 fores
447 1204 644 1266 jaceat:
687 1203 918 1251 Crudelis
939 1205 1111 1267 janua,
1139 1204 1352 1250 clamet:

212 1277 478 1343 Multaque
504 1281 768 1337 submisse,
798 1281 954 1327 multa
980 1281 1226 1327 minanter
1252 1287 1384 1341 agat.

148 1355 328 1404 Dulcia
352 1373 450 1404 non
475 1357 707 1406 ferimus:
749 1374 902 1405 succo
927 1373 1220 1405 renovemur
1246 1373 1428 1405 amaro.

214 1433 361 1498 Saepe
386 1434 516 1497 perit
538 1435 699 1482 ventis
726 1435 905 1482 obruta
930 1435 1115 1498 cymba
1139 1435 1259 1481 suis.

147 1508 257 1558 Hoc
283 1518 376 1568 est,
402 1528 584 1560 uxores
611 1513 746 1576 quod
772 1529 869 1559 non
896 1512 1113 1576 patiatur
1138 1512 1319 1559 amari:

1447 1515 1542 1558 585

214 1586 532 1636 Conveniunt
555 1589 681 1645 illas,
709 1605 823 1636 cum
848 1590 1065 1645 voluere,
1093 1589 1199 1636 viri.

149 1664 296 1713 Obde
321 1665 476 1713 forem
496 1686 506 1725 ;
547 1675 597 1715 et
621 1668 745 1715 duro
771 1668 906 1715 dicat
930 1667 1021 1715 tibi
1041 1667 1228 1730 janitor
1252 1683 1352 1721 ore,

214 1741 331 1790 Non
355 1750 516 1807 poteS.
545 1746 806 1793 exclusum
832 1753 881 1794 te
908 1761 1111 1809 quoque
1138 1751 1311 1807 tanget
1336 1760 1488 1791 amor.

190 1877 264 1908 577.
288 1877 523 1918 Reserabz'mus.]
551 1879 760 1910 Reseravimus
776 1891 808 1911 e-

147 1926 223 1957 ditio
244 1926 346 1968 prima
365 1931 398 1957 et
420 1927 528 1969 scripti
551 1928 706 1959 meliores.
751 1929 807 1960 Se-

149 1975 258 2017 quenti
271 1986 362 2007 versu
376 1975 483 2013 iidem,
502 1977 544 2007 Et
559 1979 609 2014 sit,
625 1977 687 2014 vel,
706 1978 746 2009 Et
754 1980 809 2019 fit.

147 2026 238 2057 Latet
253 2025 383 2067 aliquid.
428 2026 529 2068 Lege:

191 2075 236 2104 Sit
251 2086 306 2105 sna
320 2077 353 2105 in
368 2075 464 2115 infidci
475 2077 648 2116 proditione
653 2077 745 2117 fides.

149 2124 211 2154 Sua
225 2124 317 2164 fides,
343 2123 418 2165 quia
441 2124 623 2166 promiserat
648 2125 752 2156 omnia
779 2136 811 2156 se

147 2172 334 2205 traditurum
360 2173 475 2215 puellis
502 2185 563 2205 non
587 2174 690 2206 minus
717 2185 812 2216 quam

148 2221 231 2253 viris.
275 2223 367 2253 Forte
381 2222 478 2253 etiam
498 2223 679 2265 legendum,
698 2224 814 2255 Mffnia

151 2274 328 2308 tradantur,
340 2282 394 2314 pro
410 2274 520 2304 omnia.
565 2273 684 2304 Hsms.

193 2322 267 2352 578.
283 2321 323 2351 Et
335 2323 374 2352 sit
384 2323 416 2352 in
429 2323 812 2364 infiddproditionefides]

150 2370 329 2412 Subjungas
357 2380 429 2401 cum
457 2371 646 2413 praecedent.
706 2372 814 2403 Portas

151 2421 346 2450 reseravimus
356 2420 442 2456 hosti,
457 2420 516 2450 ἃς.
549 2420 588 2450 Id
604 2426 668 2459 est;
692 2421 736 2452 ita
747 2432 812 2459 vos,

151 2467 276 2510 puellae,
302 2468 416 2509 quibus
446 2474 588 2499 amantes
614 2469 813 2512 deciperetis,

152 2517 270 2549 artibus
293 2517 437 2554 instruxi,
459 2524 493 2549 ut
515 2519 564 2549 vel
586 2519 698 2560 infidis,
721 2519 814 2551 fidem

152 2576 213 2596 non
241 2566 360 2608 possint
387 2566 538 2610 deinceps
566 2579 627 2598 non
653 2568 814 2600 adhibere.

151 2616 357 2656 Quapropter,
374 2615 462 2646 addit
477 2627 538 2647 non
553 2617 597 2647 ita
613 2617 710 2647 multo
726 2624 811 2658 post:

153 2664 261 2695 Ponite
274 2665 392 2706 gladios
407 2666 529 2702 hebetes,
545 2666 676 2697 usitatas
693 2666 813 2698 scilicet

150 2712 278 2744 nimium
302 2719 401 2744 artes:
427 2720 458 2744 et
480 2716 578 2745 acutis
598 2722 763 2756 pugnetur,
781 2716 813 2746 id

878 1885 936 1915 est,
952 1881 1096 1915 acutiori,
1112 1885 1146 1909 ut
1162 1878 1296 1909 Plautus
1312 1883 1414 1913 vocat,
1429 1880 1547 1909 malitia

878 1940 961 1960 nune
973 1928 1060 1960 vobis
1075 1928 1239 1959 utendum.
1285 1928 1403 1958 AMAR.

922 1979 996 2010 587.
1023 1979 1140 2009 Claude
1157 1978 1261 2020 fores:
1286 1980 1363 2008 duro
1389 1979 1471 2008 (licat
1495 1978 1547 2007 tibi

869 2030 994 2068 janitor
1005 2028 1082 2068 ore.]
1111 2027 1232 2069 Regius
1246 2033 1277 2057 et
1295 2033 1357 2058 tres
1372 2026 1435 2057 alii.
1471 2027 1547 2057 Sen-

879 2089 931 2109 sus
949 2083 1006 2115 est,
1025 2078 1192 2108 Obdantur
1214 2076 1272 2108 tibi
1293 2076 1351 2118 ipsi
1375 2077 1453 2107 fores
1473 2082 1547 2112 tuae,

880 2134 910 2158 et
935 2127 1021 2158 dicat
1048 2127 1106 2158 tibi
1130 2126 1208 2157 duro
1235 2136 1285 2157 ore
1311 2125 1446 2161 Janitor,
1476 2128 1548 2157 Non

880 2182 967 2218 potes
988 2176 1133 2214 admitti3
1157 2175 1289 2206 dubium
1312 2186 1373 2205 non
1397 2181 1454 2210 est,
1472 2175 1549 2216 quin

880 2232 910 2257 te
932 2236 1068 2267 quoque,
1094 2225 1119 2255 si
1144 2225 1332 2261 excludaris,
1361 2224 1462 2254 uxoris
1486 2230 1547 2254 tuae

881 2286 967 2306 amor
996 2275 1036 2305 sit
1066 2280 1218 2310 tacturus,
1250 2285 1346 2316 quam
1378 2284 1460 2304 nunc
1496 2274 1547 2304 vix

881 2335 978 2355 amas.
1001 2324 1119 2355 HEINS.
1158 2324 1283 2353 Frustra
1299 2322 1345 2352 vir
1360 2322 1478 2353 clariss.
1495 2323 1549 2363 qui

881 2373 957 2404 mihi
986 2383 1049 2403 non
1077 2373 1200 2404 videtur
1228 2372 1418 2403 intellexisse
1448 2378 1548 2413 poetae

882 2427 1030 2457 mentem,
1057 2422 1111 2462 qui
1136 2421 1275 2463 puellam
1303 2421 1437 2461 primum
1463 2421 1550 2452 adlo-

882 2471 999 2512 quitur,
1023 2477 1189 2512 monetque
1211 2477 1246 2501 ut
1266 2471 1362 2500 forem
1385 2469 1550 2508 occludat3

884 2530 1017 2561 moxque
1033 2530 1207 2550 sermonem
1230 2518 1384 2550 convertit
1404 2518 1443 2549 ad
1460 2529 1547 2550 ama-

884 2574 991 2605 torem,
1022 2569 1072 2599 cui
1105 2568 1232 2609 janitor,
1267 2578 1318 2598 ore
1348 2566 1441 2598 duro:
1480 2569 1549 2600 Non

879 2625 970 2657 potes.
1017 2618 1111 2649 Unde
1128 2618 1172 2654 fit,
1186 2622 1221 2648 ut
1238 2617 1286 2647 vel
1302 2617 1463 2654 erclusum,
1482 2625 1548 2650 lan-

880 2675 933 2709 gat
949 2668 1049 2709 magis
1063 2678 1158 2698 amor.
1204 2666 1321 2697 AMAR.
