1760 3172
235 187 318 228 174

629 186 681 228 P.
713 187 926 229 OVIDII
961 187 1241 230 NASONIS

238 301 347 350 Nec
374 302 500 350 solet
525 302 687 357 irasci,
715 318 880 365 neque
905 303 1038 349 enim
1063 303 1362 352 moderatior
1387 303 1526 359 alter,
1565 306 1628 353 25

305 378 474 433 Quum
500 379 613 443 quis
639 379 689 425 in
715 379 952 434 adversis,
980 380 1020 426 si
1047 380 1160 442 quis
1186 380 1384 436 amavit,
1412 388 1563 427 amat.

235 454 314 503 De
339 457 522 504 comite
547 456 766 519 Argolici
793 464 1062 520 postquam
1088 457 1319 519 cognovit
1345 456 1557 513 Orestae,

302 532 543 580 Narratur
568 532 800 596 Pyladen
826 533 933 596 ipse
960 533 1199 596 probasse
1225 533 1419 580 Thoas:

235 608 361 663 Quae
386 609 481 656 suit
504 608 755 656 Actoridae
781 624 896 655 cum
922 624 1101 670 magno
1129 624 1326 672 semper
1349 608 1562 665 Achille,

301 685 514 733 Laudari
539 686 685 733 solita
707 693 784 733 est
810 684 1045 737 Hectoris
1070 702 1153 733 ore
1178 685 1304 733 fides
1325 703 1334 733 :

1562 690 1627 733 30

235 761 384 816 Quod
409 762 522 826 pius
549 762 611 809 ad
638 777 808 809 manes
834 761 1060 809 Theseus
1087 778 1255 810 comes
1282 762 1392 810 issit
1416 764 1592 818 amico,

299 838 591 886 Tartareum
617 839 792 886 dicunt
816 838 1087 886 indoluisse
1116 839 1310 888 Deum:

233 915 441 979 Euryali
469 914 683 978 Nisique
708 915 807 962 fide
827 915 936 971 tibi,
964 915 1146 972 Turne,
1173 917 1344 972 relata,

301 993 556 1041 Credibile
582 1000 659 1041 est
682 993 916 1057 lacrymis
942 993 1264 1041 immaduisse
1289 1009 1459 1056 genas,

233 1070 327 1118 Est
350 1071 501 1118 etiam
526 1070 719 1118 miseris
747 1071 924 1134 pietas,
943 1078 994 1119 et
1018 1071 1067 1118 in
1092 1071 1236 1118 hoste
1262 1072 1521 1134 probatur:
1558 1072 1622 1117 35

297 1147 414 1196 Heu
438 1148 574 1204 mihi,
593 1164 743 1211 quam
769 1164 956 1212 paucos
976 1149 1081 1196 haec
1108 1164 1220 1196 mea
1237 1148 1373 1195 dicta
1397 1147 1620 1194 movent!

231 1223 329 1272 Hic
354 1231 531 1280 status,
559 1224 666 1272 haec
693 1241 858 1272 rerum
883 1240 1013 1272 nunc
1040 1231 1118 1272 est
1142 1224 1340 1271 fortuna
1363 1238 1600 1279 mearum,

299 1301 498 1349 Debeat
521 1307 577 1347 ut
601 1300 835 1364 lacrymis
860 1301 1026 1348 nullus
1053 1301 1230 1348 adesse
1256 1300 1449 1350 modus.

230 1378 299 1426 At
321 1394 435 1426 mea
458 1383 592 1433 sunt,
620 1377 822 1441 proprio
849 1377 1076 1441 quamvis
1101 1377 1421 1425 moestissima
1445 1392 1581 1432 casu,

296 1455 513 1503 Pectora
536 1470 774 1518 processu
799 1454 934 1502 facta
958 1469 1135 1502 serena
1159 1461 1262 1500 tuo.

270 1607 323 1637 27.
360 1606 407 1636 De
434 1607 537 1636 comite
567 1605 708 1646 Argolico
737 1611 893 1645 postquam

228 1657 364 1698 cognovit
383 1654 542 1694 Orestem]
572 1654 674 1684 Oreste
694 1653 820 1695 plurimi
836 1664 891 1684 ve-

228 1711 319 1736 teres.
364 1703 471 1735 Scribe
488 1704 625 1746 Argolici
643 1704 763 1734 Orestae.
809 1703 893 1734 Nam

227 1753 365 1795 Pylades
410 1753 562 1789 Phoceus,
600 1763 662 1783 non
706 1751 892 1793 Argolicus;

226 1804 334 1833 Amor.
360 1802 439 1832 libro
468 1801 500 1832 ii.
533 1802 622 1842 Eleg.
651 1801 692 1832 vi.
721 1812 803 1832 vers.
834 1803 891 1832 15:

227 1852 369 1893 Argolico
393 1850 523 1888 Orestae5
560 1849 631 1881 vide
657 1856 746 1881 notas
770 1850 810 1880 ad
834 1849 893 1891 Ep.

225 1900 290 1932 viii.
306 1910 385 1930 vers.
400 1900 432 1930 9.
468 1899 683 1930 Heus—De
706 1901 810 1930 comite
834 1901 894 1929 Ar-

221 1951 330 1992 golico.
375 1947 534 1978 Pacuvius
550 1947 737 1988 tragoediam
756 1947 892 1989 scripsit,

223 1999 257 2029 in
272 2006 335 2039 qua
350 1996 569 2027 continebatur
582 1996 738 2037 quomodo
754 1996 892 2033 Orestes,

224 2046 354 2088 cupiens
367 2055 386 2075 a
401 2055 433 2075 se
450 2044 545 2076 furias
560 2055 718 2076 removere
733 2055 769 2075 ex
795 2052 892 2076 morte

224 2095 332 2126 matris
346 2099 526 2136 conceptas,
543 2094 703 2124 oraculum
720 2094 888 2131 consuluit,

223 2143 307 2186 quod
319 2141 487 2184 respondit,
500 2149 535 2173 ut
550 2142 589 2173 ad
605 2142 757 2183 templum
775 2142 887 2173 Dianae

221 2193 254 2224 in
268 2192 433 2223 Tauricam
449 2191 605 2232 regionem
621 2191 867 2233 proficisceretur
878 2204 886 2231 ;

223 2252 285 2283 quo
299 2251 397 2283 quum
415 2239 617 2281 pervenisset,
631 2239 744 2270 comite
760 2245 791 2270 et
806 2240 887 2272 duce

220 2291 340 2322 itineris
354 2289 484 2331 Pylade,
494 2288 597 2320 Thoas
606 2299 657 2320 rex
669 2289 707 2321 de
721 2299 804 2320 more
815 2300 887 2320 eum

221 2345 358 2371 mactare
370 2338 504 2369 volebat.
550 2338 706 2369 Caeterum
722 2338 886 2379 ignorabat

222 2395 291 2419 uter
311 2393 393 2419 esset
408 2387 546 2418 Orestes.
591 2386 728 2428 Pylades
741 2387 885 2419 Orestem

221 2447 253 2468 se
269 2447 336 2467 esse
351 2435 519 2477 respondit,
531 2441 565 2465 ut
578 2445 632 2477 pro
642 2435 698 2469 illo
711 2441 885 2467 necaretur.

222 2486 350 2517 Orestes
364 2490 479 2520 autem,
495 2484 540 2515 ita
551 2490 585 2515 ut
598 2490 677 2520 erat,
697 2484 839 2515 Orestem
854 2495 886 2515 se

220 2547 288 2567 esse
312 2535 529 2578 perseverabat
542 2547 548 2564 :
574 2545 704 2576 quorum
728 2533 820 2564 sidem
843 2534 888 2565 ita

220 2584 324 2615 Thoas
343 2583 496 2626 probavit,
518 2589 552 2613 ut
573 2582 677 2614 Oresti
699 2583 886 2623 ignosceret.

221 2633 302 2664 Rern
326 2633 416 2663 aliter
431 2639 462 2663 et
473 2631 597 2674 plenius
612 2632 704 2663 refert
719 2630 815 2662 Ovid.
831 2631 885 2662 lib.

219 2681 263 2712 iii.
276 2682 315 2712 de
331 2682 442 2719 Ponto,
459 2691 497 2713 ea
516 2680 627 2723 Elegia
643 2691 737 2723 quam
754 2680 794 2711 ad
811 2680 884 2712 Cot—

222 2738 286 2761 tam
301 2730 419 2762 scribit.

1559 1452 1647 1500 40'

1004 1606 1057 1636 29.
1083 1604 1239 1645 Quaesuit
1261 1603 1439 1643 Actor-idm]
1465 1601 1621 1637 Patroclo,

960 1653 1086 1684 Actoris
1101 1653 1183 1684 filio:
1209 1663 1294 1684 amor
1312 1651 1448 1683 Patrocli
1469 1657 1500 1682 et
1514 1650 1624 1682 Achil-

961 1702 999 1734 lis
1015 1708 1106 1734 notus
1121 1708 1169 1733 est
1183 1702 1311 1733 Homeri
1327 1701 1474 1733 carmine.

1005 1752 1057 1782 30.
1096 1751 1236 1782 Hectoris
1272 1750 1348 1791 ore.]
1393 1750 1456 1781 Ore
1492 1748 1623 1779 inimici.

961 1800 1122 1831 Summam
1160 1810 1196 1831 ac
1234 1799 1364 1830 solidam
1393 1809 1460 1829 esse
1485 1797 1624 1833 laudem,

963 1859 1059 1890 quum
1085 1849 1156 1890 quis
1180 1850 1219 1879 ab
1244 1848 1332 1879 hoste
1356 1847 1511 1884 laudatur,
1532 1847 1624 1878 docet

962 1896 1059 1927 Arist.
1075 1897 1130 1928 lib.
1146 1898 1167 1928 i.
1180 1897 1310 1928 Rhetor.
1357 1897 1451 1927 Cror.

1005 1947 1058 1976 31.
1084 1947 1183 1977 Comes
1209 1946 1303 1986 isset]
1337 1945 1486 1976 Heinsius
1513 1951 1621 1986 putat:

960 1996 1135 2033 comitaret;
1152 2001 1186 2026 ut
1196 2006 1234 2026 ex
1251 1995 1353 2026 Ponto
1368 1994 1412 2025 iii.
1423 1995 1453 2025 3.
1466 1995 1518 2024 42.
1529 1993 1623 2024 Trist.

961 2055 990 2074 v.
1006 2045 1036 2075 4.
1050 2045 1102 2075 25.
1118 2044 1253 2086 aliisque
1268 2043 1355 2074 locis.
1379 2044 1422 2074 At
1436 2043 1529 2079 enirn,
1548 2042 1624 2084 quia

960 2098 1052 2134 poeta
1066 2104 1137 2124 cum
1149 2094 1219 2124 aliis
1231 2093 1305 2124 alibi
1321 2103 1394 2124 usus
1406 2099 1452 2123 est
1463 2092 1521 2123 hoc
1530 2102 1623 2122 voca-

955 2141 1041 2178 bulo,
1057 2142 1194 2173 nondum
1218 2141 1368 2183 sequitur,
1388 2146 1423 2172 ut
1443 2140 1538 2172 etiam
1564 2140 1622 2171 hoc

955 2190 1036 2226 loco,
1062 2190 1169 2221 invitis
1192 2189 1286 2221 codd.
1307 2189 1351 2220 ita
1375 2189 1544 2231 legendum
1566 2188 1620 2220 sit.

954 2238 1105 2269 HARLES.

999 2289 1052 2319 35.
1079 2288 1133 2318 Est
1160 2289 1250 2318 etiam
1280 2289 1395 2319 miseris
1420 2287 1543 2327 pieta-§.J
1581 2285 1621 2316 In.

954 2338 1067 2367 miseris
1092 2342 1212 2368 veteres
1242 2336 1395 2368 nonnulli.
1440 2336 1522 2367 Puto
1547 2334 1623 2366 scri-

953 2386 1111 2416 bendum:
1147 2385 1211 2416 Ista
1231 2388 1319 2417 etium
1344 2388 1374 2417 in
1397 2387 1510 2416 miseris
1528 2387 1623 2425 pietas

954 2436 999 2465 vel
1015 2436 1050 2465 ab
1066 2436 1145 2466 hoste
1158 2437 1325 2474 prnbatur;
1351 2440 1405 2466 aut
1416 2437 1519 2465 misero
1526 2437 1622 2474 pietus

954 2485 1000 2513 rel
1024 2485 1054 2513 in
1084 2484 1162 2513 hoste
1185 2485 1343 2522 probatur.
1401 2484 1470 2514 Hoc
1494 2483 1618 2514 videtur

956 2532 1035 2563 velle
1051 2533 1174 2563 Noster.
1222 2532 1276 2563 Est
1296 2534 1383 2562 etiam
1402 2532 1620 2572 miserisquefi-

954 2584 1013 2618 des,
1030 2581 1180 2612 Arondel.
1226 2582 1343 2612 Herxs.

998 2631 1049 2662 39.
1074 2629 1276 2671 Legendum:

998 2680 1038 2710 At
1054 2690 1115 2709 mea
1132 2685 1213 2714 sunt,
1224 2680 1344 2719 proprio
1354 2679 1487 2719 quamvis
1500 2679 1620 2709 moestis-

1081 2730 1153 2758 simu
1169 2738 1251 2763 casu,
