1760 3172
175 148 203 188 8
566 146 615 187 P.
649 144 861 187 OVIDII
896 142 1175 185 NASONIS

182 260 225 307 O
253 261 449 323 quoties
476 259 610 306 illum
634 258 791 306 doluit
814 273 1078 321 properare
1107 257 1356 320 Calypso;

1470 259 1560 303 125

249 336 579 398 Remigioque
605 342 746 398 aptas
771 349 881 381 esse
905 333 1104 395 negavit
1129 333 1310 396 aquas!

184 412 304 460 Haec
330 412 490 475 Trojae
516 428 660 459 casus
687 412 961 473 iterumque
987 411 1265 471 iterumque
1291 409 1512 471 rogabat.

250 489 340 536 Ille
366 488 542 536 referre
567 489 706 535 aliter
732 504 865 549 saepe
891 487 1085 534 solebat
1109 486 1258 532 idern.

184 564 348 612 Litore
373 565 721 612 constiterant:
760 564 857 610 illic
880 579 1082 627 quoque
1106 563 1313 626 pulchra
1338 562 1562 625 Calypso

252 640 424 703 Exigit
450 640 650 703 Odrysii
677 640 777 687 fata
799 648 1005 687 cruenta
1028 639 1185 686 duciS.

1475 641 1566 684 130

185 717 276 764 Ille
300 717 394 764 levi
418 717 573 779 virg-21,
601 716 810 778 (virgam
835 732 949 762 nam
974 715 1098 762 forte
1123 715 1348 774 tenebat)

252 792 398 846 Quod
425 799 577 854 rogat,
606 792 654 838 in
680 792 840 855 spisso
864 793 1004 838 litore
1029 791 1189 854 pingit
1213 807 1356 854 opus.

189 868 327 924 Haec,
356 869 531 931 inquit,
559 867 707 930 Troja
731 876 834 916 est:
875 870 1063 930 (muros
1092 868 1140 914 in
1165 868 1306 914 litore
1331 866 1502 927 fecit2)

252 944 349 990 Hie
374 945 463 991 tibi
489 944 553 990 sit
580 943 760 991 Simois
783 961 792 991 :
833 945 939 991 haeo
966 960 1078 991 mea
1102 951 1265 991 castra
1289 950 1425 1007 puta.

190 1020 411 1084 Campus
436 1027 556 1075 erat,
579 1021 938 1083 (campumque
964 1020 1105 1081 facit>
1127 1036 1278 1083 quem
1302 1020 1440 1067 caede
1468 1018 1569 1066 Do-

383 1096 509 1143 lonis

1478 1098 1569 1142 135

257 1173 556 1236 Sparsimus,
585 1171 871 1220 Haemonios
897 1173 1016 1220 dum
1040 1173 1156 1235 vigil
1181 1180 1320 1237 optat
1345 1188 1518 1235 equos.

192 1249 298 1296 Illic
328 1249 539 1296 Sithonii
565 1248 757 1296 fuerant
781 1251 992 1297 tentoria
1017 1249 1201 1297 Rhesi:

258 1325 366 1372 Hac
393 1342 485 1387 ego
507 1341 616 1370 sum
641 1326 794 1388 raptis
820 1333 960 1388 parte
982 1333 1206 1373 revectus
1232 1325 1392 1388 equis.

192 1402 442 1464 Pluraque
468 1401 731 1464 pingebat:
772 1403 964 1449 subitus
990 1419 1104 1450 cum
1129 1402 1377 1464 Pergama
1394 1401 1574 1448 fluctus

258 1478 494 1532 Abstulit,
521 1487 571 1526 et
596 1478 751 1526 Rhesi
776 1495 890 1525 oum
915 1481 1042 1527 duce
1068 1486 1231 1527 castra
1255 1495 1363 1526 suo,

1483 1482 1575 1525 140

193 1554 320 1601 Tum
347 1555 470 1610 Dea,
500 1555 653 1611 Quas,
681 1556 857 1619 inquit,
883 1557 1008 1604 fidas
1033 1557 1122 1603 tibi
1148 1556 1308 1603 credis
1334 1556 1477 1611 ituro,

262 1631 577 1679 Perdiderint
603 1633 746 1680 undae
773 1635 971 1681 nomina
996 1641 1197 1696 quanta,
1224 1633 1396 1679 vides?

196 1707 327 1770 Ergo
353 1725 459 1771 age,
486 1709 647 1756 fallaci
671 1710 842 1758 timide
867 1711 1059 1758 confide
1085 1710 1271 1773 figurae,

261 1783 500 1847 Quisquis
527 1801 607 1833 es:
648 1794 732 1833 aut
754 1787 940 1850 aliquid
966 1803 1170 1850 corpore
1197 1787 1350 1849 pluris
1376 1786 1521 1833 habe.

242 1923 313 1953 125.
340 1922 366 1952 Ο
388 1925 498 1963 quoties
523 1925 609 1954 illum
633 1925 730 1954 doluit
748 1936 852 1964 prope-

197 1981 265 1999 rare
288 1970 414 2010 Calypso
427 1972 454 2012 !]
488 1971 564 2002 vid.
586 1972 713 2003 Homer.
737 1973 853 2014 Odyss.

199 2023 235 2049 E.
260 2019 335 2049 203.
361 2030 428 2061 sqq.
454 2026 485 2051 et
513 2021 595 2062 quod
621 2020 691 2051 inde
715 2022 853 2063 Propert.

197 2067 379 2108 depromsit,
398 2068 424 2098 I.
440 2069 528 2109 Eleg.
545 2080 594 2100 xv.
610 2070 643 2099 9.
657 2080 726 2111 sqq.

245 2116 317 2146 130.
355 2116 458 2158 Eligit
490 2118 611 2158 Odrysii
626 2118 703 2159 sata
729 2126 855 2149 cruenta

197 2164 310 2204 ducis]
337 2164 434 2195 Rhesi
446 2165 578 2202 scilicet,
589 2177 681 2207 quem
695 2168 855 2207 Odrysium

198 2218 297 2248 vocat,
313 2213 352 2243 ab
369 2213 561 2254 Odrysarum
575 2221 679 2255 gente,
696 2226 765 2256 quae
783 2226 855 2257 pars

198 2260 337 2292 'l'hraciae
354 2262 423 2297 suit,
442 2262 494 2292 ubi
510 2264 672 2303 regnabat.
720 2264 857 2306 Desinis

200 2315 314 2345 autern,
324 2316 356 2340 et
365 2312 497 2341 cruentis
509 2311 646 2352 quidem,
657 2311 719 2342 vid.
731 2313 856 2344 Homer.

202 2357 292 2388 Iliad.
305 2362 345 2389 K.
363 2359 438 2388 434.
457 2365 487 2389 et
508 2360 660 2401 Penelop.
686 2361 785 2402 Epist.
805 2363 856 2392 39.

199 2418 269 2438 cum
286 2407 379 2437 notis.
396 2407 479 2438 Ibid.
494 2408 532 2439 de
550 2409 682 2439 Dolone.
729 2410 845 2440 Ama.

246 2457 316 2486 138.
351 2456 454 2496 Captis
479 2464 561 2487 nocte
589 2469 719 2488 rei-ersus
743 2460 854 2500 equis]

206 2506 349 2536 Rerectus
362 2506 494 2547 potiores
503 2506 620 2548 scripti.
630 2509 737 2549 probe.
764 2510 856 2551 l'lys-

201 2565 249 2585 ses
265 2554 294 2584 in
310 2555 478 2586 Sabiniana
492 2555 688 2598 responsione
702 2569 707 2586 :

246 2602 334 2633 Evasi
352 2610 379 2633 et
399 2603 545 2634 Thracum
567 2616 636 2635 casu
657 2607 732 2635 duce
751 2605 854 2644 praliu

332 2652 434 2685 Rheso.

1007 1924 1044 1954 Ιιι
1075 1935 1137 1954 mea
1165 1926 1290 1964 captivis
1319 1930 1416 1954 castra
1448 1930 1579 1953 revectus

1048 1974 1140 2014 equis.
1414 1972 1534 2002 Hzlss.

924 2023 1070 2052 Refer-tus
1091 2021 1185 2052 etiam
1213 2020 1391 2056 Beruensis,
1414 2027 1446 2051 et
1472 2021 1581 2062 probat

922 2070 1008 2101 locus
1033 2070 1088 2101 lib.
1114 2069 1181 2100 xiii.
1204 2070 1285 2100 Met.
1307 2071 1380 2100 252.
1403 2070 1455 2100 ubi
1477 2080 1508 2100 se
1533 2071 1579 2099 in-

920 2131 1053 2161 gressum.
1066 2129 1160 2150 curru
1179 2118 1267 2149 dicit.
1284 2117 1339 2148 sed
1356 2128 1414 2148 vox
1427 2117 1482 2148 illa
1499 2125 1581 2148 nocte

925 2180 985 2199 non
1010 2168 1126 2210 placet,
1152 2167 1226 2209 quia
1252 2166 1432 2208 ambiguam
1458 2172 1580 2198 senten-

923 2217 998 2248 tiam
1021 2217 1106 2252 sacit,
1132 2223 1164 2247 et
1189 2227 1260 2247 cum
1276 2217 1330 2246 hac
1361 2215 1496 2246 construi
1521 2226 1581 2246 non

923 2266 1026 2297 debet.
1042 2277 1102 2296 nou
1125 2265 1208 2295 enim
1230 2270 1352 2295 noctem
1368 2271 1487 2306 poterat
1502 2275 1580 2306 prae·

924 2320 1043 2345 sentem
1072 2313 1200 2355 pingere
1231 2319 1262 2343 et
1289 2314 1462 2344 ostendere.
1485 2323 1582 2354 quare

924 2373 995 2393 cum
1012 2361 1176 2392 narniensi
1192 2361 1309 2396 malim,

971 2411 1039 2441 Hac
1062 2422 1114 2451 ego
1137 2422 1201 2440 sum
1226 2412 1320 2450 captis
1342 2417 1429 2450 purte
1452 2421 1583 2441 reversus

1011 2461 1100 2499 equis.

929 2507 1034 2546 Raptis
1049 2507 1146 2538 etiam
1162 2517 1269 2538 omnes
1287 2507 1350 2537 sere
1371 2507 1486 2549 scripti.
1505 2511 1584 2547 rapti

926 2556 1009 2586 enim
1029 2563 1127 2592 erant,
1152 2562 1183 2586 et
1215 2556 1377 2587 celeritate
1405 2556 1450 2586 uti
1475 2555 1584 2587 debuit

928 2604 1047 2640 Ulixes,
1065 2611 1098 2635 ut
1114 2610 1284 2646 antequam
1297 2615 1355 2635 nox
1373 2604 1482 2640 abiret,
1498 2615 1583 2635 reve-

925 2652 1062 2684 heretur.
1110 2653 1226 2684 Burni.
