1760 3172
240 194 324 235 142

633 193 682 235 Ρ.
717 192 931 235 OVIDII
967 192 1247 235 NASONIS

243 307 469 355 Forsitan
494 316 779 371 exspectes,
802 316 858 355 ut
882 308 931 360 in
957 308 1059 356 alta
1083 308 1269 371 palatia
1293 308 1500 356 missurn

310 384 563 432 Scandere
590 378 1291 452 tejubeamglCaesareamque
1311 385 1530 432 domum.
1570 388 1634 432 70

242 461 514 524 Ignoscant
538 470 751 524 augusta
776 451 895 510 milii
922 462 1046 516 loca,
1076 461 1243 524 Dique
1270 463 1519 510 locorum:

306 538 460 586 Venit
484 539 532 586 in
559 539 652 586 hoc
679 540 765 586 illa
788 539 977 586 fulmen
1004 539 1066 586 ab
1094 555 1207 586 arce
1233 546 1403 603 caput.

241 614 365 663 Esse
393 616 607 694 quidem)
622 616 825 663 memini
851 616 1113 663 mitissima
1139 617 1343 664 sedibus
1368 616 1465 663 illis

307 693 571 745 Numina
593 693 682 739 sed
708 692 876 748 timeo,
905 693 991 756 qui
1016 708 1248 748 nocuere,
1278 692 1430 740 Deos.

239 768 474 817 Terretur
498 769 701 816 minimo
727 785 905 832 pennae
933 768 1143 816 stridore
1170 769 1418 824 columba,
1569 771 1631 815 75

309 845 591 908 Unguibus,
620 846 874 909 accipiter,
903 846 1074 893 saucia
1098 845 1230 893 facta
1253 846 1370 893 tuis.

242 922 349 969 Nec
376 923 547 986 procul
575 938 603 969 a
628 923 840 969 stabulis
867 923 1019 970 audet
1044 913 1366 997 secedere,]‘si
1392 937 1493 985 qua

307 999 538 1046 Excussa
561 1006 639 1046 est
665 999 794 1046 avidi
821 999 1057 1046 dentibus
1085 1015 1213 1061 agna
1238 999 1359 1063 lupi.

238 1076 434 1123 Vitaret
459 1076 641 1123 coelum
667 1076 914 1131 Phaeton,
940 1075 980 1123 si
1004 1074 1281 1146 viveret,set
1305 1091 1431 1139 quos

307 1153 523 1216 Optarat
548 1153 718 1208 stulte,
747 1159 952 1214 tangere
978 1152 1135 1199 nollet
1159 1168 1336 1216 equos.
1568 1153 1631 1198 80

239 1229 326 1276 Me
353 1245 571 1292 quoque,
600 1245 712 1292 quae
739 1229 889 1285 sensi,
917 1229 1074 1276 fateor
1097 1228 1128 1276 J
1133 1229 1236 1276 ovis
1262 1244 1399 1276 arma
1421 1228 1628 1276 timere:

304 1306 392 1354 Me
417 1323 526 1353 reor
550 1305 745 1362 infesto,
770 1321 926 1369 quum
951 1312 1109 1362 tonat,
1136 1306 1249 1368 igne
1270 1305 1392 1369 peti.

238 1381 556 1446 Quicumque
582 1382 820 1445 Argolica
843 1382 906 1430 de
932 1383 1093 1430 classe
1121 1382 1387 1446 Capharea
1410 1381 1553 1444 fugit,

306 1460 517 1524 Semper
540 1461 602 1508 ab
630 1459 867 1507 Euboicis
890 1460 1002 1508 vela
1026 1467 1284 1524 retorquet
1308 1459 1470 1523 aquis.

281 1611 435 1641 DnctrInae
467 1612 598 1650 pretium
636 1612 721 1641 triste
758 1611 900 1652 magister

366 1661 462 1691 habet.

279 1710 331 1740 69.
356 1710 404 1739 An
420 1711 452 1739 in.
468 1710 533 1738 alta
546 1708 693 1748 palatim]
725 1708 767 1739 Ut
788 1711 820 1739 in
835 1710 900 1739 alta

235 1759 408 1789 Junianus:
440 1758 565 1800 placet;
594 1758 638 1788 sic
668 1758 722 1788 lib.
747 1757 791 1788 iii.
815 1758 901 1789 Artis

236 1807 425 1838 Amatoriae:
451 1808 570 1837 Scilicet
590 1813 745 1847 exspectas,
761 1813 796 1837 ut
817 1814 845 1838 te
867 1810 901 1838 in

235 1859 372 1889 convivia
387 1859 509 1888 ducam.
556 1857 675 1887 mes.

280 1907 332 1937 71.
357 1905 527 1947 Augusta]
560 1907 733 1947 Augustum
755 1911 899 1937 sanctum

235 1962 267 1987 ct
282 1955 459 1996 religiosum
482 1955 654 1997 significat3
678 1954 739 1986 Ov.
762 1955 793 1986 in
816 1956 898 1986 Fast.

235 2006 256 2036 i.
273 2005 349 2035 609.

278 2054 391 2085 Sancta
416 2060 523 2084 vocant
548 2060 679 2095 augusta
703 2059 814 2093 patres,
841 2065 897 2084 au-

362 2109 453 2144 gusta
470 2109 617 2132 vocantur

324 2153 443 2192 Templa
478 2154 664 2183 sacerdotum
700 2153 760 2182 rite
796 2153 897 2182 dicata

365 2214 466 2232 manu.

234 2253 275 2282 Et
291 2251 359 2282 loca
375 2261 500 2292 quoque
515 2249 672 2291 religiosa,
690 2255 721 2280 et
737 2249 768 2280 in
784 2249 898 2291 quibus

234 2307 385 2343 augurato
418 2300 495 2342 quid
529 2306 737 2335 consecratur,
767 2306 896 2341 augusta

234 2350 380 2381 «licuntur
396 2350 435 2380 ab
452 2355 557 2384 auctu,
574 2348 624 2379 vel
641 2349 679 2379 ab
692 2348 796 2379 avium
808 2354 897 2388 gestu

233 2407 376 2439 gustuve.
425 2398 524 2439 Dique
540 2400 680 2428 locorum.
718 2398 898 2440 Apollinem

236 2449 336 2478 Palat.
361 2447 504 2483 Dianam,
527 2448 638 2477 ,lovem
661 2453 725 2488 opt.
741 2457 824 2477 max.
840 2447 897 2477 Ju-

235 2508 358 2533 nonem,
379 2496 567 2532 Minervam,
593 2496 669 2526 alios
689 2496 775 2526 Deos
798 2496 897 2526 Dens-

235 2558 312 2588 que:
341 2546 388 2576 vel
413 2545 526 2587 potius,
548 2545 689 2587 intellige
710 2545 897 2586 Augustum,

235 2595 286 2637 qui
304 2595 410 2625 vivens
426 2594 548 2626 divinos
563 2595 676 2626 meruit
692 2594 832 2625 honores.

279 2645 328 2674 72.
359 2644 512 2684 Fulmen]
534 2644 584 2674 De
601 2644 709 2674 exsilio
725 2653 780 2673 suo
796 2642 896 2683 loqui-

233 2700 293 2728 tur,
314 2703 374 2734 quo
394 2693 433 2723 ab
460 2693 614 2732 Augusto,
642 2691 729 2734 quasi
755 2691 896 2726 fulmine.

232 2743 439 2785 proturbatus

1011 1610 1063 1641 73.
1089 1610 1158 1641 Esse
1173 1609 1318 1650 quidem]
1345 1608 1396 1639 Sic
1418 1608 1473 1639 lib.
1489 1620 1518 1639 v.
1534 1608 1583 1640 El.
1599 1607 1632 1639 ii.

967 1660 1019 1690 37.
1043 1660 1083 1691 ad
1097 1670 1241 1690 uxorem:

1013 1710 1095 1744 Quid
1112 1710 1232 1740 dubitas
1250 1714 1278 1738 et
1297 1709 1384 1739 adire
1400 1708 1503 1738 times?
1525 1708 1632 1737 accede

1095 1769 1243 1799 7'()gssq112.'

1057 1807 1171 1838 Caesare
1187 1808 1231 1837 nit
1248 1808 1354 1850 ingens
1368 1808 1471 1837 mitius
1485 1807 1561 1836 orbis
1576 1806 1630 1836 ha-

1096 1857 1155 1887 bet.

966 1905 1047 1935 Tum
1076 1911 1108 1936 et
1137 1904 1208 1936 aliis
1231 1904 1308 1936 locis
1334 1904 1402 1946 ejus
1429 1902 1629 1935 clementiam

967 1954 1088 1985 laudat.

1010 2005 1063 2035 81.
1087 2006 1181 2035 Arma
1196 2004 1307 2045 Jews]
1335 2001 1470 2044 Augusti
1482 2001 1572 2032 iram.

1009 2054 1062 2084 83.
1088 2055 1275 2094 Quicumque
1305 2054 1448 2094 Argolica
1475 2053 1512 2082 cle
1540 2052 1632 2083 classe

969 2103 1124 2142 capharea
1136 2103 1242 2145 fugit,
1260 2102 1336 2142 δια]
1364 2100 1469 2132 Graeci
1488 2111 1626 2142 quoque,

967 2152 1020 2194 qui
1058 2152 1154 2182 semel
1197 2156 1416 2192 tempestatem
1454 2156 1630 2186 evaserunt,

966 2200 1049 2242 apud
1072 2206 1209 2231 montem
1226 2199 1402 2241 Capharea,
1419 2209 1541 2240 semper
1559 2198 1630 2229 loca

965 2250 1021 2280 illa
1046 2250 1198 2281 devitant.
1244 2249 1368 2286 Quibus
1387 2247 1540 2289 exemplis
1565 2248 1629 2279 col-

965 2299 1046 2340 ligit,
1070 2310 1102 2329 se
1129 2309 1254 2340 quoque
1284 2298 1363 2333 loca,
1390 2297 1474 2327 unde
1499 2296 1628 2328 fulmine

966 2355 1135 2391 prostratus
1150 2354 1208 2383 est,
1226 2348 1331 2388 sugere
1347 2345 1502 2377 statuisse.
1546 2347 1628 2377 Sane

968 2397 1123 2439 Nauplius
1158 2395 1338 2426 Palamedis
1373 2400 1472 2436 pater,
1503 2400 1536 2425 ut
1573 2394 1628 2425 filii

965 2446 1012 2477 sui
1030 2457 1137 2477 necem
1156 2445 1368 2480 ulcisceretur,
1384 2444 1508 2474 elevata
1524 2444 1629 2475 facula

965 2497 1088 2536 signum
1117 2495 1205 2525 «ledit
1235 2506 1271 2524 ex
1304 2494 1468 2535 Capliareo
1496 2494 1627 2524 Euboeae

966 2543 1185 2586 promontorio,
1213 2543 1333 2573 Graicis
1358 2542 1518 2583 naufragio
1541 2541 1628 2572 labo-

966 2593 1122 2630 rantibus3
1147 2592 1199 2633 qui
1216 2591 1380 2622 credentes
1401 2590 1525 2631 ignibus
1547 2590 1627 2621 indi—

965 2642 1027 2673 cari
1043 2648 1165 2683 portum
1182 2639 1382 2675 tutissimum,
1399 2639 1478 2670 inter
1498 2639 1627 2680 asperri-

966 2703 1031 2722 mos
1040 2690 1183 2733 scopulos
1194 2689 1391 2730 naufragium
1403 2687 1514 2718 fecere.
1531 2688 1627 2718 Min.
