1760 3172
370 171 462 214 EX
495 170 706 212 PONTO
740 170 859 211 LIB.
889 170 971 211 IV.
1005 170 1198 212 EPIST.
1229 171 1319 212 III.

1455 173 1539 214 485

158 285 361 333 Excitat
385 287 579 334 auditor
604 286 850 342 studium3
879 286 1182 348 laudataque
1203 287 1359 333 virtus
1474 291 1535 334 35

226 363 439 419 Crescit,
466 371 517 412 et
540 363 836 411 immensum
862 363 1018 426 gloria
1040 364 1201 410 calcar
1226 364 1393 411 habet.

159 440 254 488 Hic
281 457 393 488 mea
410 441 487 488 cui
515 441 735 497 recitem,
756 441 850 487 nisi
875 441 1012 487 flavis
1040 441 1224 504 scripta
1251 441 1478 496 Corallis,

223 518 463 583 Quasque
488 519 609 566 alias
634 526 808 582 gentes
833 519 1071 566 barbarus
1099 518 1229 565 Ister
1253 518 1434 565 habet?

158 596 260 643 Sed
285 596 407 658 quid
433 597 567 643 solus
594 612 738 657 agam
754 589 1011 658 &quaque
1028 594 1252 657 ‘infelicia
1276 596 1479 658 perdam

224 673 342 721 Otia
366 673 588 729 materia,
616 673 990 737 subripiamque
1016 673 1183 720 diem?

1474 675 1537 718 40

157 749 288 797 Nam
309 750 427 813 quia
450 766 543 797 nec
561 750 746 805 vinum,
774 767 865 798 nec
891 767 970 798 me
994 757 1133 798 tenet
1158 750 1268 797 alea
1292 748 1458 804 fallax,

223 827 324 875 Per
347 843 459 890 quae
485 828 614 874 clam
639 828 845 874 tacitum
869 835 1068 891 tenipus
1094 827 1230 874 abire
1256 826 1382 873 solet
1403 844 1413 882 ;

160 904 269 952 Nec
294 921 389 960 me,
412 904 549 968 quod
574 920 824 968 cuperem,
850 904 890 951 si
915 920 1003 968 per
1028 903 1130 951 fera
1153 904 1286 950 bella
1309 902 1496 955 liceret,

225 982 462 1029 Oblectat
486 982 623 1028 cultu
647 989 777 1029 terra
801 988 981 1029 novata
1005 998 1122 1028 suo:

158 1058 308 1114 Quid,
335 1059 430 1106 nisi
454 1058 697 1114 Pierides,
725 1059 902 1106 solatia
928 1058 1120 1120 frigida,
1148 1062 1317 1111 restat,

1477 1057 1538 1101 45

226 1135 341 1182 Non
365 1137 493 1183 bene
518 1136 581 1182 de
605 1135 748 1182 nobis
775 1151 887 1199 quae
914 1150 1137 1181 meruere
1164 1133 1319 1180 Deae?
1447 1169 1476 1196 γε,

157 1211 226 1258 At
249 1218 320 1268 tu,
348 1211 428 1259 cui
452 1212 638 1260 bibitur
661 1203 853 1258 felicius
879 1211 1069 1257 Aonius
1094 1209 1219 1264 fons,

226 1287 429 1336 Utiliter
452 1288 671 1336 studium
698 1288 833 1351 quod
857 1288 946 1335 tibi
974 1287 1122 1342 cedit,
1150 1301 1288 1333 ama:

161 1365 415 1429 Sacraque
431 1365 690 1413 Musarum
705 1366 881 1412 merito
897 1365 1027 1421 cole;
1048 1363 1285 1427 quodque
1301 1363 1539 1424 legamus,

227 1441 339 1491 Huc
365 1444 567 1507 aliquod
592 1460 721 1491 curae
746 1444 889 1490 mitte
915 1441 1128 1490 recentis
1153 1456 1296 1505 opus.

1481 1442 1543 1486 50

612 1686 958 1735 EPISTOLA
996 1685 1096 1732 III.

511 1811 745 1852 AMICO
792 1806 1187 1850 INSTABILI.

163 1915 536 1971 CONQUERAR,
559 1930 621 1961 an
639 1913 866 1960 taceam?
892 1926 1072 1976 ponam
1099 1909 1205 1957 sine
1229 1908 1426 1955 nomine
1452 1908 1544 1954 cri-

226 1992 306 2040 An
327 1998 516 2048 notum,
540 1991 626 2055 qui
653 1992 736 2047 sis,
757 1990 987 2038 omnibus
1008 2004 1119 2036 esse
1132 1986 1313 2035 velim?
1375 1986 1544 2047 [men?

159 2125 274 2162 ciebat,
287 2125 343 2157 sed
360 2130 467 2156 contra
485 2136 610 2156 sensum
629 2130 660 2156 et
675 2130 818 2156 metrum.

205 2175 258 2206 34.
288 2174 371 2205 Idem
399 2175 468 2215 est.]
505 2175 593 2205 obest
626 2174 715 2205 Leid.
743 2173 818 2205 edit.

160 2223 282 2266 Gryph.
296 2224 418 2255 Bersm.
432 2228 464 2254 et
478 2222 541 2254 alii.

204 2274 256 2304 37.
284 2272 355 2303 Nisi
379 2273 476 2315 flavis
505 2272 665 2312 Corallis]
701 2270 820 2302 Coralli

162 2321 269 2364 populi
304 2321 387 2353 fuere
423 2321 456 2353 in
484 2332 539 2352 ora
565 2319 689 2352 Pontici
705 2319 822 2351 amaris.

163 2372 268 2403 Flavis
282 2371 331 2403 vel
354 2371 394 2402 ad
415 2381 549 2407 comam,
564 2376 599 2402 ut
618 2370 759 2406 ξανθοὺς
775 2368 822 2399 in-

160 2421 284 2463 telligat
304 2430 383 2458 esse,
399 2426 431 2452 et
451 2431 507 2463 per
526 2421 598 2457 hoc,
612 2419 749 2451 feroces:
771 2418 821 2449 vel

163 2470 204 2502 ad
221 2470 335 2512 reliqui
356 2470 492 2513 corporis
515 2469 650 2500 colorem
673 2467 822 2499 adludere

162 2520 350 2563 putandum.
405 2521 456 2551 De
481 2519 614 2550 Corallis
649 2523 754 2550 autem
791 2522 822 2548 et

163 2570 274 2601 Strabo
288 2569 430 2601 meminit
444 2569 523 2600 libro
539 2569 681 2611 septimo.

207 2621 258 2651 40.
274 2619 502 2660 Subripiamque
526 2618 631 2658 diem.]
659 2616 751 2649 Clam
775 2626 822 2646 ra-

165 2668 251 2711 piam
273 2674 372 2701 totum
393 2668 488 2700 diem.
525 2666 722 2709 Subripimus
742 2664 826 2696 enim

165 2717 260 2756 diem,
283 2718 411 2761 quando
426 2728 575 2749 vacamus
597 2714 692 2747 alicui
715 2713 757 2745 rei
778 2714 825 2755 jo-

886 2134 978 2160 cosae,
1006 2122 1051 2153 ita
1080 2127 1114 2152 ut
1144 2121 1211 2152 dies
1236 2119 1388 2150 elabatur.
1433 2118 1547 2148 Solatia

876 2174 1014 2215 frigida.
1058 2172 1109 2202 Ita
1137 2179 1260 2212 quoque
1298 2167 1381 2210 apud
1411 2168 1548 2204 Graecos,

888 2221 996 2263 ψυκρά
1011 2219 1133 2262 τέρψις.
1170 2218 1280 2259 Eurip.

932 2270 984 2300 46.
1011 2269 1083 2304 Quae
1106 2279 1167 2298 non
1191 2268 1259 2297 bene
1281 2276 1414 2295 meruere
1438 2267 1473 2294 de
1498 2276 1547 2295 no-

889 2319 958 2359 bis.]
985 2319 1065 2355 Quae
1080 2315 1157 2347 mihi
1172 2319 1357 2346 nocuerunt.

933 2368 985 2399 48.
1001 2364 1171 2404 Studium]
1195 2362 1340 2394 Studium
1355 2361 1484 2404 poeticae
1502 2372 1549 2392 ar-

889 2416 938 2447 tis.
986 2416 1073 2450 Quod
1095 2416 1149 2445 tibi
1173 2414 1261 2444 cedit.
1285 2411 1378 2448 Quod
1402 2410 1458 2441 tibi
1480 2421 1550 2442 suc-

889 2465 974 2496 cedit
1003 2463 1139 2495 utiliter:
1170 2462 1235 2494 sive
1262 2461 1379 2497 utilius,
1406 2460 1464 2490 hoc
1493 2464 1550 2496 est,

890 2515 1013 2551 melius,
1028 2523 1123 2554 quam
1138 2511 1227 2542 mihi.

936 2614 964 2644 l.
982 2613 1096 2643 Ponam
1116 2612 1178 2641 sine
1194 2610 1311 2640 nomino
1332 2607 1472 2647 crimem]
1499 2607 1550 2637 An

893 2663 991 2694 debeo
1011 2665 1131 2692 tantum
1153 2658 1271 2690 crimen
1285 2663 1374 2689 tuum
1390 2666 1551 2699 suppresso

894 2711 1017 2746 nomine
1032 2709 1216 2741 ostenderet

1022 2760 1038 2790 1
1055 2771 1064 2789 1
1082 2760 1100 2790 3
