1760 3172
389 175 700 219 TRISTIUM
731 175 853 217 LIB.
887 174 951 216 II.
986 174 1078 216 EL.
1111 173 1332 216 UNICA.

1470 174 1556 216 209

163 291 195 339 J
200 292 344 339 unxit
365 291 614 339 Aristides
640 290 843 339 Milesia
865 289 1072 337 crimina
1096 305 1294 347 secum3

232 369 416 417 Pulsus
441 368 687 416 Aristides
713 383 805 435 nec
831 373 999 414 tamen
1023 367 1146 413 urbe
1171 380 1278 412 sua.

166 445 214 493 N
219 461 292 501 ee,
311 445 398 509 qui
422 445 689 509 descripsit
713 430 961 508 corrumpi
987 443 1179 491 semina
1197 448 1428 498 matrum,
1455 446 1552 491 415

234 511 675 585 Eubius3²³impurae
702 521 930 569 conditor
954 519 1199 576 historiae3

166 597 292 654 Nec,
320 599 405 661 qui
418 588 711 662 ⁴'composuit
734 613 892 661 nuper
920 595 1223 659 Sybaritida,
1250 594 1406 657 fugit3

232 674 342 722 Nec
367 690 479 737 quae
504 674 800 722 concubitus
823 689 922 720 non
946 679 1148 719 tacuere
1173 688 1318 719 suos:

169 750 399 815 Suntque
424 768 484 799 ea
507 752 769 798 doctorum
794 749 1128 797 monumentis
1154 748 1302 795 mista
1324 748 1555 803 virorum,

234 827 633 891 Muneribusque
658 828 842 875 ducum
868 827 1072 891 publica
1089 825 1222 873 facta
1240 833 1431 889 patent.
1459 828 1558 872 420

170 904 310 952 Neve
335 905 608 968 peregrinis
634 912 831 952 tantum
856 903 1094 951 defendar
1119 904 1181 950 ab
1208 902 1373 958 armis,

234 981 302 1028 Et
326 981 583 1029 Romanus
608 982 760 1029 habet
783 982 942 1028 multa
960 982 1137 1044 jocosa
1159 980 1301 1027 liber.
1378 972 1380 974 i

167 1056 342 1120 thue
367 1074 456 1105 suo
483 1057 701 1106 Martem
725 1057 909 1105 cecinit
934 1057 1095 1120 gravis
1123 1056 1316 1103 Ennius
1342 1071 1442 1112 ore,

237 1133 429 1182 Ennius
453 1135 652 1197 ingenio
677 1134 942 1189 maximus,
970 1140 1074 1181 arte
1099 1133 1265 1191 rudis;

171 1209 410 1275 Explicat
432 1218 488 1259 ut
514 1228 691 1260 causas
713 1212 872 1275 rapidi
898 1210 1161 1258 Lucretius
1187 1210 1333 1273 ignis,

1464 1211 1562 1257 425
1579 1264 1582 1266 μ

240 1288 590 1352 Casurumque
615 1290 800 1353 triplex
824 1289 1119 1337 vaticinatur
1144 1304 1300 1352 opus;

171 1437 286 1469 dicitur
300 1439 396 1475 molle,
412 1439 496 1480 quod
512 1440 671 1481 infringit,
684 1439 717 1470 h.
733 1450 761 1470 e.
775 1439 832 1470 de-

170 1487 275 1518 bilitat
288 1492 382 1529 atque
397 1494 524 1519 enervat
538 1489 623 1520 facta
644 1489 744 1519 modis
759 1489 834 1520 suis.

170 1538 319 1568 Hamus.

215 1587 289 1616 413.
304 1587 478 1627 Aristides]
504 1586 650 1617 Milesius
660 1592 753 1628 poeta
764 1586 835 1622 fuit,

172 1634 226 1676 qui
249 1634 417 1666 Milesiaca
442 1641 598 1677 poemata,
622 1641 653 1665 et
678 1635 717 1666 de
744 1636 837 1666 rebus

172 1683 340 1725 impudicis
360 1684 494 1726 scripsit,
510 1684 600 1725 cujus
618 1684 781 1715 Plutarch.
805 1684 837 1714 in

174 1734 298 1769 Crasso,
315 1734 474 1764 Lucianus
488 1733 525 1772 *in
540 1733 710 1764 Amoribus
728 1733 837 1763 memi-

174 1787 298 1817 nerunt,
315 1787 347 1812 et
370 1782 531 1813 adnotavit
553 1782 592 1812 de
615 1782 726 1812 eodem
749 1783 836 1823 Aug.

172 1829 359 1867 Politianus,
373 1830 512 1861 Miscell.
528 1830 591 1862 xvi.
636 1832 763 1862 var..

217 1880 291 1910 416.
316 1880 443 1916 Eubius,
461 1882 584 1920 impuroe
599 1882 735 1911 conditor
750 1882 839 1911 histo-

173 1929 254 1970 riae.]
282 1929 482 1962 Credendum
493 1935 551 1966 est,
566 1930 703 1960 Eubium
717 1930 839 1961 histori-

174 1989 247 2009 cum
261 1978 294 2008 in
308 1988 364 2009 suo
379 1988 470 2020 opere
493 1978 662 2020 scripsisse,
678 1978 840 2010 mulierem

173 2027 312 2069 aliquam
324 2027 449 2070 potione
460 2033 492 2059 et
499 2027 658 2058 veneficiis
668 2028 841 2069 corrupisse

176 2083 318 2117 partum;
347 2076 431 2118 quod
455 2087 552 2118 quum
576 2076 695 2113 fecerit,
719 2077 843 2107 videtur

177 2125 255 2156 alias
270 2125 422 2167 ejusmodi
438 2124 557 2156 crimen
570 2125 724 2156 docuisse.
748 2126 843 2156 Men.

175 2173 335 2210 —Eubii‚
358 2174 538 2216 philosophi
567 2174 670 2211 stoici,
698 2175 843 2206 meminit

177 2224 327 2265 Stephan.
351 2223 384 2254 in
394 2223 579 2256 Ἀσκάλων.
624 2225 741 2256 Bunm.

220 2274 295 2304 417.
320 2273 395 2309 Nec,
410 2276 461 2314 qui
484 2276 643 2313 composuit
665 2285 762 2314 nuper
785 2274 840 2314 Sy—

177 2322 439 2365 baritirlaffugit]
458 2323 539 2354 Puto
546 2322 716 2364 legendum
726 2330 842 2362 turpem

177 2372 363 2412 Sybaritida.
407 2371 600 2402 Hemitheon
621 2372 770 2413 cynaedus
785 2374 842 2414 Sy-

177 2420 281 2451 barita
294 2420 505 2462 turpissimum
526 2420 641 2452 librum
659 2421 781 2464 scripsit
803 2422 842 2452 de

178 2480 211 2500 re
222 2469 359 2500 Veneria
367 2470 451 2511 apud
461 2470 635 2501 Lucianum
646 2471 730 2511 πρὸς
739 2471 841 2501 ἀπαί-

178 2517 304 2549 δευτον.
350 2517 439 2548 Idem
453 2517 486 2549 in
506 2519 744 2560 Pseudologista
765 2518 841 2549 Mis-

180 2566 284 2597 thonis
314 2566 466 2607 Sybaritae
498 2568 641 2598 meminit
674 2568 843 2609 turpissimi

179 2614 351 2656 scriptoris:
377 2614 449 2646 hinc
466 2615 629 2655 Sybaritici
651 2617 744 2646 libelli
760 2616 844 2658 apud

181 2663 373 2700 Martialem,
389 2663 445 2694 lib.
461 2664 515 2694 xii.
532 2665 591 2706 Ep.
605 2664 686 2695 xcvi.
723 2665 843 2696 Hmss.

181 2711 298 2742 -Fuit
313 2717 419 2743 autem
441 2712 563 2753 Sybaris
584 2713 733 2755 oppidum
751 2714 845 2745 Cala-

901 1438 988 1474 briae,
1000 1438 1081 1469 inter
1093 1436 1235 1469 Crathim
1247 1442 1278 1468 et
1292 1436 1436 1478 Sybarim
1445 1435 1567 1467 fluvios.

945 1489 1020 1519 413.
1047 1488 1087 1518 Et
1110 1489 1160 1527 qui
1180 1488 1354 1517 concubitus
1374 1498 1433 1516 non
1448 1491 1569 1516 tacuere

902 1538 994 1578 suos]
1019 1536 1134 1568 Malim
1149 1548 1223 1577 quae,
1235 1542 1270 1567 ut
1283 1535 1435 1566 Philaenis
1450 1540 1482 1565 et
1496 1535 1570 1565 Ele-

902 1587 1028 1629 phantis
1051 1585 1280 1626 intelligantur,
1305 1594 1437 1626 quarum
1461 1583 1570 1615 foedis-

904 1636 984 1666 sima
1012 1635 1129 1676 scripta
1157 1634 1272 1676 passim
1307 1633 1568 1664 circumfereban-

904 1691 965 1716 tur.
1008 1683 1162 1715 Philaenis
1181 1682 1355 1720 Leucadia,
1376 1683 1467 1724 cujus
1491 1692 1570 1713 vers.

905 1733 1094 1776 spurcissimi
1119 1744 1136 1764 a
1158 1733 1336 1773 Polycrate,
1363 1732 1503 1774 sophista
1523 1731 1568 1762 A-

904 1782 1073 1818 theniensi,
1092 1782 1277 1813 dicebantur
1298 1792 1365 1812 esse
1385 1781 1572 1823 conscripti;

904 1838 984 1863 teste
1001 1832 1186 1863 AEschrione
1201 1831 1234 1862 in
1260 1830 1445 1861 Philaenidis
1460 1831 1574 1872 Epice-

905 1882 957 1912 dio
987 1881 1071 1923 apud
1100 1881 1303 1916 Athenaeum‚
1331 1879 1353 1910 l.
1378 1879 1443 1910 viii.
1489 1879 1573 1910 Huic

906 1930 1087 1972 adjungitur
1099 1940 1118 1960 a
1130 1929 1349 1971 Xenophonte,
1360 1928 1414 1958 lib.
1425 1927 1458 1958 ii.
1472 1927 1576 1959 Ἀπο-

905 1978 1198 2021 μνημονευμὰτων,
1216 1978 1297 2008 Nico
1312 1977 1417 2008 Samia
1431 1982 1463 2007 et
1477 1976 1576 2007 Calli-

906 2035 1002 2059 strate
1019 2027 1143 2063 Lesbia,
1161 2027 1301 2058 versibus
1318 2026 1429 2056 itidem
1449 2026 1573 2056 obscoe—

907 2077 955 2108 nis
969 2077 1121 2108 infames:
1147 2077 1223 2107 citat
1238 2075 1342 2106 locum
1358 2074 1576 2116 Xenophontis

909 2126 1094 2162 Athenaeus,
1121 2125 1176 2156 lib.
1204 2136 1233 2156 V.
1279 2124 1404 2161 Quibus
1431 2123 1575 2154 omnibus

909 2175 1129 2217 antiquiorem,
1142 2175 1370 2216 Astyanassam
1385 2172 1495 2203 laudat
1511 2173 1576 2203 He-

909 2225 1035 2266 sychius
1062 2230 1093 2255 et
1118 2224 1230 2255 Suidas
1254 2222 1385 2253 Helenae
1410 2222 1576 2252 ancillam:

910 2273 1029 2303 mentio
1053 2273 1147 2304 etiam
1171 2278 1218 2302 est
1240 2272 1377 2312 Cyrenes
1393 2270 1477 2311 apud
1496 2270 1578 2300 anti-

911 2333 999 2363 quos,
1016 2332 1109 2362 quam
1124 2320 1402 2362 δωδεκαμήχανον
1417 2318 1578 2350 dicebant.

911 2371 1030 2402 Hms‘s.

955 2421 1029 2450 421.
1054 2420 1099 2449 Ab
1118 2420 1210 2449 armis
1229 2417 1423 2459 peregrinis]
1452 2418 1503 2447 Ab
1524 2427 1578 2448 ex-

913 2476 1068 2500 ternorum
1085 2467 1270 2509 scriptorum
1281 2466 1503 2497 voluminibus.

956 2519 1029 2548 425.
1050 2518 1349 2556 Ε.1Ρὶὶσαΐ1ιίεαιιε(ιε
1366 2514 1496 2555 rapidi]
1516 2515 1578 2545 Hie

911 2567 997 2597 loeus
1025 2565 1171 2596 bifariam
1203 2564 1303 2605 accipi
1324 2564 1448 2594 videtur
1468 2574 1578 2605 posse:

912 2616 962 2646 vel
986 2622 1020 2646 ut
1045 2614 1228 2656 simpliciter
1255 2613 1360 2654 ignem
1388 2612 1579 2654 accipiamus

913 2664 1118 2699 materialem,
1142 2669 1173 2693 et
1197 2673 1259 2704 quo
1283 2662 1422 2704 quotidie
1445 2662 1580 2700 utimur3

913 2714 962 2744 vel
985 2719 1019 2743 ut
1035 2713 1075 2743 ad
1091 2712 1221 2748 fulmen,
1239 2717 1270 2742 et
1285 2712 1352 2753 ejus
1367 2721 1478 2742 causas
1496 2711 1578 2742 refe-
