1760 3172
248 174 335 214 ⁴10

641 172 690 213 P.
726 173 764 213 ()
775 171 936 212 V1D11
974 170 1250 212 NASONIS

248 289 358 342 Quo
383 287 540 349 magis
567 287 794 341 admiror,
823 304 936 342 non,
965 295 1019 333 ut
1043 286 1344 333 torrentibus
1372 285 1531 336 undis,

315 363 606 411 Communis
633 363 734 410 vitii
761 371 809 411 te
836 379 1035 426 quoque
1061 363 1173 410 labe
1199 362 1342 409 trahi.

250 441 482 504 Diligitur
506 457 665 495 nemo,
693 440 785 487 nisi
812 440 891 487 cui
916 439 1111 487 fortuna
1135 439 1357 487 secunda
1380 445 1484 486 est:

315 518 437 572 Quae
463 517 608 564 simul
635 517 862 572 intonuit,
889 516 1114 580 proxima
1138 531 1351 579 quaeque
1377 514 1530 577 fugat.

250 595 326 642 En
352 612 460 658 ego,
487 611 585 641 non
610 593 782 658 paucis
808 593 1059 657 quondam
1084 592 1303 640 munitus
1329 591 1516 648 amicis,
1566 593 1628 638 25

317 671 450 718 Dum
474 671 609 718 flavit
632 671 754 718 velis
780 686 899 718 aura
922 670 1143 718 secunda
1166 670 1288 717 meis
1307 688 1317 726 ;

256 748 323 796 Ut
345 749 448 796 fera
471 748 699 795 nimboso
725 755 1012 795 tumuerunt
1038 763 1240 810 aequora
1262 754 1425 801 vent0,

318 825 376 871 In
400 825 577 872 mediis
603 826 765 872 lacera
790 840 957 888 puppe
982 825 1232 888 relinquor
1257 823 1415 886 aquis.

251 901 519 965 Quumque
544 902 625 949 alii
650 902 806 949 nolint
830 902 979 950 etiarn
1004 919 1082 951 me
1107 919 1255 950 nosse
1278 902 1448 957 videri,

317 979 415 1026 Vix
440 980 538 1026 duo
562 980 783 1044 projecto
807 987 968 1027 tresve
993 979 1177 1026 tulistis
1203 995 1366 1043 opem.
1570 979 1633 1023 30

252 1056 473 1111 Quorum
508 1064 561 1103 tu
598 1056 858 1122 princeps:
898 1074 990 1105 nec
1028 1057 1159 1105 enim
1192 1073 1360 1104 comes
1392 1071 1518 1110 esse,
1547 1054 1634 1101 sed

451 1140 637 1190 auctor,

320 1210 427 1257 Nec
453 1218 621 1274 petere
646 1211 949 1274 exemplum,
978 1211 1066 1258 sed
1092 1211 1209 1258 dare
1232 1210 1411 1272 dignus
1437 1226 1562 1258 eras.

252 1288 339 1343 Te,
367 1288 488 1335 nihil
513 1304 576 1335 ex
599 1296 728 1346 acto,
755 1288 849 1335 nisi
874 1305 972 1336 non
998 1305 1252 1353 peccasse,
1278 1287 1533 1343 ferentem,

320 1366 511 1429 Sponte
537 1382 627 1413 sua
651 1366 870 1430 probitas
895 1367 1211 1429 officiumque
1230 1367 1421 1429 juvant.

251 1443 279 1489 J
287 1443 433 1491 udice
457 1451 507 1491 te
532 1444 762 1492 mercede
781 1452 932 1501 caret,
951 1461 1038 1508 per
1059 1460 1215 1506 seque
1236 1442 1453 1507 petenda
1472 1448 1548 1490 est
1572 1443 1635 1487 35

320 1521 555 1569 Externis
579 1522 733 1569 virtus
759 1522 1050 1570 incomitata
1071 1521 1229 1569 boniS.

253 1598 419 1663 Turpe
443 1607 590 1663 putas
617 1599 766 1663 abigi,
794 1601 913 1664 quia
936 1600 1001 1647 sit
1026 1597 1351 1653 miserandus,
1379 1596 1611 1650 amicum,

312 1676 561 1741 Quodque
585 1678 652 1725 sit
674 1678 862 1734 infelix,
889 1679 1116 1727 desinere
1142 1692 1252 1724 esse
1276 1683 1433 1722 tuum.

256 1753 429 1801 Mitius
455 1761 533 1802 est
557 1756 687 1803 lasso
712 1754 924 1819 digitum
947 1756 1226 1819 subponere
1253 1758 1436 1807 mento,

321 1831 551 1894 Mergere
576 1849 727 1907 quam
751 1833 951 1897 liquidis
977 1849 1062 1881 ora
1086 1831 1302 1879 natantis
1328 1829 1488 1892 aquis.
1547 1826 1638 1877 ss4O

254 1979 352 2010 tuere,
363 1973 420 2004 hoc
435 1979 492 2010 est,
504 1974 543 2004 ad
559 1974 819 2006 meretricandum
834 1986 913 2017 prae·

256 2024 339 2054 bere.

297 2073 350 2102 22.
374 2073 453 2102 Frui
464 2073 580 2103 Bavar.
597 2072 652 2103 sed
667 2072 755 2103 nihili
765 2078 828 2103 est:
844 2084 913 2115 pro-

255 2121 319 2163 prie
332 2127 437 2151 autem
450 2122 513 2151 labe
529 2122 620 2151 trahi.
638 2121 730 2152 Labes
741 2121 837 2158 h.est‚
853 2122 914 2153 rui-

256 2180 306 2206 na,
325 2169 368 2200 uti
391 2169 504 2212 saepius
528 2171 661 2201 occurrit
685 2170 768 2213 apud
791 2171 914 2202 Cicero-

256 2229 337 2250 nem.
352 2230 381 2250 ν.
397 2219 520 2250 Ernest.
537 2219 627 2251 Clav.
644 2219 746 2251 Cicer.
762 2221 820 2251 sub
836 2220 866 2251 h.
881 2232 912 2252 v.

256 2268 375 2310 proprie
397 2273 443 2299 est
458 2268 596 2299 violenta
613 2269 757 2310 quaedam
772 2269 861 2300 ruina
876 2281 913 2301 ex

256 2328 406 2359 aquarum
429 2317 547 2354 illuvie,
570 2324 624 2348 aut
650 2324 833 2360 tempestate
861 2326 915 2351 aut

256 2373 344 2397 terrae
360 2367 447 2397 hiatu
461 2373 596 2398 motuve.
628 2367 709 2399 Vide
723 2368 818 2399 etiam
835 2369 914 2399 Ges-

258 2426 321 2446 ner.
337 2415 416 2447 thes.
432 2416 471 2446 L.
483 2416 521 2446 L.
535 2416 731 2448 Transfertur
745 2416 859 2449 deinde
875 2418 915 2449 ad

257 2474 367 2495 mores.
411 2465 560 2496 Hiatus.

301 2515 353 2544 33.
376 2514 479 2544 Locus
502 2514 552 2545 hic
576 2514 651 2545 mire
675 2514 799 2546 vexavit
822 2516 915 2547 inter-

258 2568 370 2604 pretes.
414 2564 616 2605 Verpoorten‚
646 2575 740 2606 quem
775 2564 847 2596 vide
884 2565 915 2596 in

258 2611 450 2653 praefatione,
464 2612 508 2643 ita
531 2613 613 2643 hunc
636 2612 738 2644 locum
762 2614 840 2645 bene
863 2625 916 2645 ex-

260 2660 367 2701 plicat.
411 2665 430 2677 “
451 2661 501 2697 Te,
527 2661 580 2703 qui
602 2662 681 2692 nihil
704 2665 778 2702 petis
807 2675 839 2693 er
869 2674 915 2699 eo,

261 2709 343 2749 quod
365 2711 439 2749 agis,
458 2713 514 2741 nisi
537 2723 595 2742 non
616 2722 757 2751 peccasse,
780 2711 800 2742 i.
815 2723 842 2743 e.
859 2712 915 2743 nisi

981 1982 1014 2007 ut
1029 1981 1112 2007 recte
1128 1973 1248 2009 feceris,
1263 1983 1363 2014 neque
1382 1970 1519 2002 officium
1534 1969 1637 2001 deser-

981 2024 1061 2056 ueris
1072 2025 1203 2064 probitas
1217 2029 1243 2052 et
1260 2021 1388 2063 qfficz'um
1403 2019 1436 2051 h.
1454 2029 1482 2051 e.
1497 2019 1594 2050 virtus
1607 2025 1640 2050 et

981 2073 1059 2104 fides
1082 2084 1156 2114 erga
1179 2071 1313 2103 amicum
1336 2069 1443 2100 officiis
1469 2075 1500 2100 et
1523 2069 1640 2100 auxilio

982 2122 1118 2163 praestito
1132 2121 1299 2156 declarata,
1306 2122 1434 2160 juvant,
1448 2118 1513 2149 sive
1535 2118 1639 2149 delec-

983 2177 1062 2207 tant,
1079 2170 1251 2213 diliguntur
1276 2180 1295 2200 a
1318 2175 1359 2205 te,
1374 2175 1474 2208 sponte
1495 2179 1548 2198 suu
1573 2168 1639 2199 sine

983 2219 1126 2251 mercede
1142 2226 1196 2250 aut
1209 2230 1263 2262 spe
1278 2219 1433 2250 utilitatis.
1476 2219 1556 2255 Quae
1575 2218 1639 2249 lec-

982 2269 1026 2300 tio
1050 2275 1097 2300 est
1121 2269 1153 2299 in
1179 2274 1280 2304 textu,
1304 2278 1342 2299 ea
1367 2267 1570 2310 proficiscitur
1598 2267 1638 2298 ab

981 2319 1200 2349 emendatione
1222 2318 1329 2348 Burm.
1353 2317 1406 2359 qui
1427 2317 1495 2348 loeo
1518 2328 1552 2347 es
1575 2323 1640 2347 acto

982 2368 1075 2399 etiam
1094 2367 1216 2399 Heinsii
1239 2367 1408 2409 conjectur.
1431 2378 1445 2397 e
1463 2367 1554 2408 facto
1578 2377 1639 2397 non

982 2416 1121 2453 damnat,
1154 2422 1186 2447 et
1211 2416 1255 2447 ita
1283 2416 1518 2458 interpretatur:
1566 2416 1639 2446 Non

981 2465 1075 2497 aliam
1099 2465 1274 2497 mercedem
1300 2476 1339 2496 ex
1363 2466 1445 2496 facto
1467 2465 1558 2508 petis,
1582 2466 1640 2498 nisi

982 2515 1214 2551 conscientiam,
1227 2521 1257 2546 te
1268 2525 1328 2546 non
1344 2524 1503 2556 peccasse,
1515 2520 1568 2546 aut
1580 2526 1640 2546 non

983 2563 1116 2596 defuisse
1139 2565 1250 2601 officio,
1266 2564 1350 2606 quod
1372 2564 1472 2595 amico
1492 2564 1641 2596 debebas.

982 2614 1113 2655 Singula
1128 2614 1250 2645 uberius
1264 2615 1382 2656 probat.
1427 2614 1576 2645 Hantzs.

1025 2664 1078 2694 39.
1103 2664 1191 2694 Lasso
1212 2664 1242 2694 h.
1257 2674 1285 2694 e.
1301 2663 1416 2694 homini
1440 2664 1588 2705 naufrago
1609 2670 1640 2694 et

985 2711 1024 2742 ad
1041 2719 1152 2744 terram
1165 2719 1290 2743 enatare
1307 2712 1442 2743 conanti.
1490 2713 1637 2743 Hirrus.
