1760 3172
380 189 472 230 EX
506 188 717 229 PONTO
752 189 870 230 LIB.
906 188 967 229 II.
1002 189 1192 230 EPIST.
1227 190 1291 230 X.

1447 189 1531 230 437

151 302 252 350 Seu
277 310 381 350 rate
407 305 643 351 caeruleas
669 304 804 367 picta
831 305 1128 351 sulcavimus
1155 305 1341 362 undas3

214 379 408 427 Esseda
431 396 520 427 nos
546 381 660 443 agili
687 380 788 427 sive
813 381 969 427 tulere
996 388 1118 427 rota.

149 456 296 521 Saepe
320 458 482 505 brevis
507 459 649 505 nobis
674 458 864 504 vicibus
890 459 969 505 via
986 458 1091 505 visa
1115 459 1379 521 loquendi3

1465 461 1527 506 35

213 534 482 598 Pluraque,
511 536 551 582 si
576 551 822 591 numeres,
850 537 1000 583 verba
1024 536 1159 583 fuere
1186 537 1358 598 gradu.

149 610 293 675 Saepe
318 612 425 659 dies
451 629 677 659 sermone
703 612 862 661 minor
886 612 1003 669 fuit.;
1046 612 1196 675 inque
1224 613 1528 675 loquendum

213 689 376 736 Tarda
399 707 488 753 per
511 690 706 737 aestivos
731 690 888 737 defuit
912 690 1032 736 hora
1055 690 1178 737 dies.

147 765 240 813 Est
264 767 468 829 aliquid,
495 783 640 815 casus
666 767 849 830 pariter
873 767 1097 813 timuisse
1122 766 1363 823 marinos3

211 842 241 889 J
246 851 496 907 unctaque
522 844 583 891 ad
610 860 866 906 aequoreos
891 851 1002 891 vota
1027 844 1201 891 tulisse
1229 843 1392 890 Deos:

1465 846 1529 889 40

147 918 213 966 Et
236 921 382 967 modo
409 937 486 968 res
512 921 674 983 egisse
701 921 871 975 simul;
905 922 1050 968 modo
1076 938 1244 968 rursus
1271 921 1332 967 ab
1359 920 1472 975 illis,

212 995 435 1051 Quorum
460 1014 558 1045 non
582 998 784 1061 pudeat,
812 1014 960 1062 posse
979 998 1158 1045 referre
1179 999 1337 1061 jocos.

147 1072 270 1121 Haec
289 1074 379 1121 tibi
405 1074 446 1121 si
472 1075 698 1130 subeant,
721 1075 880 1121 absim
906 1076 1037 1130 licet,
1065 1076 1293 1122 omnibus
1319 1074 1450 1122 horis

211 1150 342 1199 Ante
366 1158 477 1199 tuos
503 1153 690 1207 oculos,
719 1159 774 1199 ut
799 1152 944 1199 modo
968 1152 1119 1207 visus,
1147 1168 1246 1199 ero.

146 1228 263 1292 Ipse
280 1228 483 1292 quidem
499 1230 709 1277 extremi
727 1246 881 1293 quum
903 1230 995 1276 sim
1012 1230 1103 1277 sub
1125 1230 1324 1277 cardine
1339 1229 1527 1284 mundi,

212 1305 310 1360 Qui
336 1323 532 1370 semper
553 1307 754 1371 liquidis
781 1307 922 1354 altior
947 1314 1113 1355 exstat
1138 1307 1296 1370 aquis,

1466 1309 1528 1352 46

146 1382 217 1430 Te
241 1389 407 1431 tamen
433 1383 641 1441 intueor,
670 1401 769 1448 quo
795 1385 898 1431 solo
924 1391 1126 1448 pectore
1150 1400 1371 1447 possum,

213 1460 279 1508 Et
302 1469 468 1509 tecum
493 1462 657 1524 gelido
684 1479 818 1526 saepe
842 1463 934 1509 sub
961 1478 1056 1509 axe
1081 1463 1272 1524 loquor.

147 1537 244 1585 Hic
270 1555 340 1595 eS‚
368 1546 419 1586 et
443 1538 656 1600 ignoras,
684 1546 735 1587 et
760 1540 879 1588 ades
904 1539 1256 1587 celeberrimus
1283 1539 1492 1594 absens;

214 1615 375 1679 Inque
398 1615 554 1662 Getas
581 1616 744 1663 media
767 1617 900 1664 visus
927 1618 988 1664 ab
1014 1617 1135 1663 urbe
1159 1615 1314 1663 venis,

189 1805 243 1835 35.
270 1803 386 1835 Vicibus
418 1805 583 1845 loquendi]
618 1805 806 1836 Alternatim

145 1864 318 1885 sermonem
334 1853 491 1889 habendo,
507 1854 583 1885 fecit
598 1860 632 1885 ut
647 1854 705 1885 iter
720 1855 808 1885 nobis

145 1903 239 1933 breve
254 1901 421 1933 videretur.

189 1953 243 1982 36.
262 1952 361 1982 Fuere
372 1953 465 1992 plura
478 1953 609 1994 gradu]
636 1954 734 1984 Fuere
750 1964 807 1984 nu-

147 2001 310 2032 merosiora
332 2000 406 2043 ipsis
428 2001 583 2042 gressibus
605 2007 636 2032 et
658 2003 807 2042 gradibus

147 2050 270 2081 nostris.
307 2051 402 2081 MER.

191 2099 244 2129 37.
268 2098 347 2139 Soepe
368 2101 429 2130 dies
446 2110 575 2130 sermone
598 2101 696 2129 minor
708 2100 807 2141 sirim]

146 2147 225 2179 Dies
244 2158 326 2190 saepe
342 2148 425 2180 visus
445 2148 503 2179 fuit
521 2148 643 2179 brevior
658 2160 809 2180 sermone.

149 2197 269 2228 Herus.

190 2247 243 2277 38.
259 2246 331 2276 Dies
345 2246 462 2286 tarda]
483 2245 562 2277 Dies
577 2245 657 2288 ipsa,
671 2256 740 2287 quae
756 2255 809 2287 per

147 2300 287 2326 aestatem
301 2299 348 2325 est
363 2294 478 2325 tardior
490 2300 521 2325 et
536 2295 670 2335 longior.

191 2345 243 2374 39.
260 2344 352 2374 Casus
371 2346 487 2383 pariter
502 2346 632 2374 timuisse
647 2343 803 2384 marinos]

147 2393 246 2424 Simul
261 2392 355 2423 fuisse
370 2392 403 2422 in
418 2392 523 2434 aliquo
537 2392 642 2423 mortis
656 2392 806 2434 periculo,

148 2447 183 2472 ut
198 2452 264 2478 nos,
273 2441 327 2483 qui
341 2441 422 2472 inter
434 2441 646 2483 navigandum
657 2441 688 2471 in
700 2440 809 2471 Asiam

149 2500 239 2533 paene
254 2489 451 2531 naufragium
466 2490 608 2521 fecimus.

192 2540 247 2570 40.
262 2539 380 2570 Juncta
394 2539 487 2580 vota.]
505 2540 588 2570 Vota
606 2539 698 2570 simul
724 2539 808 2569 facta

148 2589 181 2620 in
196 2599 235 2619 ea
249 2594 446 2630 tempestate.

192 2638 247 2668 43.
264 2637 337 2669 Haec
361 2640 415 2669 tihi
438 2641 462 2669 si
485 2637 634 2677 subeant]
660 2637 737 2667 Haec
757 2648 808 2667 su-

149 2697 206 2729 pra
220 2686 306 2718 dicta
320 2687 411 2718 simul
428 2693 499 2719 acta
513 2688 539 2718 si
554 2686 611 2718 tibi
627 2686 658 2717 in
672 2691 810 2718 mentem

151 2743 291 2773 veniant.

1468 1617 1531 1661 50

918 1807 969 1837 44.
990 1807 1031 1837 Ut
1054 1807 1135 1836 modo
1154 1804 1260 1844 visus]
1284 1804 1334 1834 Ita
1356 1802 1534 1833 memineris

874 1856 945 1891 mei,
962 1855 1048 1897 quasi
1064 1855 1158 1896 paulo
1174 1859 1246 1884 ante
1262 1853 1318 1883 abs
1335 1857 1365 1882 te
1384 1851 1534 1882 discesse-

874 1905 941 1935 rim.
978 1905 1080 1935 Pom.

918 1955 969 1985 46.
982 1955 1082 1984 Altior
1097 1959 1189 1983 erstat
1201 1950 1311 1992 aquis]
1328 1951 1397 1981 Hoc
1411 1955 1468 1986 est,
1480 1949 1533 1990 qui

876 2014 1035 2044 nunquam
1057 2001 1206 2043 mergitur
1223 2001 1362 2035 Oceano,
1379 2004 1433 2030 aut
1453 1998 1535 2029 occi-

876 2052 942 2090 dit3
960 2050 1224 2093 quemadmodum
1239 2056 1270 2080 et
1286 2049 1324 2080 de
1340 2048 1449 2084 stellis,
1464 2059 1533 2089 quae

873 2092 961 2132 circa
988 2101 1123 2132 eundem
1152 2106 1234 2135 sunt,
1265 2098 1398 2129 diximus
1432 2107 1535 2138 supra.

878 2151 960 2181 Hinc
989 2156 1020 2181 et
1046 2149 1147 2192 Virgil
1173 2148 1261 2184 dixit,
1288 2149 1404 2188 Georg.
1428 2146 1448 2177 i.
1472 2157 1536 2177 ver.

878 2201 940 2230 242
954 2213 960 2230 :

922 2250 982 2279 Hic
1002 2254 1099 2278 vertex
1118 2247 1198 2277 nobis
1219 2256 1328 2285 semper
1345 2245 1487 2280 sublimis,
1503 2251 1535 2274 at

1005 2298 1092 2327 illum

919 2346 979 2376 Sub
994 2346 1114 2385 pedibus
1130 2344 1199 2384 Stin
1218 2350 1287 2374 atra
1301 2344 1390 2373 videt.

918 2396 970 2426 50.
1001 2394 1113 2434 Visus]
1153 2392 1229 2423 Scil.
1267 2398 1390 2422 mente:
1429 2391 1536 2432 placet

876 2455 947 2475 cum
977 2445 1167 2478 Burmanno,
1190 2448 1221 2473 et
1244 2441 1368 2483 plurimi
1395 2440 1536 2479 habent;

865 2497 971 2534 jussus
993 2493 1107 2523 Bavar.
1124 2493 1246 2522 Sarrav.
1263 2490 1393 2531 Argent.
1411 2495 1442 2520 et
1465 2494 1535 2519 octo

876 2542 947 2581 alii3
960 2545 1060 2572 missus
1072 2541 1135 2576 alii,
1145 2545 1175 2571 et
1186 2539 1322 2581 reposuit
1332 2539 1426 2570 Auct.
1435 2538 1535 2568 Elect.

877 2593 1023 2622 Etonens.
1037 2590 1160 2632 ipsique
1176 2588 1336 2619 translatio
1358 2593 1402 2618 est
1425 2598 1442 2618 a
1464 2598 1534 2618 cur-

876 2651 965 2671 ruum
996 2639 1028 2670 in
1055 2638 1254 2670 Circensibus
1290 2639 1378 2667 missu
1394 2650 1402 2666 .-
1440 2642 1533 2678 atque

878 2689 955 2720 adeo
980 2687 1217 2728 intelligendum
1237 2691 1360 2717 censet:
1385 2686 1424 2716 ab
1448 2686 1534 2721 urbe,

879 2745 1036 2779 tamquam
1062 2747 1078 2766 a
1101 2736 1287 2770 carceribus,
1303 2734 1461 2765 celeritate
1488 2734 1533 2764 in-

1012 2787 1100 2816 Fr3
