1760 3172
411 178 600 221 ARTIS
632 177 996 222 AMATORIAE
1029 179 1149 226 LIB.
1177 181 1270 224 ΙΙΙ.
1487 182 1544 224 67

140 294 423 343 Discite'ab
448 295 652 344 alterius
677 295 855 342 vestris
881 295 1109 343 timuisse
1136 297 1383 359 querelis:
1440 299 1537 345 455

203 372 234 419 J
239 388 368 420 anua
390 371 557 420 fallaci
582 388 674 420 nec
698 371 765 419 sit
789 379 963 435 aperta
986 372 1106 421 viro.

136 449 353 506 Parcite,
383 449 708 514 Cecropides,
729 450 920 512 juranti
946 450 1150 498 credere
1175 450 1395 509 These03

202 526 340 581 Quos
364 526 514 575 faciet
537 533 711 582 testes,
734 525 854 573 fecit
879 533 931 573 et
955 533 1088 583 ante,
1118 526 1272 575 Deos.

134 603 201 651 Et
225 604 332 661 tibi,
360 605 707 669 Demophoon,
735 603 920 651 Thesei
945 603 1166 652 criminis
1191 605 1353 660 heres,

198 681 436 746 Phyllide
461 682 679 746 decepta
704 682 843 729 nulla
866 682 1042 731 relicta
1065 682 1206 730 fides.

1431 685 1530 730 460

134 758 188 806 Si
213 758 340 807 bene
365 760 676 824 promittant,
700 759 912 807 totidem
938 760 1216 824 promittite
1240 760 1428 808 verbis:

199 836 253 884 Si
278 837 524 893 dederint,
553 844 604 884 et
626 853 713 884 vos
739 837 924 899 gaudia
948 844 1097 901 pacta
1121 837 1255 884 date.

131 914 224 962 Illa
247 920 418 978 potest
440 914 616 977 vigiles
641 914 869 962 flammas
895 915 1190 977 extinguere
1216 914 1408 970 Vestae;

196 990 264 1038 Et
287 1007 461 1056 rapere
487 1008 514 1039 e
539 991 758 1055 templis,
787 991 979 1047 Inachi,
1008 1007 1150 1039 sacra
1173 991 1298 1048 tuis3

129 1067 196 1116 Et
219 1069 337 1117 dare
362 1068 522 1115 mixta
545 1067 647 1115 viro
673 1067 804 1115 tritis
831 1065 1030 1115 aconita
1053 1068 1233 1116 cicutis
1251 1087 1262 1126 ;
1425 1070 1522 1115 460

1498 1070 1521 1091 Γ

192 1145 416 1210 Accepto
442 1145 689 1193 Venerem
714 1162 918 1194 munere
945 1146 985 1193 si
1016 1163 1117 1210 qua
1140 1153 1306 1209 negat.

125 1222 241 1270 Fert
261 1223 453 1270 animus
472 1224 676 1287 propius
692 1224 983 1280 consistere,
1002 1224 1256 1288 supprime
1278 1223 1516 1278 habenas,

189 1300 361 1359 Musa3
402 1317 496 1348 nec
522 1301 753 1349 admissis
779 1302 1035 1349 excutiare
1061 1302 1198 1348 rotis.

124 1377 291 1426 Verba
313 1378 496 1426 vadum
519 1385 716 1426 tentent
740 1379 966 1442 abiegnis
993 1379 1179 1443 scripta
1202 1379 1417 1426 tabellis.

189 1455 421 1520 Accipiat
445 1456 622 1504 missas
648 1463 766 1521 apta
790 1457 1015 1505 ministra
1039 1463 1199 1504 notas.

121 1603 285 1647 pervideo:
309 1604 335 1636 si
357 1604 397 1636 de
416 1604 532 1647 puellis
551 1611 635 1647 agat,
655 1611 692 1637 ut
711 1607 784 1638 Me-

121 1654 190 1685 rula
218 1654 314 1696 capit,
340 1664 450 1686 sensus
477 1666 544 1687 esse
573 1661 688 1697 posset,
717 1667 783 1687 esse

119 1703 282 1745 quasdam,
301 1703 416 1746 quibus
433 1711 556 1736 constat
575 1705 696 1736 nullam
717 1717 785 1737 esse

120 1751 299 1784 habendam
327 1753 434 1790 fidem,
462 1764 532 1795 quae
558 1759 631 1785 sunt
655 1754 784 1786 indubie

119 1801 202 1833 mala
224 1801 360 1839 nomina,
379 1808 415 1833 ut
435 1803 603 1834 creditores
627 1804 784 1842 dicuntur,

117 1851 172 1893 qui
197 1851 291 1883 fidem
313 1863 375 1883 non
403 1859 564 1895 praestant.
590 1853 638 1884 hae
664 1860 781 1890 autem,

116 1900 192 1942 quia
219 1900 359 1943 deceptae
389 1908 462 1933 sunt
491 1913 509 1933 a
537 1902 657 1939 multis,
686 1902 782 1934 etiam

117 1950 194 1982 alios
204 1949 314 1982 volunt
326 1951 481 1994 decipere.
496 1958 528 1984 et
542 1952 586 1983 ita
602 1952 663 1994 legi
678 1959 782 1995 posset

116 2000 149 2032 in
163 2005 355 2042 pentametro
368 2013 374 2031 :

161 2050 297 2090 Deceptae
327 2063 346 2082 a
374 2052 478 2082 multis
504 2054 618 2083 crimen
651 2054 781 2083 amantis

201 2106 315 2130 amant.

116 2147 236 2179 Imitari
257 2154 364 2179 amant
388 2155 558 2187 amantem,
577 2150 631 2192 qui
652 2160 705 2181 eos
724 2150 779 2181 de-

113 2198 214 2240 cepit5
237 2197 293 2229 sed
307 2198 504 2231 incommode
521 2205 597 2231 tunc
613 2199 780 2241 singularis

114 2246 167 2278 ille
183 2249 312 2278 amantis
328 2247 464 2284 additur,
481 2250 527 2290 τῷ
547 2251 660 2279 multis.
683 2260 779 2290 quare

113 2306 184 2327 cum
197 2297 449 2328 Francofurtensi
462 2304 564 2340 posset
575 2299 648 2340 legi,
665 2301 778 2329 crimen

113 2348 231 2377 amoris.
253 2346 308 2378 sed
330 2347 494 2388 sequentia
514 2348 617 2390 potius
633 2347 777 2384 suadent,

116 2394 182 2426 haec
202 2395 308 2427 omnia
321 2396 361 2427 de
374 2396 447 2427 viris
463 2397 630 2428 fallacibus
644 2408 711 2429 esse
724 2409 777 2429 ca-

113 2443 238 2486 pienda,
251 2450 286 2475 ut
296 2445 448 2487 exemplis
462 2446 619 2477 Ariadnes
634 2452 666 2478 et
680 2447 777 2488 Phyl-

113 2492 185 2524 lidis
207 2492 409 2536 deceptarum
432 2495 552 2537 probat.
576 2506 671 2537 quare
694 2496 777 2537 lege-

113 2552 195 2573 rem.-

156 2591 235 2622 Suut
248 2604 359 2633 quoque
374 2605 433 2624 non
445 2594 538 2625 dubini
557 2595 678 2635 quidam
696 2595 774 2624 >nala

242 2643 362 2672 nomina
367 2643 472 2684 famei,

200 2689 337 2729 Deceptae
359 2698 387 2722 et
406 2693 496 2723 multi
515 2694 624 2723 crimen
648 2694 776 2723 αηιαηιὶε

241 2739 360 2772 habent.

1421 1457 1520 1502 470

853 1608 933 1638 Sunt
948 1606 1090 1649 quidam,
1107 1617 1184 1648 quos
1201 1610 1325 1637 constat
1344 1615 1410 1636 esse
1430 1604 1521 1635 malae

853 1656 936 1692 fidei,
962 1657 1016 1697 qui
1040 1656 1206 1698 promissos
1232 1661 1315 1685 toros
1339 1660 1370 1686 et
1398 1654 1521 1685 foedera

854 1717 915 1736 non
935 1711 1094 1747 praestant,
1116 1710 1148 1735 et
1169 1703 1260 1735 multi
1282 1709 1366 1739 sunt,
1383 1703 1436 1744 qui
1460 1702 1520 1734 cri-

854 1766 925 1786 men
947 1755 1065 1785 habent
1087 1753 1221 1785 amantis
1240 1753 1394 1795 deceptae,
1418 1753 1449 1784 id
1473 1759 1520 1784 est

853 1805 908 1846 qui
944 1804 1070 1846 culpam
1102 1804 1183 1834 hanc
1217 1802 1410 1833 admiserunt
1438 1802 1517 1844 jam,

852 1861 884 1885 et
915 1853 987 1885 ideo
1016 1855 1055 1884 ab
1084 1853 1228 1884 omnibus
1257 1852 1339 1883 male
1370 1852 1516 1883 audiunt.

851 1903 968 1934 BunM.

894 1953 968 1984 455.
994 1952 1110 1982 Discite
1134 1953 1170 1981 ab
1195 1952 1322 1982 alterius
1347 1953 1450 1981 restris
1477 1953 1513 1981 ti-

849 2004 956 2033 muisse
982 2001 1136 2042 querelis]
1168 2001 1251 2031 Vobis
1278 2002 1409 2031 timuisse
1432 2000 1516 2031 Tho-

849 2051 962 2083 masini
995 2051 1111 2082 codex:
1148 2050 1341 2082 concinnius.
1395 2051 1514 2082 HmNs.

849 2101 918 2132 Nec
948 2100 999 2131 hic
1028 2111 1138 2131 sensus
1164 2105 1289 2142 apertus
1314 2099 1405 2130 satis:
1436 2111 1513 2141 quo-

847 2150 939 2181 modo
963 2150 1047 2181 enirn
1071 2149 1226 2180 timebunt
1251 2159 1270 2179 a
1289 2149 1442 2190 querelis?
1466 2161 1513 2180 re-

849 2202 945 2230 nuisse
960 2200 1089 2231 Junian.
1112 2200 1238 2229 tenuisse
1253 2209 1318 2229 sex.
1337 2197 1370 2229 in
1385 2199 1512 2240 Neapo-

846 2248 945 2280 litano
958 2254 989 2280 et
1002 2248 1152 2279 Bernensi
1165 2253 1242 2284 erat,
1255 2249 1397 2278 caruisse.
1415 2258 1512 2289 quare

846 2297 991 2339 legerem,

891 2348 1007 2378 Discite
1039 2348 1075 2376 ab
1111 2347 1249 2382 alterius,
1280 2347 1357 2376 vohis
1391 2348 1512 2383 cavisse,

931 2398 1069 2437 querelis.

845 2445 874 2476 A
913 2445 1048 2487 querelis
1084 2445 1286 2486 deceptarum
1323 2443 1509 2485 puellarum,

845 2506 977 2536 quarum
1001 2495 1147 2536 exempla
1169 2505 1241 2524 mox
1265 2492 1421 2535 subjiciet,
1446 2493 1511 2523 dis-

845 2544 908 2576 cite
932 2543 1020 2575 vobis
1041 2554 1164 2575 cavere.
1188 2549 1219 2573 et
1243 2553 1308 2583 seq.
1330 2552 1420 2572 versu
1445 2543 1509 2574 Re-

844 2593 924 2633 gius,
950 2604 1003 2623 nec
1025 2594 1075 2627 sii,
1100 2591 1243 2623 Francof.
1259 2603 1318 2621 non
1340 2593 1389 2622 sit.
1412 2591 1508 2632 probo

844 2642 938 2683 Regii
960 2641 1156 2684 scripturam,
1177 2652 1273 2682 quam
1295 2641 1509 2672 Bersmannus

843 2691 1004 2734 expressit.
1050 2691 1168 2722 Bmm.

928 2793 987 2824 F2
