<?xml version="1.0" encoding="UTF-8"?>
<!DOCTYPE html PUBLIC "-//W3C//DTD XHTML 1.0 Transitional//EN"
    "http://www.w3.org/TR/xhtml1/DTD/xhtml1-transitional.dtd">
<html xmlns="http://www.w3.org/1999/xhtml" xml:lang="en" lang="en">
 <head>
  <title>
</title>
<meta http-equiv="Content-Type" content="text/html;charset=utf-8" />
  <meta name='ocr-system' content='tesseract 3.04.00' />
  <meta name='ocr-capabilities' content='ocr_page ocr_carea ocr_par ocr_line ocrx_word'/>
</head>
<body>
  <div class='ocr_page' id='page_1' title='image "./povidiinasonisop02oviduoft_0439.png"; bbox 0 0 1760 3172; ppageno 0'>
   <div class='ocr_carea' id='block_1_1' title="bbox 324 163 1508 208">
    <p class='ocr_par' dir='ltr' id='par_1_1' title="bbox 324 163 1508 208">
     <span class='ocr_line' id='line_1_1' title="bbox 324 163 1508 208; baseline 0.002 -2"><span class='ocrx_word' id='word_1_1' title='bbox 324 165 413 206; x_wconf 91' lang='lat' dir='ltr'>EX</span> <span class='ocrx_word' id='word_1_2' title='bbox 448 164 658 206; x_wconf 94' lang='lat' dir='ltr'>PONTO</span> <span class='ocrx_word' id='word_1_3' title='bbox 694 163 812 204; x_wconf 93' lang='lat' dir='ltr'>LIB.</span> <span class='ocrx_word' id='word_1_4' title='bbox 847 163 910 204; x_wconf 89' lang='lat' dir='ltr'>II.</span> <span class='ocrx_word' id='word_1_5' title='bbox 945 164 1137 205; x_wconf 86' lang='lat' dir='ltr'>EPIST.</span> <span class='ocrx_word' id='word_1_6' title='bbox 1167 165 1303 206; x_wconf 89' lang='lat' dir='ltr'>VIII.</span> <span class='ocrx_word' id='word_1_7' title='bbox 1423 168 1508 208; x_wconf 72' lang='lat'>429</span> 
     </span>
    </p>
   </div>
   <div class='ocr_carea' id='block_1_2' title="bbox 117 279 1508 1810">
    <p class='ocr_par' dir='ltr' id='par_1_2' title="bbox 117 279 1508 1810">
     <span class='ocr_line' id='line_1_2' title="bbox 123 279 1256 343; baseline 0.001 -17"><span class='ocrx_word' id='word_1_8' title='bbox 123 280 314 328; x_wconf 84' lang='lat' dir='ltr'>Felices</span> <span class='ocrx_word' id='word_1_9' title='bbox 339 281 423 336; x_wconf 92' lang='lat' dir='ltr'>illi,</span> <span class='ocrx_word' id='word_1_10' title='bbox 452 280 537 343; x_wconf 90' lang='lat' dir='ltr'>qui</span> <span class='ocrx_word' id='word_1_11' title='bbox 563 295 660 326; x_wconf 87' lang='lat' dir='ltr'>non</span> <span class='ocrx_word' id='word_1_12' title='bbox 686 279 962 335; x_wconf 87' lang='lat' dir='ltr'>simulacra,</span> <span class='ocrx_word' id='word_1_13' title='bbox 991 281 1078 326; x_wconf 87' lang='lat' dir='ltr'>sed</span> <span class='ocrx_word' id='word_1_14' title='bbox 1106 281 1256 343; x_wconf 88' lang='lat' dir='ltr'>ipsos,</span> 
     </span>
     <span class='ocr_line' id='line_1_3' title="bbox 190 356 1347 420; baseline 0.001 -16"><span class='ocrx_word' id='word_1_15' title='bbox 190 356 389 420; x_wconf 83' lang='lat' dir='ltr'>Quique</span> <span class='ocrx_word' id='word_1_16' title='bbox 417 357 579 404; x_wconf 71' lang='lat' dir='ltr'>Deum</span> <span class='ocrx_word' id='word_1_17' title='bbox 605 372 770 403; x_wconf 88' lang='lat' dir='ltr'>coram</span> <span class='ocrx_word' id='word_1_18' title='bbox 795 372 1002 419; x_wconf 87' lang='lat' dir='ltr'>corpora</span> <span class='ocrx_word' id='word_1_19' title='bbox 1025 372 1140 403; x_wconf 86' lang='lat' dir='ltr'>vera</span> <span class='ocrx_word' id='word_1_20' title='bbox 1162 357 1347 405; x_wconf 90' lang='lat' dir='ltr'>vident.</span> 
     </span>
     <span class='ocr_line' id='line_1_4' title="bbox 123 432 1287 497; baseline -0.001 -16"><span class='ocrx_word' id='word_1_21' title='bbox 123 432 267 488; x_wconf 84' lang='lat' dir='ltr'>Quod</span> <span class='ocrx_word' id='word_1_22' title='bbox 294 434 528 497; x_wconf 89' lang='lat' dir='ltr'>quoniam</span> <span class='ocrx_word' id='word_1_23' title='bbox 553 433 695 481; x_wconf 87' lang='lat' dir='ltr'>nobis</span> <span class='ocrx_word' id='word_1_24' title='bbox 720 433 893 480; x_wconf 85' lang='lat' dir='ltr'>invidit</span> <span class='ocrx_word' id='word_1_25' title='bbox 917 432 1091 479; x_wconf 91' lang='lat' dir='ltr'>inutile</span> <span class='ocrx_word' id='word_1_26' title='bbox 1116 432 1287 490; x_wconf 90' lang='lat' dir='ltr'>fatum,</span> 
     </span>
     <span class='ocr_line' id='line_1_5' title="bbox 189 509 1508 572; baseline 0.001 -16"><span class='ocrx_word' id='word_1_27' title='bbox 189 509 328 564; x_wconf 85' lang='lat' dir='ltr'>Quos</span> <span class='ocrx_word' id='word_1_28' title='bbox 353 510 493 558; x_wconf 87' lang='lat' dir='ltr'>dedit</span> <span class='ocrx_word' id='word_1_29' title='bbox 519 526 596 558; x_wconf 86' lang='lat' dir='ltr'>ars</span> <span class='ocrx_word' id='word_1_30' title='bbox 621 510 764 565; x_wconf 82' lang='lat' dir='ltr'>votis,</span> <span class='ocrx_word' id='word_1_31' title='bbox 793 510 1106 572; x_wconf 82' lang='lat' dir='ltr'>effigiemque</span> <span class='ocrx_word' id='word_1_32' title='bbox 1131 511 1256 557; x_wconf 90' lang='lat' dir='ltr'>colo.</span> <span class='ocrx_word' id='word_1_33' title='bbox 1444 516 1508 559; x_wconf 80' lang='lat'>60</span> 
     </span>
     <span class='ocr_line' id='line_1_6' title="bbox 123 587 1375 649; baseline -0.001 -15"><span class='ocrx_word' id='word_1_34' title='bbox 123 587 207 634; x_wconf 86' lang='lat' dir='ltr'>Sic</span> <span class='ocrx_word' id='word_1_35' title='bbox 233 587 458 635; x_wconf 90' lang='lat' dir='ltr'>homines</span> <span class='ocrx_word' id='word_1_36' title='bbox 485 603 662 635; x_wconf 87' lang='lat' dir='ltr'>novere</span> <span class='ocrx_word' id='word_1_37' title='bbox 687 587 838 642; x_wconf 91' lang='lat' dir='ltr'>Deos,</span> <span class='ocrx_word' id='word_1_38' title='bbox 867 603 991 649; x_wconf 90' lang='lat' dir='ltr'>quos</span> <span class='ocrx_word' id='word_1_39' title='bbox 1017 587 1197 633; x_wconf 90' lang='lat' dir='ltr'>arduus</span> <span class='ocrx_word' id='word_1_40' title='bbox 1222 588 1375 635; x_wconf 80' lang='lat' dir='ltr'>aether</span> 
     </span>
     <span class='ocr_line' id='line_1_7' title="bbox 191 653 1325 728; baseline 0.001 -17"><span class='ocrx_word' id='word_1_41' title='bbox 191 664 422 713; x_wconf 87' lang='lat' dir='ltr'>Occulit:</span> <span class='ocrx_word' id='word_1_42' title='bbox 463 672 512 712; x_wconf 93' lang='lat' dir='ltr'>et</span> <span class='ocrx_word' id='word_1_43' title='bbox 536 665 712 712; x_wconf 90' lang='lat' dir='ltr'>colitur</span> <span class='ocrx_word' id='word_1_44' title='bbox 736 680 824 728; x_wconf 88' lang='lat' dir='ltr'>pro</span> <span class='ocrx_word' id='word_1_45' title='bbox 846 663 969 711; x_wconf 87' lang='lat' dir='ltr'>Jove</span> <span class='ocrx_word' id='word_1_46' title='bbox 994 653 1149 711; x_wconf 78' lang='lat' dir='ltr'>forma</span> <span class='ocrx_word' id='word_1_47' title='bbox 1172 663 1325 712; x_wconf 89' lang='lat' dir='ltr'>Jovis.</span> 
     </span>
     <span class='ocr_line' id='line_1_8' title="bbox 124 741 1503 806; baseline 0.001 -18"><span class='ocrx_word' id='word_1_48' title='bbox 124 741 372 805; x_wconf 89' lang='lat' dir='ltr'>Denique,</span> <span class='ocrx_word' id='word_1_49' title='bbox 397 758 508 806; x_wconf 72' lang='lat' dir='ltr'>quae</span> <span class='ocrx_word' id='word_1_50' title='bbox 534 759 728 790; x_wconf 88' lang='lat' dir='ltr'>mecum</span> <span class='ocrx_word' id='word_1_51' title='bbox 755 749 848 797; x_wconf 87' lang='lat' dir='ltr'>est,</span> <span class='ocrx_word' id='word_1_52' title='bbox 867 750 916 789; x_wconf 93' lang='lat' dir='ltr'>et</span> <span class='ocrx_word' id='word_1_53' title='bbox 940 741 1033 789; x_wconf 87' lang='lat' dir='ltr'>erit</span> <span class='ocrx_word' id='word_1_54' title='bbox 1058 742 1164 789; x_wconf 90' lang='lat' dir='ltr'>sine</span> <span class='ocrx_word' id='word_1_55' title='bbox 1183 742 1297 798; x_wconf 90' lang='lat' dir='ltr'>fine,</span> <span class='ocrx_word' id='word_1_56' title='bbox 1315 750 1503 796; x_wconf 89' lang='lat' dir='ltr'>cavete,</span> 
     </span>
     <span class='ocr_line' id='line_1_9' title="bbox 188 809 1126 881; baseline 0.001 -16"><span class='ocrx_word' id='word_1_57' title='bbox 188 818 268 866; x_wconf 92' lang='lat' dir='ltr'>Ne</span> <span class='ocrx_word' id='word_1_58' title='bbox 295 818 359 866; x_wconf 88' lang='lat' dir='ltr'>sit</span> <span class='ocrx_word' id='word_1_59' title='bbox 383 819 433 865; x_wconf 91' lang='lat' dir='ltr'>in</span> <span class='ocrx_word' id='word_1_60' title='bbox 449 809 615 866; x_wconf 45' lang='lat' dir='ltr'>&#39;inviso</span> <span class='ocrx_word' id='word_1_61' title='bbox 635 825 799 866; x_wconf 89' lang='lat' dir='ltr'>vestra</span> <span class='ocrx_word' id='word_1_62' title='bbox 822 819 979 881; x_wconf 80' lang='lat' dir='ltr'>figura</span> <span class='ocrx_word' id='word_1_63' title='bbox 1003 819 1126 866; x_wconf 88' lang='lat' dir='ltr'>loco.</span> 
     </span>
     <span class='ocr_line' id='line_1_10' title="bbox 123 895 1504 959; baseline 0.001 -16"><span class='ocrx_word' id='word_1_64' title='bbox 123 895 255 952; x_wconf 88' lang='lat' dir='ltr'>Nam</span> <span class='ocrx_word' id='word_1_65' title='bbox 280 903 432 959; x_wconf 90' lang='lat' dir='ltr'>caput</span> <span class='ocrx_word' id='word_1_66' title='bbox 456 912 483 943; x_wconf 92' lang='lat' dir='ltr'>e</span> <span class='ocrx_word' id='word_1_67' title='bbox 508 903 677 943; x_wconf 88' lang='lat' dir='ltr'>nostra</span> <span class='ocrx_word' id='word_1_68' title='bbox 701 895 846 942; x_wconf 88' lang='lat' dir='ltr'>citius</span> <span class='ocrx_word' id='word_1_69' title='bbox 873 896 1064 942; x_wconf 87' lang='lat' dir='ltr'>cervice</span> <span class='ocrx_word' id='word_1_70' title='bbox 1090 896 1305 952; x_wconf 81' lang='lat' dir='ltr'>recedet,</span> <span class='ocrx_word' id='word_1_71' title='bbox 1443 900 1504 944; x_wconf 87' lang='grc'>65</span> 
     </span>
     <span class='ocr_line' id='line_1_11' title="bbox 188 972 1140 1036; baseline -0.001 -17"><span class='ocrx_word' id='word_1_72' title='bbox 188 972 254 1020; x_wconf 91' lang='lat' dir='ltr'>Et</span> <span class='ocrx_word' id='word_1_73' title='bbox 277 972 436 1036; x_wconf 85' lang='lat' dir='ltr'>patiar</span> <span class='ocrx_word' id='word_1_74' title='bbox 460 972 605 1020; x_wconf 89' lang='lat' dir='ltr'>fossis</span> <span class='ocrx_word' id='word_1_75' title='bbox 630 973 798 1019; x_wconf 90' lang='lat' dir='ltr'>lumen</span> <span class='ocrx_word' id='word_1_76' title='bbox 824 972 959 1019; x_wconf 89' lang='lat' dir='ltr'>abire</span> <span class='ocrx_word' id='word_1_77' title='bbox 985 972 1140 1034; x_wconf 81' lang='lat' dir='ltr'>genis,</span> 
     </span>
     <span class='ocr_line' id='line_1_12' title="bbox 121 1048 1418 1114; baseline 0 -18"><span class='ocrx_word' id='word_1_78' title='bbox 121 1048 283 1103; x_wconf 86' lang='lat' dir='ltr'>Quam</span> <span class='ocrx_word' id='word_1_79' title='bbox 307 1066 505 1097; x_wconf 81' lang='lat' dir='ltr'>caream</span> <span class='ocrx_word' id='word_1_80' title='bbox 530 1049 700 1114; x_wconf 81' lang='lat' dir='ltr'>raptis,</span> <span class='ocrx_word' id='word_1_81' title='bbox 728 1066 756 1096; x_wconf 95' lang='lat' dir='ltr'>o</span> <span class='ocrx_word' id='word_1_82' title='bbox 782 1049 983 1113; x_wconf 89' lang='lat' dir='ltr'>publica</span> <span class='ocrx_word' id='word_1_83' title='bbox 1007 1049 1224 1105; x_wconf 86' lang='lat' dir='ltr'>numina,</span> <span class='ocrx_word' id='word_1_84' title='bbox 1251 1049 1418 1105; x_wconf 88' lang='lat' dir='ltr'>vobis;</span> 
     </span>
     <span class='ocr_line' id='line_1_13' title="bbox 185 1126 1218 1192; baseline 0.001 -19"><span class='ocrx_word' id='word_1_85' title='bbox 185 1127 289 1175; x_wconf 92' lang='lat' dir='ltr'>Vos</span> <span class='ocrx_word' id='word_1_86' title='bbox 314 1127 450 1176; x_wconf 86' lang='lat' dir='ltr'>eritis</span> <span class='ocrx_word' id='word_1_87' title='bbox 476 1135 657 1174; x_wconf 87' lang='lat' dir='ltr'>nostrae</span> <span class='ocrx_word' id='word_1_88' title='bbox 683 1135 853 1192; x_wconf 85' lang='lat' dir='ltr'>portus</span> <span class='ocrx_word' id='word_1_89' title='bbox 880 1134 930 1175; x_wconf 93' lang='lat' dir='ltr'>et</span> <span class='ocrx_word' id='word_1_90' title='bbox 955 1143 1038 1173; x_wconf 85' lang='lat' dir='ltr'>ara</span> <span class='ocrx_word' id='word_1_91' title='bbox 1062 1126 1218 1189; x_wconf 82' lang='lat' dir='ltr'>fugae:</span> 
     </span>
     <span class='ocr_line' id='line_1_14' title="bbox 120 1198 1450 1268; baseline 0 -18"><span class='ocrx_word' id='word_1_92' title='bbox 120 1203 222 1251; x_wconf 92' lang='lat' dir='ltr'>Vos</span> <span class='ocrx_word' id='word_1_93' title='bbox 248 1221 340 1267; x_wconf 83' lang='lat' dir='ltr'>ego</span> <span class='ocrx_word' id='word_1_94' title='bbox 365 1206 682 1268; x_wconf 88' lang='lat' dir='ltr'>complectar,</span> <span class='ocrx_word' id='word_1_95' title='bbox 712 1203 902 1251; x_wconf 86' lang='lat' dir='ltr'>Geticis</span> <span class='ocrx_word' id='word_1_96' title='bbox 924 1204 969 1268; x_wconf 27' lang='lat' dir='ltr'>‘si</span> <span class='ocrx_word' id='word_1_97' title='bbox 995 1203 1164 1266; x_wconf 82' lang='lat' dir='ltr'>cingar</span> <span class='ocrx_word' id='word_1_98' title='bbox 1186 1204 1247 1250; x_wconf 91' lang='lat' dir='ltr'>ab</span> <span class='ocrx_word' id='word_1_99' title='bbox 1274 1198 1450 1260; x_wconf 81' lang='lat' dir='ltr'>armis3</span> 
     </span>
     <span class='ocr_line' id='line_1_15' title="bbox 184 1281 1505 1345; baseline 0 -17"><span class='ocrx_word' id='word_1_100' title='bbox 184 1281 389 1345; x_wconf 84' lang='lat' dir='ltr'>Vosque</span> <span class='ocrx_word' id='word_1_101' title='bbox 413 1298 549 1330; x_wconf 88' lang='lat' dir='ltr'>meas</span> <span class='ocrx_word' id='word_1_102' title='bbox 569 1282 779 1345; x_wconf 88' lang='lat' dir='ltr'>aquilas,</span> <span class='ocrx_word' id='word_1_103' title='bbox 796 1298 881 1329; x_wconf 91' lang='lat' dir='ltr'>vos</span> <span class='ocrx_word' id='word_1_104' title='bbox 904 1297 1016 1329; x_wconf 88' lang='lat' dir='ltr'>mea</span> <span class='ocrx_word' id='word_1_105' title='bbox 1041 1281 1182 1344; x_wconf 83' lang='lat' dir='ltr'>signa</span> <span class='ocrx_word' id='word_1_106' title='bbox 1206 1297 1401 1344; x_wconf 90' lang='lat' dir='ltr'>sequar.</span> <span class='ocrx_word' id='word_1_107' title='bbox 1442 1286 1505 1328; x_wconf 88' lang='lat'>70</span> 
     </span>
     <span class='ocr_line' id='line_1_16' title="bbox 118 1358 1328 1423; baseline -0.001 -18"><span class='ocrx_word' id='word_1_108' title='bbox 118 1358 221 1406; x_wconf 92' lang='lat' dir='ltr'>Aut</span> <span class='ocrx_word' id='word_1_109' title='bbox 245 1376 338 1422; x_wconf 82' lang='lat' dir='ltr'>ego</span> <span class='ocrx_word' id='word_1_110' title='bbox 364 1375 442 1407; x_wconf 88' lang='lat' dir='ltr'>me</span> <span class='ocrx_word' id='word_1_111' title='bbox 468 1359 599 1416; x_wconf 87' lang='lat' dir='ltr'>fallo,</span> <span class='ocrx_word' id='word_1_112' title='bbox 627 1359 877 1423; x_wconf 89' lang='lat' dir='ltr'>nimiaque</span> <span class='ocrx_word' id='word_1_113' title='bbox 902 1359 1135 1423; x_wconf 89' lang='lat' dir='ltr'>cupidine</span> <span class='ocrx_word' id='word_1_114' title='bbox 1159 1359 1328 1415; x_wconf 88' lang='lat' dir='ltr'>ludor;</span> 
     </span>
     <span class='ocr_line' id='line_1_17' title="bbox 185 1436 1175 1501; baseline 0.001 -19"><span class='ocrx_word' id='word_1_115' title='bbox 185 1436 289 1483; x_wconf 90' lang='lat' dir='ltr'>Aut</span> <span class='ocrx_word' id='word_1_116' title='bbox 313 1453 429 1501; x_wconf 89' lang='lat' dir='ltr'>spes</span> <span class='ocrx_word' id='word_1_117' title='bbox 455 1437 615 1484; x_wconf 87' lang='lat' dir='ltr'>exsilii</span> <span class='ocrx_word' id='word_1_118' title='bbox 642 1437 991 1484; x_wconf 86' lang='lat' dir='ltr'>commodioris</span> <span class='ocrx_word' id='word_1_119' title='bbox 1017 1436 1175 1484; x_wconf 89' lang='lat' dir='ltr'>adest.</span> 
     </span>
     <span class='ocr_line' id='line_1_18' title="bbox 120 1513 1500 1575; baseline -0.001 -15"><span class='ocrx_word' id='word_1_120' title='bbox 120 1513 251 1561; x_wconf 92' lang='lat' dir='ltr'>Nam</span> <span class='ocrx_word' id='word_1_121' title='bbox 276 1513 439 1561; x_wconf 90' lang='lat' dir='ltr'>minus</span> <span class='ocrx_word' id='word_1_122' title='bbox 465 1521 515 1562; x_wconf 91' lang='lat' dir='ltr'>et</span> <span class='ocrx_word' id='word_1_123' title='bbox 539 1513 701 1567; x_wconf 85' lang='lat' dir='ltr'>minus</span> <span class='ocrx_word' id='word_1_124' title='bbox 728 1521 804 1561; x_wconf 88' lang='lat' dir='ltr'>est</span> <span class='ocrx_word' id='word_1_125' title='bbox 828 1513 979 1561; x_wconf 90' lang='lat' dir='ltr'>facies</span> <span class='ocrx_word' id='word_1_126' title='bbox 1006 1514 1054 1559; x_wconf 93' lang='lat' dir='ltr'>in</span> <span class='ocrx_word' id='word_1_127' title='bbox 1080 1513 1294 1575; x_wconf 84' lang='lat' dir='ltr'>imagine</span> <span class='ocrx_word' id='word_1_128' title='bbox 1319 1513 1500 1567; x_wconf 86' lang='lat' dir='ltr'>tristis;</span> 
     </span>
     <span class='ocr_line' id='line_1_19' title="bbox 184 1590 1237 1654; baseline -0.001 -17"><span class='ocrx_word' id='word_1_129' title='bbox 184 1590 407 1654; x_wconf 87' lang='lat' dir='ltr'>Visaque</span> <span class='ocrx_word' id='word_1_130' title='bbox 433 1598 549 1638; x_wconf 86' lang='lat' dir='ltr'>sunt</span> <span class='ocrx_word' id='word_1_131' title='bbox 572 1591 718 1638; x_wconf 91' lang='lat' dir='ltr'>dictis</span> <span class='ocrx_word' id='word_1_132' title='bbox 745 1592 963 1639; x_wconf 87' lang='lat' dir='ltr'>adnuere</span> <span class='ocrx_word' id='word_1_133' title='bbox 988 1606 1072 1637; x_wconf 86' lang='lat' dir='ltr'>ora</span> <span class='ocrx_word' id='word_1_134' title='bbox 1096 1590 1237 1637; x_wconf 89' lang='lat' dir='ltr'>meis.</span> 
     </span>
     <span class='ocr_line' id='line_1_20' title="bbox 117 1667 1503 1732; baseline 0 -19"><span class='ocrx_word' id='word_1_135' title='bbox 117 1667 264 1725; x_wconf 86' lang='lat' dir='ltr'>Vera,</span> <span class='ocrx_word' id='word_1_136' title='bbox 292 1684 483 1732; x_wconf 87' lang='lat' dir='ltr'>precor,</span> <span class='ocrx_word' id='word_1_137' title='bbox 510 1667 632 1715; x_wconf 90' lang='lat' dir='ltr'>fiant</span> <span class='ocrx_word' id='word_1_138' title='bbox 654 1668 839 1715; x_wconf 86' lang='lat' dir='ltr'>timidae</span> <span class='ocrx_word' id='word_1_139' title='bbox 864 1669 1107 1731; x_wconf 65' lang='lat' dir='ltr'>praesagia</span> <span class='ocrx_word' id='word_1_140' title='bbox 1137 1667 1346 1725; x_wconf 87' lang='lat' dir='ltr'>mentis;</span> <span class='ocrx_word' id='word_1_141' title='bbox 1442 1671 1503 1714; x_wconf 85' lang='lat'>75</span> 
     </span>
     <span class='ocr_line' id='line_1_21' title="bbox 185 1745 1304 1810; baseline -0.001 -18"><span class='ocrx_word' id='word_1_142' title='bbox 185 1745 216 1792; x_wconf 91' lang='lat' dir='ltr'><strong>J</strong></span> <span class='ocrx_word' id='word_1_143' title='bbox 221 1752 434 1809; x_wconf 88' lang='lat' dir='ltr'>ustaque</span> <span class='ocrx_word' id='word_1_144' title='bbox 460 1746 686 1810; x_wconf 85' lang='lat' dir='ltr'>quamvis</span> <span class='ocrx_word' id='word_1_145' title='bbox 712 1753 803 1803; x_wconf 89' lang='lat' dir='ltr'>est,</span> <span class='ocrx_word' id='word_1_146' title='bbox 828 1746 893 1793; x_wconf 86' lang='lat' dir='ltr'>sit</span> <span class='ocrx_word' id='word_1_147' title='bbox 917 1746 1074 1793; x_wconf 88' lang='lat' dir='ltr'>minor</span> <span class='ocrx_word' id='word_1_148' title='bbox 1098 1745 1170 1792; x_wconf 88' lang='lat' dir='ltr'>ira</span> <span class='ocrx_word' id='word_1_149' title='bbox 1192 1745 1304 1792; x_wconf 86' lang='lat' dir='ltr'>Dei.</span> 
     </span>
    </p>
   </div>
   <div class='ocr_carea' id='block_1_3' title="bbox 115 1888 1507 2419">
    <p class='ocr_par' dir='ltr' id='par_1_3' title="bbox 115 1888 1507 2419">
     <span class='ocr_line' id='line_1_22' title="bbox 115 1888 1497 1932; baseline -0.001 -12"><span class='ocrx_word' id='word_1_150' title='bbox 115 1894 236 1920; x_wconf 83' lang='lat' dir='ltr'>tantum</span> <span class='ocrx_word' id='word_1_151' title='bbox 250 1900 417 1932; x_wconf 86' lang='lat' dir='ltr'>expressa;</span> <span class='ocrx_word' id='word_1_152' title='bbox 440 1895 472 1921; x_wconf 87' lang='lat' dir='ltr'>et</span> <span class='ocrx_word' id='word_1_153' title='bbox 487 1889 546 1921; x_wconf 88' lang='lat' dir='ltr'>hoc</span> <span class='ocrx_word' id='word_1_154' title='bbox 564 1896 704 1932; x_wconf 87' lang='lat' dir='ltr'>spectare</span> <span class='ocrx_word' id='word_1_155' title='bbox 724 1901 778 1921; x_wconf 85' lang='lat' dir='ltr'>no·</span> <span class='ocrx_word' id='word_1_156' title='bbox 851 1890 1082 1931; x_wconf 46' lang='lat' dir='ltr'>Vestra-figura.</span> <span class='ocrx_word' id='word_1_157' title='bbox 1128 1889 1274 1920; x_wconf 77' lang='lat' dir='ltr'>Vestrum</span> <span class='ocrx_word' id='word_1_158' title='bbox 1287 1888 1497 1919; x_wconf 84' lang='lat' dir='ltr'>simulacrum.</span> 
     </span>
     <span class='ocr_line' id='line_1_23' title="bbox 115 1937 1505 1982; baseline 0.001 -13"><span class='ocrx_word' id='word_1_159' title='bbox 115 1939 164 1969; x_wconf 87' lang='lat' dir='ltr'>bis</span> <span class='ocrx_word' id='word_1_160' title='bbox 193 1939 298 1981; x_wconf 84' lang='lat' dir='ltr'>prosit,</span> <span class='ocrx_word' id='word_1_161' title='bbox 324 1939 589 1981; x_wconf 85' lang='lat' dir='ltr'>quemadmodum</span> <span class='ocrx_word' id='word_1_162' title='bbox 614 1941 778 1982; x_wconf 84' lang='lat' dir='ltr'>gladiatori</span> <span class='ocrx_word' id='word_1_163' title='bbox 888 1941 939 1970; x_wconf 89' lang='grc'>66.</span> <span class='ocrx_word' id='word_1_164' title='bbox 963 1937 1154 1969; x_wconf 89' lang='lat' dir='ltr'>h.e.oculos</span> <span class='ocrx_word' id='word_1_165' title='bbox 1169 1937 1244 1968; x_wconf 86' lang='lat' dir='ltr'>mihi</span> <span class='ocrx_word' id='word_1_166' title='bbox 1260 1937 1364 1968; x_wconf 85' lang='lat' dir='ltr'>effodi.</span> <span class='ocrx_word' id='word_1_167' title='bbox 1394 1938 1505 1970; x_wconf 55' lang='lat' dir='ltr'>Ham,-</span> 
     </span>
     <span class='ocr_line' id='line_1_24' title="bbox 115 1986 1506 2033; baseline -0.002 -14"><span class='ocrx_word' id='word_1_168' title='bbox 115 1987 231 2030; x_wconf 88' lang='lat' dir='ltr'>profuit</span> <span class='ocrx_word' id='word_1_169' title='bbox 244 1988 359 2021; x_wconf 85' lang='lat' dir='ltr'>vidisse</span> <span class='ocrx_word' id='word_1_170' title='bbox 383 1989 415 2020; x_wconf 93' lang='lat' dir='ltr'>in</span> <span class='ocrx_word' id='word_1_171' title='bbox 437 2000 532 2021; x_wconf 84' lang='lat' dir='ltr'>arena</span> <span class='ocrx_word' id='word_1_172' title='bbox 555 1990 712 2021; x_wconf 83' lang='lat' dir='ltr'>Caesarem</span> <span class='ocrx_word' id='word_1_173' title='bbox 732 1991 778 2033; x_wconf 87' lang='lat' dir='ltr'>ip—</span> <span class='ocrx_word' id='word_1_174' title='bbox 888 1989 942 2019; x_wconf 83' lang='lat'>68.</span> <span class='ocrx_word' id='word_1_175' title='bbox 966 1989 1076 2018; x_wconf 79' lang='lat' dir='ltr'>Portus</span> <span class='ocrx_word' id='word_1_176' title='bbox 1092 1993 1119 2017; x_wconf 83' lang='lat' dir='ltr'>et</span> <span class='ocrx_word' id='word_1_177' title='bbox 1135 1987 1240 2027; x_wconf 57' lang='lat' dir='ltr'>auran]</span> <span class='ocrx_word' id='word_1_178' title='bbox 1267 1987 1357 2017; x_wconf 80' lang='lat' dir='ltr'>Salus</span> <span class='ocrx_word' id='word_1_179' title='bbox 1369 1991 1399 2017; x_wconf 81' lang='lat' dir='ltr'>et</span> <span class='ocrx_word' id='word_1_180' title='bbox 1409 1986 1506 2017; x_wconf 86' lang='lat' dir='ltr'>favor.</span> 
     </span>
     <span class='ocr_line' id='line_1_25' title="bbox 115 2037 1504 2079; baseline -0.001 -12"><span class='ocrx_word' id='word_1_181' title='bbox 115 2048 183 2068; x_wconf 87' lang='lat' dir='ltr'>sum</span> <span class='ocrx_word' id='word_1_182' title='bbox 195 2043 394 2079; x_wconf 85' lang='lat' dir='ltr'>praesentem.</span> <span class='ocrx_word' id='word_1_183' title='bbox 890 2039 941 2068; x_wconf 94' lang='lat'>70.</span> <span class='ocrx_word' id='word_1_184' title='bbox 984 2038 1024 2068; x_wconf 65' lang='lat' dir='ltr'>[ft</span> <span class='ocrx_word' id='word_1_185' title='bbox 1052 2048 1130 2067; x_wconf 80' lang='lat' dir='ltr'>meas</span> <span class='ocrx_word' id='word_1_186' title='bbox 1158 2037 1300 2077; x_wconf 65' lang='lat' dir='ltr'>aquilas]</span> <span class='ocrx_word' id='word_1_187' title='bbox 1341 2037 1504 2077; x_wconf 83' lang='lat' dir='ltr'>Tanquam</span> 
     </span>
     <span class='ocr_line' id='line_1_26' title="bbox 158 2086 1507 2130; baseline -0.001 -13"><span class='ocrx_word' id='word_1_188' title='bbox 158 2087 210 2117; x_wconf 86' lang='lat'>59.</span> <span class='ocrx_word' id='word_1_189' title='bbox 233 2086 379 2128; x_wconf 62' lang='lat' dir='ltr'>Inutile]</span> <span class='ocrx_word' id='word_1_190' title='bbox 405 2087 437 2118; x_wconf 93' lang='lat' dir='ltr'>h.</span> <span class='ocrx_word' id='word_1_191' title='bbox 453 2099 483 2119; x_wconf 85' lang='lat' dir='ltr'>e.</span> <span class='ocrx_word' id='word_1_192' title='bbox 500 2088 637 2124; x_wconf 85' lang='lat' dir='ltr'>noxium,</span> <span class='ocrx_word' id='word_1_193' title='bbox 653 2087 779 2130; x_wconf 83' lang='lat' dir='ltr'>pestife-</span> <span class='ocrx_word' id='word_1_194' title='bbox 846 2098 914 2119; x_wconf 91' lang='lat' dir='ltr'>mea</span> <span class='ocrx_word' id='word_1_195' title='bbox 943 2087 1059 2119; x_wconf 85' lang='lat' dir='ltr'>vexilla</span> <span class='ocrx_word' id='word_1_196' title='bbox 1096 2087 1250 2122; x_wconf 86' lang='lat' dir='ltr'>Romana,</span> <span class='ocrx_word' id='word_1_197' title='bbox 1279 2097 1348 2128; x_wconf 85' lang='lat' dir='ltr'>quae</span> <span class='ocrx_word' id='word_1_198' title='bbox 1386 2086 1507 2127; x_wconf 88' lang='lat' dir='ltr'>aquilas</span> 
     </span>
     <span class='ocr_line' id='line_1_27' title="bbox 116 2133 1505 2180; baseline 0 -15"><span class='ocrx_word' id='word_1_199' title='bbox 116 2145 184 2165; x_wconf 86' lang='lat' dir='ltr'>rum</span> <span class='ocrx_word' id='word_1_200' title='bbox 198 2148 205 2175; x_wconf 81' lang='lat'>3</span> <span class='ocrx_word' id='word_1_201' title='bbox 223 2136 290 2177; x_wconf 87' lang='lat' dir='ltr'>jam</span> <span class='ocrx_word' id='word_1_202' title='bbox 306 2142 413 2168; x_wconf 86' lang='lat' dir='ltr'>notum</span> <span class='ocrx_word' id='word_1_203' title='bbox 426 2133 486 2168; x_wconf 83' lang='lat' dir='ltr'>est.</span> <span class='ocrx_word' id='word_1_204' title='bbox 531 2138 680 2168; x_wconf 77' lang='lat' dir='ltr'>HARLES.</span> <span class='ocrx_word' id='word_1_205' title='bbox 846 2139 947 2180; x_wconf 85' lang='lat' dir='ltr'>pictas</span> <span class='ocrx_word' id='word_1_206' title='bbox 961 2138 1128 2168; x_wconf 86' lang='lat' dir='ltr'>habebant.</span> <span class='ocrx_word' id='word_1_207' title='bbox 1156 2137 1240 2177; x_wconf 84' lang='lat' dir='ltr'>Lege</span> <span class='ocrx_word' id='word_1_208' title='bbox 1256 2136 1347 2167; x_wconf 83' lang='lat' dir='ltr'>Alex.</span> <span class='ocrx_word' id='word_1_209' title='bbox 1363 2136 1401 2166; x_wconf 90' lang='lat' dir='ltr'>ab</span> <span class='ocrx_word' id='word_1_210' title='bbox 1412 2136 1505 2166; x_wconf 88' lang='lat' dir='ltr'>Alex.</span> 
     </span>
     <span class='ocr_line' id='line_1_28' title="bbox 159 2185 1505 2228; baseline 0 -12"><span class='ocrx_word' id='word_1_211' title='bbox 159 2186 211 2216; x_wconf 89' lang='grc'>61.</span> <span class='ocrx_word' id='word_1_212' title='bbox 235 2185 284 2216; x_wconf 77' lang='lat' dir='ltr'>Sic</span> <span class='ocrx_word' id='word_1_213' title='bbox 307 2187 435 2217; x_wconf 80' lang='lat' dir='ltr'>homines</span> <span class='ocrx_word' id='word_1_214' title='bbox 456 2198 561 2217; x_wconf 81' lang='lat' dir='ltr'>novere</span> <span class='ocrx_word' id='word_1_215' title='bbox 578 2187 682 2227; x_wconf 61' lang='lat' dir='ltr'>Dema]</span> <span class='ocrx_word' id='word_1_216' title='bbox 709 2186 778 2217; x_wconf 92' lang='lat' dir='ltr'>Hoc</span> <span class='ocrx_word' id='word_1_217' title='bbox 846 2187 901 2218; x_wconf 85' lang='lat' dir='ltr'>lib.</span> <span class='ocrx_word' id='word_1_218' title='bbox 916 2187 948 2217; x_wconf 92' lang='lat' dir='ltr'>ii.</span> <span class='ocrx_word' id='word_1_219' title='bbox 965 2197 1034 2228; x_wconf 90' lang='lat' dir='ltr'>cap.</span> <span class='ocrx_word' id='word_1_220' title='bbox 1050 2188 1082 2217; x_wconf 80' lang='lat'>2.</span> <span class='ocrx_word' id='word_1_221' title='bbox 1125 2186 1227 2216; x_wconf 69' lang='lat' dir='ltr'>Vestra</span> <span class='ocrx_word' id='word_1_222' title='bbox 1242 2187 1340 2227; x_wconf 76' lang='lat' dir='ltr'>signa.</span> <span class='ocrx_word' id='word_1_223' title='bbox 1378 2187 1505 2217; x_wconf 71' lang='lat' dir='ltr'>Vestras</span> 
     </span>
     <span class='ocr_line' id='line_1_29' title="bbox 115 2233 1007 2277; baseline 0.003 -13"><span class='ocrx_word' id='word_1_224' title='bbox 115 2238 220 2274; x_wconf 85' lang='lat' dir='ltr'>pacto,</span> <span class='ocrx_word' id='word_1_225' title='bbox 237 2233 358 2265; x_wconf 86' lang='lat' dir='ltr'>scilicet</span> <span class='ocrx_word' id='word_1_226' title='bbox 372 2246 428 2276; x_wconf 85' lang='lat' dir='ltr'>per</span> <span class='ocrx_word' id='word_1_227' title='bbox 438 2235 590 2276; x_wconf 86' lang='lat' dir='ltr'>imagines</span> <span class='ocrx_word' id='word_1_228' title='bbox 604 2241 635 2266; x_wconf 87' lang='lat' dir='ltr'>et</span> <span class='ocrx_word' id='word_1_229' title='bbox 650 2235 778 2265; x_wconf 86' lang='lat' dir='ltr'>simula·</span> <span class='ocrx_word' id='word_1_230' title='bbox 846 2237 1007 2277; x_wconf 82' lang='lat' dir='ltr'>imagineS.</span> 
     </span>
     <span class='ocr_line' id='line_1_30' title="bbox 115 2282 1505 2326; baseline 0.001 -14"><span class='ocrx_word' id='word_1_231' title='bbox 115 2292 181 2317; x_wconf 90' lang='lat' dir='ltr'>cra,</span> <span class='ocrx_word' id='word_1_232' title='bbox 211 2282 296 2313; x_wconf 88' lang='lat' dir='ltr'>Deos</span> <span class='ocrx_word' id='word_1_233' title='bbox 321 2283 511 2315; x_wconf 85' lang='lat' dir='ltr'>immortales</span> <span class='ocrx_word' id='word_1_234' title='bbox 539 2284 775 2326; x_wconf 85' lang='lat' dir='ltr'>cognoscimus:</span> <span class='ocrx_word' id='word_1_235' title='bbox 890 2288 941 2316; x_wconf 87' lang='lat'>73.</span> <span class='ocrx_word' id='word_1_236' title='bbox 959 2285 996 2315; x_wconf 82' lang='lat' dir='ltr'>In</span> <span class='ocrx_word' id='word_1_237' title='bbox 1020 2285 1180 2325; x_wconf 63' lang='lat' dir='ltr'>imagine]</span> <span class='ocrx_word' id='word_1_238' title='bbox 1199 2285 1236 2314; x_wconf 92' lang='lat' dir='ltr'>In</span> <span class='ocrx_word' id='word_1_239' title='bbox 1253 2284 1340 2325; x_wconf 83' lang='lat' dir='ltr'>signo</span> <span class='ocrx_word' id='word_1_240' title='bbox 1356 2283 1505 2324; x_wconf 81' lang='lat' dir='ltr'>Augusti.</span> 
     </span>
     <span class='ocr_line' id='line_1_31' title="bbox 116 2332 1503 2375; baseline 0.001 -14"><span class='ocrx_word' id='word_1_241' title='bbox 116 2342 188 2361; x_wconf 90' lang='lat' dir='ltr'>nam</span> <span class='ocrx_word' id='word_1_242' title='bbox 203 2332 358 2373; x_wconf 87' lang='lat' dir='ltr'>propriam</span> <span class='ocrx_word' id='word_1_243' title='bbox 374 2344 480 2364; x_wconf 88' lang='lat' dir='ltr'>eorum</span> <span class='ocrx_word' id='word_1_244' title='bbox 496 2334 625 2364; x_wconf 81' lang='lat' dir='ltr'>formam</span> <span class='ocrx_word' id='word_1_245' title='bbox 640 2333 719 2364; x_wconf 86' lang='lat' dir='ltr'>nulli</span> <span class='ocrx_word' id='word_1_246' title='bbox 740 2333 778 2364; x_wconf 87' lang='lat' dir='ltr'>li-</span> <span class='ocrx_word' id='word_1_247' title='bbox 850 2334 972 2373; x_wconf 69' lang='lat' dir='ltr'>Visaque</span> <span class='ocrx_word' id='word_1_248' title='bbox 997 2341 1066 2363; x_wconf 75' lang='lat' dir='ltr'>sunt</span> <span class='ocrx_word' id='word_1_249' title='bbox 1094 2335 1194 2364; x_wconf 81' lang='lat' dir='ltr'>dictis.</span> <span class='ocrx_word' id='word_1_250' title='bbox 1253 2334 1409 2375; x_wconf 87' lang='lat' dir='ltr'>Imagines</span> <span class='ocrx_word' id='word_1_251' title='bbox 1437 2333 1503 2363; x_wconf 85' lang='lat' dir='ltr'>istae</span> 
     </span>
     <span class='ocr_line' id='line_1_32' title="bbox 115 2380 1503 2419; baseline 0.002 -9"><span class='ocrx_word' id='word_1_252' title='bbox 115 2386 167 2411; x_wconf 83' lang='lat' dir='ltr'>cet</span> <span class='ocrx_word' id='word_1_253' title='bbox 181 2380 296 2412; x_wconf 85' lang='lat' dir='ltr'>videre.</span> <span class='ocrx_word' id='word_1_254' title='bbox 844 2383 917 2414; x_wconf 86' lang='lat' dir='ltr'>visae</span> <span class='ocrx_word' id='word_1_255' title='bbox 930 2389 1003 2413; x_wconf 81' lang='lat' dir='ltr'>sunt</span> <span class='ocrx_word' id='word_1_256' title='bbox 1018 2382 1092 2412; x_wconf 81' lang='lat' dir='ltr'>mihi</span> <span class='ocrx_word' id='word_1_257' title='bbox 1105 2383 1264 2419; x_wconf 83' lang='lat' dir='ltr'>assentire,</span> <span class='ocrx_word' id='word_1_258' title='bbox 1274 2391 1309 2414; x_wconf 89' lang='lat' dir='ltr'>ut</span> <span class='ocrx_word' id='word_1_259' title='bbox 1323 2383 1420 2414; x_wconf 88' lang='lat' dir='ltr'>velint</span> <span class='ocrx_word' id='word_1_260' title='bbox 1432 2394 1503 2413; x_wconf 90' lang='lat' dir='ltr'>con-</span> 
     </span>
    </p>
   </div>
   <div class='ocr_carea' id='block_1_4' title="bbox 158 2430 1505 2473">
    <p class='ocr_par' dir='ltr' id='par_1_4' title="bbox 158 2430 1505 2473">
     <span class='ocr_line' id='line_1_33' title="bbox 158 2430 1505 2473; baseline 0.002 -13"><span class='ocrx_word' id='word_1_261' title='bbox 158 2430 211 2461; x_wconf 84' lang='lat'>64.</span> <span class='ocrx_word' id='word_1_262' title='bbox 236 2430 273 2461; x_wconf 83' lang='lat' dir='ltr'>In</span> <span class='ocrx_word' id='word_1_263' title='bbox 290 2433 383 2462; x_wconf 85' lang='lat' dir='ltr'>inviso</span> <span class='ocrx_word' id='word_1_264' title='bbox 400 2433 486 2473; x_wconf 63' lang='lat' dir='ltr'>laem]</span> <span class='ocrx_word' id='word_1_265' title='bbox 512 2433 548 2463; x_wconf 92' lang='lat' dir='ltr'>In</span> <span class='ocrx_word' id='word_1_266' title='bbox 566 2438 646 2464; x_wconf 86' lang='lat' dir='ltr'>terra</span> <span class='ocrx_word' id='word_1_267' title='bbox 660 2432 776 2463; x_wconf 75' lang='lat' dir='ltr'>hostili.</span> <span class='ocrx_word' id='word_1_268' title='bbox 845 2432 953 2463; x_wconf 86' lang='lat' dir='ltr'>cedere</span> <span class='ocrx_word' id='word_1_269' title='bbox 966 2432 1066 2462; x_wconf 89' lang='lat' dir='ltr'>locum</span> <span class='ocrx_word' id='word_1_270' title='bbox 1077 2431 1177 2462; x_wconf 84' lang='lat' dir='ltr'>exsilii</span> <span class='ocrx_word' id='word_1_271' title='bbox 1188 2432 1288 2473; x_wconf 84' lang='lat' dir='ltr'>magis</span> <span class='ocrx_word' id='word_1_272' title='bbox 1299 2432 1505 2463; x_wconf 82' lang='lat' dir='ltr'>commodum.</span> 
     </span>
    </p>
   </div>
  </div>
 </body>
</html>
