1760 3172
227 189 305 228 14⁴5

612 187 659 227 P.
696 186 907 227 0V1D11
947 186 1225 227 NASONIS

222 302 470 348 Mulciber
494 302 542 347 iu
567 301 782 363 T1·oja1n‚
812 317 899 363 pro
925 300 1072 363 Troja
1105 302 1272 348 stabat
1297 299 1505 363 Apollo;
1581 302 1610 345 5

290 378 454 440 AEqua
480 378 649 425 Venus
676 377 898 431 Teucri&
929 377 1098 423 Pallas
1124 377 1295 440 iniqua
1319 375 1425 423 fuit.

223 454 415 502 Oderat
440 455 631 502 AEnean
659 454 858 518 propior
886 453 1120 500 Saturnia
1144 453 1340 509 Turno;

288 531 379 578 Ille
405 538 572 578 tamen
598 530 807 577 Veneris
833 529 1036 576 numine
1062 537 1200 576 tutus
1227 536 1350 576 erat.

223 607 370 671 Saepe
396 607 534 655 ferox
560 616 762 654 cautum
789 606 934 670 petiit
960 605 1231 668 Neptunus
1260 605 1528 668 Ulyssem3

292 683 489 747 Eripuit
513 691 689 747 patruo
715 699 850 746 saepe
876 682 1105 729 Minerva
1130 698 1235 729 suo.
1557 682 1615 725 lO

225 760 290 807 Et
315 761 458 807 nobis
484 762 704 825 aliquod,
733 760 960 824 quamvis
985 760 1229 806 distamus
1255 759 1317 806 ab
1343 758 1455 810 illis,

239 856 241 860 ’
289 836 422 891 Quid
449 845 584 885 vetat
607 838 731 885 irato
758 853 941 884 numen
967 837 1143 884 adesse
1170 836 1314 883 Deo?

222 912 390 960 Verba
414 914 563 961 miser
587 914 769 961 frustra
793 930 891 960 non
916 912 1227 977 proficientia
1250 912 1433 975 perdo:

291 990 411 1053 Ipsa
434 1007 608 1053 graves
635 999 876 1055 spargunt
901 1006 986 1038 ora
1010 989 1260 1053 loquentis
1286 1003 1457 1052 aquae3

223 1065 263 1111 T
268 1067 580 1129 erribilisque
610 1067 774 1114 Notus
794 1068 956 1129 jactat
979 1083 1091 1114 mea
1115 1066 1250 1113 dicta
1266 1059 1611 1134 gi'precesque,

289 1143 369 1189 Ad
396 1159 521 1205 quos
547 1144 824 1198 mittuntur,
853 1159 951 1189 non
977 1142 1094 1189 sinit
1118 1143 1188 1190 ire
1215 1141 1367 1189 Deos.
1556 1141 1613 1186 16

224 1218 357 1281 Ergo
383 1220 516 1267 idem
540 1220 691 1276 venti,
720 1236 780 1268 ne
806 1236 959 1267 causa
982 1220 1134 1267 laedar
1158 1219 1207 1265 in
1233 1235 1346 1273 una,

290 1296 518 1359 Velaque
545 1298 713 1344 nescio
739 1313 855 1360 quo,
882 1304 1099 1360 votaque
1124 1303 1293 1343 nostra
1316 1293 1512 1342 ferunt?

223 1371 310 1419 Me
336 1374 588 1430 miserum,
618 1374 792 1437 quanti
818 1382 1014 1427 montes
1039 1374 1302 1421 volvuntur
1326 1369 1595 1435 aquarum!

289 1448 319 1495 J
326 1465 405 1496 am
424 1451 530 1512 jam
555 1458 776 1498 tacturos
803 1451 966 1499 sidera
990 1466 1185 1497 summa
1209 1457 1370 1513 puteS.

1549 1449 1614 1494 20

223 1524 434 1579 Quantae
461 1526 667 1573 diducto
693 1527 959 1575 subsidunt
983 1543 1184 1590 aequore
1209 1526 1388 1573 valles!

288 1601 318 1647 J
324 1617 403 1648 arn
421 1603 527 1665 jam
553 1610 772 1650 tacturas
798 1603 1004 1653 Tartara
1028 1604 1168 1667 nigra
1191 1610 1353 1667 putes

264 1741 295 1770 5.
320 1740 500 1782 Mulciber]
529 1742 693 1772 Vulcanus
708 1742 752 1773 sic
770 1742 884 1778 dictus,

221 1789 305 1830 quod
321 1792 399 1831 ignis
411 1793 460 1826 sit,
476 1797 504 1821 et
519 1794 616 1821 omnia
629 1793 768 1827 mulceat,
784 1803 820 1822 uc
834 1794 884 1822 do-

221 1843 289 1867 met.
336 1839 483 1869 Macrob.
507 1839 572 1870 Sat.
598 1839 639 1869 vi.
663 1842 693 1870 5.
718 1841 883 1882 Verpoort.

222 1886 372 1917 HAmAEs.

264 1935 295 1965 6.
322 1935 455 1976 Pallas]
482 1936 557 1978 Ipsa
582 1937 702 1973 Venus,
723 1938 797 1968 AEn.
819 1936 851 1967 ii.
867 1947 885 1967 a

221 1994 299 2014 vers.
321 1985 394 2020 610,
420 1985 530 2015 [Ὲῐιεω
551 1996 606 2016 suo
628 1986 804 2022 Palladem,
827 1986 885 2017 Ju—

221 2043 345 2069 nonem,
362 2033 559 2075 Neptunum,
577 2035 689 2066 Jovem
710 2035 810 2077 ipsum
834 2046 883 2066 os-

221 2081 324 2113 tendit
338 2082 448 2113 urbem
462 2083 588 2124 Trojam
603 2089 757 2115 eruentes.

266 2132 296 2161 7.
329 2131 482 2172 Ρνορὶοικ]
513 2133 608 2169 Juno,
647 2132 772 2164 Saturni
808 2133 883 2170 filia,

222 2180 322 2221 magis
336 2180 444 2211 favens
460 2180 518 2211 fuit
533 2181 647 2217 Turno,
665 2182 733 2224 ejus
754 2182 884 2213 tutelam

222 2234 253 2259 et
269 2239 376 2260 curam
391 2229 497 2269 gessit,
513 2230 586 2271 quia
601 2231 627 2260 T
630 2231 750 2272 rojanos
765 2231 884 2262 oderat.

222 2289 252 2308 v.
268 2278 405 2309 Gronov.
418 2278 439 2308 i.
455 2279 520 2309 obs.
535 2280 587 2309 24.
600 2285 631 2310 et
641 2283 762 2320 propior
777 2281 816 2311 ab
830 2282 884 2312 ob-

222 2326 320 2357 soleto
343 2329 441 2366 propis
466 2328 514 2358 vel
537 2339 648 2367 propus
672 2340 740 2360 esse
763 2329 886 2361 videtur

224 2375 335 2406 Vossio
357 2375 396 2406 de
413 2376 548 2417 Analog.
564 2376 595 2407 ii.
612 2378 664 2408 26.
682 2377 714 2408 in
738 2378 806 2420 ejus
820 2385 884 2409 arte.

221 2423 438 2464 grammatica,
463 2425 599 2467 indeque
620 2429 780 2467 propitius,
799 2428 884 2469 quia,

223 2473 276 2514 qui
292 2479 462 2515 praesent'es
474 2481 547 2506 sunt
561 2481 593 2506 et
603 2475 780 2518 propinqui,
797 2476 884 2507 auxi-

222 2521 298 2553 lium
323 2523 400 2554 ferre
427 2530 565 2566 possunt,
585 2525 694 2567 judice
721 2526 831 2558 Vossio
853 2525 886 2557 in

224 2570 359 2612 Etymol.
372 2572 440 2603 sub.
456 2571 486 2602 h.
502 2584 531 2603 v.
577 2573 726 2605 Htmmzs.

265 2619 296 2650 9.
320 2620 399 2660 Saepe
412 2621 506 2662 feror
523 2623 675 2663 cautium]
704 2623 882 2665 Neptunus,

221 2668 329 2704 iratus,
345 2670 429 2710 quod
447 2671 577 2712 Ulysses
588 2672 672 2713 prius
683 2672 883 2704 Palamedem

222 2723 366 2759 nepotem
384 2718 536 2750 insontem
556 2720 752 2762 perdidisset.
770 2721 882 2753 deinde

957 1742 1186 1784 Polyphemum
1209 1743 1309 1773 filium
1330 1746 1529 1777 occaecasset,
1556 1740 1611 1771 de-

953 1801 1022 1821 cern
1040 1802 1137 1822 anuos
1158 1802 1214 1833 per
1236 1801 1321 1822 mare
1343 1790 1432 1821 illum
1455 1790 1616 1820 insecutus

953 1846 1018 1870 est:
1043 1840 1093 1871 cui
1109 1850 1230 1882 semper
1244 1839 1345 1870 adfuit
1360 1839 1477 1870 Pallas.
1519 1838 1613 1875 Quod

952 1889 1023 1920 ideo
1038 1889 1128 1920 finxit
1142 1890 1308 1925 Homerus,
1324 1889 1472 1930 quoniam
1492 1888 1546 1919 ille
1562 1898 1614 1918 co-

954 1939 1060 1969 mitem
1076 1939 1187 1970 habuit
1201 1939 1412 1980 prudentiam,
1429 1949 1522 1980 quam
1538 1948 1610 1980 poe-

954 1987 1016 2018 tico
1035 1987 1096 2018 ritu
1118 1988 1295 2019 Minervam
1317 1987 1526 2030 nuncupavit:
1551 1998 1616 2028 qua

953 2036 1078 2073 comite,
1093 2037 1198 2068 omnia
1215 2037 1370 2068 horrenda
1388 2036 1494 2073 subiit,
1510 2037 1614 2068 omnia

953 2085 1086 2117 adversa
1100 2088 1268 2129 superavit.
1314 2087 1420 2117 PAvL.

999 2136 1048 2166 10.
1081 2136 1198 2166 Patr-no
1227 2136 1307 2177 sum]
1347 2137 1498 2178 Neptuno
1525 2137 1615 2168 Jovis

952 2184 1038 2215 fratri
1049 2197 1058 2223 ;
1081 2186 1170 2227 cujus
1185 2192 1252 2216 erat
1266 2186 1331 2217 filia
1345 2186 1462 2218 Pallas.

1000 2234 1048 2264 19.
1074 2234 1410 2276 Montes——aquarum]
1449 2236 1532 2266 Satis
1558 2246 1613 2267 au-

953 2281 1061 2313 dacter
1088 2283 1220 2320 dictum‚
1247 2285 1287 2314 ab
1314 2284 1451 2315 Homero
1476 2290 1614 2316 sumtum

954 2331 1069 2373 Odyss.
1082 2331 1123 2374 γ’.
1135 2334 1209 2364 290.
1226 2333 1365 2375 Κῖνματά
1377 2346 1408 2365 τε
1424 2335 1614 2376 τροφὺεντα,

954 2381 1110 2422 πελώρια,
1124 2382 1179 2413 ἴσα
1192 2382 1327 2424 ὄρεσσιν.
1363 2383 1392 2413 F
1393 2385 1548 2425 luctusque
1564 2392 1613 2417 tu-

954 2432 1053 2465 midos,
1070 2433 1215 2474 ingentes,
1229 2433 1354 2472 aquales
1368 2435 1525 2465 montibus.
1564 2435 1612 2466 Si-

952 2479 1012 2509 lius
1037 2480 1110 2511 Ital.
1133 2481 1207 2511 xvii.
1231 2482 1304 2512 256.
1330 2493 1377 2524 sq.
1401 2493 1473 2514 cum
1497 2484 1613 2516 Ovidio

953 2529 1197 2570 componendus,
1209 2530 1262 2561 ubi
1278 2541 1296 2561 a
1313 2532 1463 2574 Neptuno
1476 2534 1613 2565 excitata

951 2583 1122 2618 tempestas
1154 2579 1349 2617 describitur,
1383 2587 1414 2613 et
1448 2582 1611 2614 Drakenb.

952 2631 1025 2656 nota
1040 2626 1229 2658 conserenda
1242 2634 1300 2659 est.
1346 2629 1492 2662 Huius.

995 2676 1046 2705 21.
1065 2676 1225 2718 Diducto]
1244 2678 1358 2709 Melior
1371 2685 1417 2710 est
1428 2679 1608 2718 haeeJectio,

952 2734 1044 2765 quam
1058 2726 1262 2766 quorumdam
1277 2729 1413 2760 deducto.
1460 2729 1611 2762 Diducere
