1760 3172
215 190 273 231 78
609 187 659 228 P.
693 186 908 228 OVIDII
943 186 1224 228 NASONIS

222 305 322 353 Sed
340 303 494 351 semel
509 309 587 350 est
597 310 767 350 custos
783 302 985 365 longum
1002 301 1324 349 redimendus
1342 302 1391 348 in
1402 317 1584 349 annum
1602 319 1611 349 :

287 381 436 444 Saepe
462 380 618 436 dabit,
646 379 841 427 dederit
866 394 992 442 quas
1019 379 1191 434 semel,
1219 378 1301 425 ille
1326 394 1520 425 manus.

218 459 440 514 Questus
466 473 601 505 eram
627 456 877 519 (memini)
904 456 1201 503 metuendos
1227 471 1339 503 esse
1365 456 1593 503 sodales:

286 536 402 583 Non
427 535 588 598 tangit
613 535 744 582 solos
770 534 867 581 ista
887 533 1092 597 querela
1115 533 1261 580 viros.
1518 535 1615 580 660

218 613 439 661 Credula
463 612 505 659 si
529 611 696 668 fueris,
725 611 833 658 aliae
859 618 946 658 tua
970 610 1153 674 gaudia
1177 618 1412 674 carpent3

284 690 351 738 Et
375 691 518 754 lepus
544 689 624 736 hic
651 689 760 735 aliis
786 688 1119 750 exagitandus
1146 687 1255 735 erit.

217 767 341 814 Haec
368 782 587 830 quoque,
609 781 723 829 quae
749 766 942 829 praebet
962 765 1148 812 lectum
1174 764 1400 811 studiosa
1423 764 1611 822 locum-

282 844 447 891 Crede
472 841 610 899 mihi,
638 857 838 889 mecum
864 858 963 889 non
990 842 1146 888 semel
1171 841 1256 888 illa
1279 840 1390 887 fuit.
1457 841 1608 903 [que;

214 921 324 969 Nec
350 920 558 967 nimium
581 919 723 966 vobis
748 918 967 965 formosa
991 918 1172 965 ancilla
1194 917 1473 965 ministret:
1514 920 1610 965 665

282 999 429 1062 Saepe
453 997 615 1044 vicem
640 995 856 1043 dominae
878 995 1113 1059 praestitit
1138 994 1222 1042 illa
1248 994 1385 1041 mihi.

211 1075 325 1130 Quo
350 1074 478 1122 feror
497 1073 726 1130 insanus3
760 1072 884 1136 quid
909 1079 1082 1136 aperto
1108 1078 1311 1136 pectore
1337 1070 1387 1118 in
1412 1071 1609 1118 hostem

279 1151 427 1199 Nitor
448 1169 457 1208 3
499 1157 550 1197 et
574 1149 760 1197 indicio
786 1149 967 1213 prodor
993 1150 1055 1196 ab
1081 1148 1189 1213 ipse
1215 1148 1361 1195 meo?

211 1228 329 1276 Non
354 1227 455 1275 avis
482 1227 762 1290 aucupibus
789 1233 1050 1282 monstrat,
1080 1227 1182 1289 qua
1209 1233 1352 1289 parte
1378 1231 1604 1289 petatur:

276 1304 324 1352 N
329 1321 393 1352 on
418 1305 569 1351 docet
593 1303 799 1350 infestas
825 1318 1023 1350 currere
1049 1318 1196 1349 cerva
1220 1318 1387 1349 canes.
1510 1304 1607 1349 670

207 1382 402 1430 Viderit
426 1381 614 1428 utilitas
638 1399 648 1437 ;
690 1387 945 1444 praecepta
967 1379 1182 1427 fideliter
1207 1379 1369 1426 edam.

275 1459 527 1507 Lemniasi
553 1458 747 1521 gladios
774 1458 824 1504 in
850 1474 963 1505 mea
986 1457 1089 1504 fata
1113 1457 1261 1503 dabo.

207 1537 404 1585 Efficite
430 1537 505 1599 (et
528 1535 672 1583 facile
698 1534 799 1596 est)
825 1542 880 1581 ut
904 1551 993 1582 nos
1019 1534 1282 1581 credamus
1310 1532 1462 1580 amari
1484 1550 1493 1580 :

272 1614 440 1661 Prona
462 1612 598 1660 venit
621 1612 818 1677 cupidis
835 1612 883 1659 in
912 1628 1002 1660 sua
1025 1620 1144 1659 vota
1167 1611 1309 1658 fides.

206 1690 416 1755 Spectet
440 1689 703 1737 amabilius
723 1690 988 1752 juvenem;
1030 1688 1248 1753 suspiret
1272 1689 1335 1735 ab
1362 1688 1460 1735 imo
1503 1690 1600 1735 675

272 1767 501 1824 Femina;
542 1774 645 1814 tarn
671 1782 780 1814 sero
801 1782 889 1813 cur
913 1766 1182 1829 veniatque
1207 1772 1365 1828 roget.

203 1844 466 1892 Accedant
490 1844 724 1901 lacrimae,
754 1844 893 1891 dolor
918 1852 968 1892 et
992 1844 1056 1892 de
1080 1844 1260 1908 pellice
1286 1843 1435 1890 fictus
1455 1860 1464 1890 :

272 1921 340 1969 Et
363 1921 517 1970 laniet
540 1921 711 1985 digitis
737 1922 869 1970 illius
895 1938 981 1970 ora
1009 1922 1129 1969 suis.

979 2104 1054 2134 677.
1079 2104 1183 2139 Dolor,
1200 2105 1277 2134 etde
1291 2102 1530 2143 peIlicefictus.]
1550 2103 1601 2134 De

935 2152 1054 2184 Pelliee
1069 2153 1210 2193 intellige
1224 2164 1286 2184 non
1297 2151 1413 2187 mariti,
1425 2158 1460 2182 ut
1475 2152 1602 2182 Merula

934 2212 1088 2244 exponere
1103 2202 1236 2238 videtur,
1253 2202 1307 2233 sed
1327 2201 1485 2237 amatoris,
1501 2211 1602 2242 eoque

245 2103 321 2134 663.
357 2102 430 2137 Qnae
458 2104 567 2142 proebet
597 2104 705 2134 lectum
734 2105 865 2134 studiosa

202 2152 382 2193 locumque]
401 2151 563 2193 Quicquid
574 2163 628 2194 pro
641 2152 771 2194 vulgata
782 2159 867 2183 stant

201 2201 272 2232 libri
288 2207 418 2237 vetereS,
437 2200 537 2231 scribe
551 2213 557 2231 z

249 2250 307 2280 Cui
328 2251 436 2291 proebes
462 2251 571 2280 lectum
601 2252 733 2281 studiosa
755 2252 866 2282 locum-

388 2310 457 2339 que·

202 2347 444 2390 Velfocumque.
484 2347 601 2389 Tangit
617 2347 725 2378 violati
740 2348 867 2390 hospitii

200 2396 411 2438 sacrilegium.
434 2397 553 2427 Hssxxs.
590 2396 730 2437 Vulgata
744 2408 804 2427 non
821 2404 867 2428 est

200 2445 421 2477 sollicitanda:
446 2445 502 2476 illa
522 2445 635 2481 amica,
656 2445 696 2476 ad
718 2455 813 2486 quam
833 2451 867 2477 ut

201 2506 317 2537 aegram
334 2494 464 2526 invisere
485 2494 604 2525 solebat
620 2504 701 2531 mea,
717 2501 751 2525 ut
766 2494 866 2525 virum

201 2545 334 2579 falleret,
355 2550 387 2575 et
409 2554 480 2586 quae
505 2544 621 2575 lectum
646 2549 676 2574 et
697 2543 801 2574 locum
825 2543 865 2574 ad

203 2600 322 2625 nostros
342 2602 462 2623 amores
483 2593 601 2634 praebet
621 2598 653 2623 et
676 2592 865 2627 commodat,

201 2649 237 2674 ut
250 2652 344 2684 supra
356 2642 431 2672 641.
451 2642 542 2678 dixit,
559 2652 640 2683 saepe
657 2652 780 2673 mecum
796 2642 865 2677 suit,

199 2699 231 2725 et
251 2702 314 2722 non
335 2691 436 2722 officio
460 2697 594 2728 tantum,
612 2691 666 2722 sed
685 2697 717 2723 et
739 2701 866 2733 corpore

200 2741 331 2786 placuit.
375 2741 493 2772 Euam.

935 2251 1060 2282 additur
1073 2257 1104 2282 et
1114 2252 1222 2292 fictus,
1239 2257 1270 2281 et
1286 2261 1370 2285 mox,
1388 2251 1481 2281 laniet
1498 2252 1602 2291 digitis

934 2302 1018 2333 illius
1042 2312 1093 2331 ora
1115 2302 1188 2336 suis,
1211 2299 1301 2342 quasi
1323 2310 1392 2340 quae
1419 2299 1509 2330 illum
1534 2310 1602 2330 sus-

935 2356 1063 2390 pectum
1079 2349 1204 2380 habeat.
1228 2349 1356 2379 Mrcx-L.
1393 2347 1454 2378 Sed
1470 2347 1495 2379 si
1511 2348 1602 2379 fictus

934 2397 987 2428 ille
1003 2397 1090 2428 dolor
1107 2397 1158 2433 sit,
1175 2403 1246 2440 apte
1264 2396 1428 2438 tegendus,
1446 2407 1484 2428 ne
1501 2407 1599 2439 appa-

934 2452 1000 2477 reat
1019 2447 1188 2482 simulatio,
1213 2452 1246 2477 et
1269 2457 1324 2477 cur
1348 2456 1411 2476 non
1434 2456 1539 2477 verum
1562 2447 1602 2478 de

934 2495 1047 2536 pellice
1058 2495 1205 2526 amatoris
1220 2494 1268 2526 sui
1280 2494 1417 2525 dolorem
1429 2496 1600 2537 praeferret,

934 2554 1006 2574 cum
1023 2555 1131 2576 revera
1145 2555 1207 2575 non
1223 2550 1328 2575 ament
1347 2544 1460 2585 puellae
1478 2544 1518 2575 ab
1539 2545 1603 2575 alia

934 2593 1031 2624 teneri
1050 2604 1141 2625 suum
1165 2595 1359 2624 amatorem?
1382 2594 1504 2636 egregie
1528 2605 1602 2636 ergo

934 2642 1100 2674 Palatinus
1114 2648 1145 2674 et
1159 2649 1292 2684 quatuor
1308 2642 1376 2673 alii:

979 2693 1133 2723 Accedant
1148 2693 1288 2730 lacrimae,
1302 2693 1397 2729 dolor,
1409 2694 1484 2723 etde
1493 2694 1602 2732 pellice

1022 2749 1150 2783 questus.
1439 2742 1556 2774 Bcnm.
