1760 3172
389 167 481 209 EX
514 166 726 208 PONTO
760 166 879 207 LIB.
913 166 950 208 Ι.
983 166 1175 209 EPIST.
1208 167 1343 209 VIII.

1472 167 1558 210 387

173 281 364 345 Teque,
386 282 521 346 quod
539 289 590 330 et
608 288 829 346 praestat,
848 281 970 344 quid
989 281 1120 328 enim
1140 282 1230 329 tibi
1249 282 1442 346 plenius
1467 299 1553 347 op-

241 358 426 407 Martia
443 375 557 407 cum
572 374 752 422 magno
775 358 974 407 Caesare
991 359 1153 406 Roma
1167 360 1361 423 probet.
1402 361 1555 422 [tem?

175 436 278 484 Sed
296 453 486 484 memor
500 438 633 485 unde
649 437 764 493 abii,
783 452 978 500 queror,
997 453 1025 483 0
1037 437 1261 499 jucunde
1276 437 1476 494 sodalis,
1493 440 1556 485 25

239 512 500 562 Accedant
521 514 703 562 nostris
730 530 859 561 saeva
883 513 1019 576 quod
1043 528 1178 561 arma
1201 514 1360 561 malis.

177 591 248 639 Ut
271 608 414 639 careo
437 592 575 639 vobis
604 590 807 655 Stygias
832 591 1065 659 detrusus
1090 590 1141 637 in
1164 607 1292 647 oras,

242 668 467 724 Quatuor
490 677 756 717 autumnos
783 669 951 716 Pleias
976 675 1084 716 orta
1106 668 1240 716 facit.

177 745 286 794 Nec
310 754 365 794 tu
390 747 658 795 credideris
683 747 883 794 urbanae
909 746 1171 793 commoda
1192 746 1307 799 vitae

241 823 474 878 Quaerere
500 824 756 872 Nasonem
775 841 784 871 :
814 823 994 887 quaerit
1015 830 1065 871 et
1089 823 1174 871 illa
1196 830 1380 871 tamen.

1493 828 1557 872 30

176 900 308 949 Nam
327 901 475 948 modo
498 917 586 948 vos
612 901 776 948 animo
801 901 974 948 dulces
999 901 1302 957 reminiscor,
1330 901 1504 959 amici3

242 977 391 1025 Nunc
416 978 537 1026 mihi
562 993 676 1025 cum
701 994 816 1025 cara
840 979 1052 1041 conjuge
1077 985 1194 1025 nata
1217 978 1377 1027 subit:

177 1054 321 1119 Eque
346 1056 492 1103 domo
518 1072 685 1103 rursus
711 1056 929 1120 pulchrae
954 1056 1064 1103 loca
1086 1063 1248 1103 vertor
1265 1057 1328 1104 ad
1352 1056 1505 1114 urbis,

244 1132 544 1196 Cunctaque
568 1150 708 1182 mens
729 1133 884 1181 oculis
910 1133 1135 1197 pervidet
1158 1133 1243 1180 illa
1267 1134 1386 1181 suis,

177 1209 324 1257 Nunc
339 1210 459 1267 fora,
473 1227 603 1258 nunc
620 1211 770 1267 aedes,
788 1228 919 1259 nunc
936 1227 1178 1258 marmore
1193 1218 1328 1259 tecta
1340 1212 1558 1269 theatra3

244 1287 392 1336 Nunc
412 1289 547 1336 subit
565 1296 764 1352 aequata
781 1289 999 1353 porticus
1022 1288 1181 1336 omnis
1201 1290 1368 1336 humo.

1497 1291 1559 1336 36

178 1364 417 1414 Gramina
431 1383 563 1414 nunc
580 1367 743 1432 campi
760 1368 993 1431 pulchros
1015 1367 1289 1430 spectantis
1306 1367 1355 1413 in
1375 1367 1559 1423 hortos,

245 1443 538 1507 Stagnaque
564 1452 614 1492 et
640 1445 829 1509 Euripi,
846 1445 1214 1508 Virgineusque
1239 1444 1416 1507 liquor.

177 1519 262 1576 At,
279 1528 418 1584 puto,
443 1522 513 1568 sic
539 1522 674 1568 urbis
701 1523 880 1570 misero
905 1530 982 1570 est
1002 1528 1174 1585 erepta
1196 1521 1440 1585 voluptaS‚

243 1596 481 1652 Quolibet
504 1606 560 1646 ut
583 1599 761 1646 saltem
787 1615 899 1646 rure
923 1598 1019 1645 frui
1046 1599 1211 1645 liceat.

1500 1600 1564 1644 40

178 1673 294 1722 Non
318 1691 459 1722 meus
486 1675 694 1723 amissos
720 1676 912 1723 animus
939 1675 1189 1723 desiderat
1214 1691 1375 1737 agros,

247 1752 486 1815 Ruraque
511 1751 722 1815 Peligno
748 1752 1102 1816 conspicienda
1127 1752 1260 1808 solo;

220 1906 274 1937 23.
292 1905 398 1946 Teque,
413 1908 490 1946 quod
509 1913 536 1936 et
556 1907 712 1947 praestem]
740 1907 839 1948 Optat

177 1954 274 1987 etiam
298 1955 443 1992 Ovidius,
465 1960 500 1986 ut
525 1965 578 1986 rex
606 1955 660 1986 ille
687 1956 727 1986 sit
750 1966 840 1987 carus

178 2005 331 2036 Romanae
348 2003 468 2035 civitati
483 2009 514 2035 et
530 2004 658 2035 Caesari.

221 2055 274 2085 28.
298 2054 400 2085 Pleias
423 2053 517 2094 orta.]
542 2054 593 2085 De
619 2060 686 2085 ortu
712 2054 769 2085 hoc
793 2054 840 2085 in-

176 2103 296 2146 tellige,
311 2114 406 2145 quem
421 2105 622 2145 acronychum
635 2110 766 2143 vocant3
782 2104 841 2135 hoc

179 2158 237 2190 est,
259 2163 320 2194 quo
341 2152 461 2195 vesperi
485 2163 579 2195 supra
600 2159 714 2184 terram
738 2153 841 2184 serun-

177 2207 247 2233 tur:
263 2201 297 2233 id
312 2201 396 2233 enim
411 2202 447 2232 fit
463 2206 623 2233 autumno.
660 2203 757 2232 MER.

222 2252 275 2283 35.
301 2251 394 2282 Nunc
421 2262 568 2282 marmore
597 2251 705 2291 tecta]
735 2250 843 2282 Vitru-

178 2299 259 2336 vius,
280 2300 338 2331 lib.
355 2311 394 2331 v:
419 2305 439 2318 ‘⁴
456 2301 532 2331 Post
554 2311 681 2331 scenam
707 2300 846 2342 porticus

181 2355 254 2381 sunt
278 2349 515 2386 constituendae,
537 2349 583 2380 uti
606 2360 703 2391 quum
730 2349 845 2381 imbres

182 2399 338 2442 repentini
360 2399 641 2442 interpellaverint,
658 2399 773 2430 habeat
792 2410 846 2441 po-

179 2448 274 2490 pulus
303 2459 364 2490 quo
393 2459 426 2479 se
455 2447 587 2490 recipiat
619 2458 657 2479 ex
692 2447 844 2478 theatro.''

183 2498 280 2529 Potes
308 2497 403 2528 etiam
427 2508 483 2539 per
509 2497 633 2528 theatra
657 2503 741 2528 tecta
766 2507 847 2527 mar-

182 2556 277 2583 more,
298 2546 474 2588 intelligere
490 2546 647 2577 theatrum
661 2547 710 2577 M.
725 2546 845 2582 Scauri,

183 2595 269 2637 quod
300 2596 474 2627 maximum
504 2595 653 2632 omnium,
685 2606 755 2637 quae
789 2606 846 2626 un-

183 2655 279 2686 quam
294 2645 381 2676 fuere
395 2645 535 2676 humana
550 2656 646 2676 manu
661 2645 759 2676 facta.

227 2694 280 2725 37.
297 2694 448 2726 Gramina
469 2706 551 2726 nunc
573 2695 696 2735 campi]
724 2695 846 2726 Herbas

907 1906 1008 1948 campi
1024 1904 1155 1948 proximi
1171 1915 1281 1947 campo
1296 1904 1424 1935 Martio.

950 1957 1003 1986 38.
1019 1954 1221 1996 Stagnuque.]
1248 1953 1287 1984 In
1302 1953 1416 1995 quibus
1432 1963 1514 1995 aqua
1529 1964 1567 1985 ex

908 2005 1145 2047 aquaeductibus
1158 2004 1297 2034 defluens
1312 2003 1517 2045 colligebatur
1535 2004 1568 2034 in

908 2065 1019 2097 campo
1048 2053 1176 2085 Martio.
1201 2065 1231 2085 v.
1256 2053 1348 2084 Trist.
1370 2053 1414 2084 iii.
1440 2054 1489 2083 12.
1516 2055 1568 2084 21.

908 2104 1012 2135 Possis
1048 2108 1152 2134 tamen
1185 2108 1216 2133 et
1250 2102 1423 2143 intelligere
1451 2102 1566 2138 lacum,

910 2164 1005 2195 quem
1014 2152 1120 2185 Julius
1132 2153 1238 2184 Caesar
1249 2151 1342 2182 effodi
1355 2152 1475 2182 curavit
1487 2158 1570 2182 trans

909 2202 1056 2238 Tiberim,
1083 2201 1123 2232 ad
1150 2201 1294 2232 navalem
1319 2211 1456 2242 pugnam
1483 2201 1571 2231 exhi-

909 2251 1058 2287 bendam,
1087 2251 1124 2281 de
1151 2260 1212 2291 quo
1236 2250 1322 2280 Suet.
1338 2259 1366 2280 c.
1381 2250 1433 2280 39.
1479 2250 1569 2280 VER-

912 2311 1031 2331 PooRT.
1065 2299 1172 2341 Euripi
1189 2304 1261 2329 sunt
1275 2298 1306 2328 h.
1322 2297 1344 2327 l.
1367 2297 1571 2339 aquaeductus

912 2355 943 2381 et
971 2349 1097 2380 canales
1127 2358 1290 2389 aquarum.
1334 2347 1443 2378 Senec.
1472 2347 1572 2389 Epist.

913 2400 954 2429 83
978 2405 1008 2429 et
1033 2399 1084 2428 90.
1106 2396 1210 2438 ibique
1234 2396 1384 2438 Lipsium.
1422 2396 1472 2426 De
1490 2406 1572 2438 aqua

913 2447 1031 2489 virgine
1042 2446 1114 2476 vide
1125 2446 1165 2476 ad
1174 2445 1338 2476 Tr.iii.12.
1350 2446 1401 2475 22.
1423 2445 1572 2476 HARLES.

957 2497 1009 2526 41.
1025 2497 1151 2526 Amissos
1171 2494 1286 2536 agros]
1311 2494 1412 2535 Agros
1435 2494 1570 2530 relictos,

914 2556 975 2576 non
991 2551 1095 2575 autem
1111 2549 1231 2586 ereptos
1247 2543 1286 2573 ab
1302 2543 1464 2583 Augusto:
1489 2543 1573 2584 quod

913 2594 1073 2625 exsulibus
1085 2593 1151 2624 fieri
1166 2593 1295 2628 solebat,
1311 2603 1371 2623 non
1387 2591 1542 2633 relegatis.

957 2644 1011 2674 42.
1029 2643 1093 2673 Solo
1110 2641 1265 2683 Peligna]
1286 2641 1324 2671 In
1339 2646 1421 2672 terra
1433 2640 1571 2682 Pelignae

914 2693 1068 2734 regionis;
1083 2691 1116 2722 in
1131 2701 1205 2732 agro
1220 2690 1424 2721 Sulmonensi.

1045 2742 1070 2772 C
1088 2752 1104 2770 c
1119 2742 1139 2770 2
