1760 3172
371 178 682 221 TRISTIUM
714 178 834 219 LIB.
868 178 905 219 Ι.
940 179 1119 221 ELEG.
1154 180 1247 221 IX.
1424 182 1508 223 173

119 295 291 342 Donec
317 294 412 341 eris
437 293 573 349 felix,
596 293 778 340 multos
805 294 1089 340 numerabis
1116 294 1328 350 amicos;
1477 300 1505 343 5

183 371 431 435 Tempora
454 371 494 418 si
520 371 704 418 fuerint
726 371 911 426 nubila,
939 371 1074 418 solus
1101 370 1214 418 eris.

115 448 368 512 Adspicis,
395 455 452 494 ut
474 448 676 495 veniant
699 448 762 494 ad
787 447 1002 494 candida
1026 454 1160 495 tecta
1184 448 1428 495 columbae
1448 467 1458 505 ;

181 525 414 589 Accipiat
432 525 593 572 nullas
618 525 820 571 sordida
843 525 990 571 turris
1018 540 1150 572 aves.

116 601 310 650 Horrea
331 602 549 650 formicae
575 603 790 649 tendunt
813 602 875 649 ad
901 601 1066 650 inania
1090 617 1369 664 nunquam3

184 680 366 727 Nullus
392 679 455 727 ad
480 680 689 726 amissas
715 680 806 726 ibit
831 680 1019 727 amicus
1045 694 1184 742 opes.
1450 683 1508 727 lO

119 756 292 820 thue
317 773 484 805 comes
510 757 673 805 radios
699 773 788 820 per
815 757 945 804 Solis
971 756 1206 804 euntibus
1232 757 1423 813 umbra,

185 833 353 888 Quum
377 835 499 882 latet
523 835 602 882 hic
622 851 825 899 pressus
852 834 1087 889 nubibUS‚
1110 834 1195 880 illa
1218 833 1372 896 fugit3

118 910 309 958 Mobile
335 911 406 958 sic
433 912 661 975 sequitur
686 911 895 958 fortunae
920 911 1110 957 lumina
1132 911 1337 972 vulgus3

185 987 310 1042 Quae
335 989 482 1035 simul
507 988 711 1035 inducta
735 989 868 1035 nube
894 994 1145 1050 teguntur,
1175 988 1294 1034 abit.

119 1063 243 1112 Haec
269 1081 443 1129 precor
467 1072 522 1112 ut
546 1081 742 1129 semper
766 1065 960 1129 possint
985 1064 1076 1110 tibi
1098 1064 1223 1111 falsa
1239 1064 1416 1112 videri:
1452 1069 1508 1112 15

187 1141 316 1189 Sunt
333 1149 502 1189 tamen
527 1149 708 1189 eventu
731 1159 847 1190 vera
871 1142 1073 1189 fatenda
1096 1158 1225 1189 meo.

119 1218 253 1266 Dum
269 1219 516 1275 stetimus,
533 1220 691 1266 turbae
713 1226 958 1282 quantum
981 1219 1101 1266 satis
1124 1225 1274 1274 esset,
1293 1218 1511 1267 habebat

184 1295 320 1343 Nota
344 1296 563 1359 quidem,
592 1296 681 1343 sed
706 1312 805 1343 non
831 1295 1110 1351 ambitiosa,
1138 1296 1333 1342 domus.

53 1378 58 1381 '
118 1371 186 1419 At
211 1372 358 1419 simul
382 1372 597 1436 impulsa
615 1380 709 1428 est,
738 1389 910 1420 omnes
938 1373 1148 1419 timuere
1174 1373 1384 1428 ruinam,

186 1449 451 1512 Cautaque
476 1450 729 1496 communi
755 1458 897 1512 terga
921 1450 1107 1497 dedere
1132 1449 1281 1511 fugae.

1445 1453 1510 1496 20

121 1525 265 1573 Saeva
289 1543 381 1574 nec
407 1527 622 1574 admiror
646 1535 875 1575 metuunt
901 1528 941 1574 si
967 1527 1190 1582 fulmina,
1219 1542 1431 1589 quorum

185 1601 391 1665 Ignibus
417 1604 589 1652 adflari
614 1604 844 1668 proxima
870 1619 1086 1667 quaeque
1112 1603 1299 1650 vident.

117 1678 219 1727 Sed
242 1686 410 1728 tamen
435 1681 485 1728 in
509 1681 645 1728 duris
667 1689 1010 1729 remanentem
1036 1681 1183 1728 rebus
1208 1680 1441 1735 amicum,

181 1756 471 1812 Quamlibet
495 1758 668 1816 inviso,
698 1759 884 1815 Caesar,
912 1760 961 1805 in
987 1759 1148 1813 hoste,
1175 1758 1380 1821 probat3

160 1992 193 2022 8.
218 1990 324 2023 Simile
340 1991 398 2023 hoc
413 1992 604 2030 claudicare,
619 1994 670 2025 vel
685 1995 779 2026 lectio

116 2040 313 2072 sollicitanda
324 2041 400 2072 mihi
414 2041 549 2074 videtur.
593 2044 632 2074 In
645 2043 781 2075 turribus

118 2089 200 2120 enim
216 2090 353 2131 antiquis
368 2096 399 2121 et
411 2091 543 2123 ruinosis
558 2092 666 2124 nidere
681 2092 781 2123 solent

118 2147 203 2169 aves.
261 2139 443 2181 Suspicatus
471 2150 568 2177 eram,
599 2153 688 2181 apes5
726 2148 781 2172 aut

117 2188 217 2218 nullos
230 2190 350 2219 sordida
364 2190 438 2220 cella
454 2190 504 2220 vel
520 2191 695 2232 cerafavos.
737 2191 781 2223 At

117 2236 200 2267 enim
214 2235 349 2267 necdum
364 2237 441 2268 mihi
457 2238 630 2270 satisfacio:
653 2240 782 2271 videant

118 2283 212 2326 igitur
224 2296 273 2317 me
289 2286 450 2318 acutiores.
475 2288 623 2320 HARLES.
658 2290 708 2320 De
723 2290 780 2320 hu-

113 2333 251 2375 jusmodi
283 2336 466 2367 commentis
495 2337 568 2368 vide
594 2338 780 2369 candidissi-

117 2392 204 2413 mum
218 2382 318 2420 illum,
333 2385 557 2417 recentioribus
570 2387 668 2417 rarius
679 2386 782 2418 imita-

119 2435 196 2467 tum,
220 2431 420 2463 Aristotelem
445 2433 478 2464 in
506 2434 598 2466 Libro
622 2435 661 2467 de
693 2436 782 2467 Poet.

119 2479 160 2510 ad
173 2480 280 2510 finem.

165 2529 214 2559 10.
239 2529 356 2560 Nullus
380 2531 420 2560 ad
445 2533 564 2563 amissas
589 2534 644 2563 ibit
668 2534 781 2563 amicus

118 2577 210 2618 opes.]
253 2576 361 2609 Currit
391 2580 551 2621 exemplar
572 2587 662 2612 vetus
688 2582 781 2613 Bers—

119 2625 237 2658 manni.
260 2627 327 2668 Ego
342 2629 411 2658 visit
425 2629 640 2669 reponendum
655 2640 781 2662 censeo.

120 2674 241 2706 Hnms.

165 2725 216 2754 13.
253 2723 394 2756 Fortuna>
422 2727 565 2767 lamium]
604 2726 723 2758 Auram
752 2733 783 2759 et

848 1995 1032 2026 felicitatem
1050 1994 1193 2024 fortunae.

894 2045 944 2074 14.
963 2044 1083 2084 Noeta]
1113 2044 1199 2074 Bene
1211 2039 1511 2073 reddidit‘Burman-

848 2105 906 2124 nus
930 2101 1013 2124 nocte
1036 2093 1162 2128 Ovidio,
1186 2091 1450 2133 adstipulantibus
1476 2092 1513 2122 li-

848 2143 928 2173 bris:
962 2143 1054 2183 vulgo
1078 2142 1160 2173 enim
1189 2141 1303 2182 legitur
1327 2142 1422 2171 nube.-
1458 2141 1513 2172 sed

848 2193 977 2222 nubibus
1000 2196 1213 2233 praecesserat,
1235 2195 1266 2220 et
1290 2201 1346 2220 noi*
1368 2200 1422 2231 pro
1445 2190 1513 2231 ipso

847 2240 964 2271 infelici
976 2247 1111 2281 tempore
1122 2239 1299 2280 elegantius
1310 2240 1390 2270 sumi
1401 2244 1513 2280 potest,

847 2299 943 2330 quam
960 2290 1059 2324 nubes,
1071 2299 1140 2329 quae
1153 2288 1245 2318 modo
1259 2288 1377 2319 instans
1392 2287 1513 2329 pericu-

848 2339 913 2368 lum
929 2344 1026 2368 notat.
1073 2338 1224 2368 HAuLizs.

895 2388 944 2417 16.
970 2386 1311 2427 Eventuverafatenda
1324 2386 1412 2426 mea]
1439 2386 1512 2416 Ma-

848 2435 903 2465 lim
918 2437 1003 2466 mihi.
1050 2435 1169 2465 HmNs.

892 2485 945 2514 20.
971 2484 1071 2514 Cauta
1087 2483 1200 2525 tergm]
1228 2482 1292 2525 Ipsi
1307 2484 1392 2513 cauti
1408 2489 1439 2514 et
1453 2483 1512 2515 sibi

849 2533 1068 2564 consulentes:
1102 2533 1151 2562 vel
1178 2537 1261 2563 certe
1290 2537 1383 2562 cauta
1406 2533 1510 2568 turba,

849 2581 907 2613 hoc
936 2588 993 2617 est,
1016 2582 1108 2612 turba
1132 2581 1193 2612 sibi
1219 2590 1345 2617 cavens,
1372 2591 1411 2611 ne
1437 2582 1513 2622 quid

849 2630 1011 2672 Augustus
1038 2630 1070 2660 in
1097 2640 1150 2660 eos
1172 2639 1243 2661 mea
1270 2639 1365 2660 causa
1388 2629 1514 2671 gravius

850 2679 1019 2710 moliretur.
1063 2679 1111 2709 M.
1465 2678 1470 2681 ’
