1760 3172
190 191 267 233 [68

571 189 622 230 P.
656 186 869 231 OVIDII
905 183 1188 228 NASONIS

184 305 308 352 Haec
332 304 422 352 tibi
447 302 750 357 dissimulas,
777 301 932 349 sentis
957 308 1142 355 tamen,
1168 299 1373 363 optime,
1399 297 1513 353 dici,
1542 301 1572 346 5

253 382 311 428 In
337 381 493 443 digito
519 379 605 442 qui
631 394 710 426 me
736 377 938 440 fersque
963 375 1219 438 refersque
1243 382 1357 431 tu03

186 457 516 520 Effigiemque
541 470 702 503 meam
729 454 861 500 fulvo
887 453 1181 516 complexus
1207 451 1257 498 in
1282 466 1416 506 auro,

252 535 383 581 Cara
407 533 629 595 relegati,
657 547 758 595 qua
783 539 945 594 potes,
974 545 1059 576 ora
1081 529 1248 585 vides;

183 611 308 666 Quae
335 611 530 675 quoties
556 617 773 673 spectaS‚
801 608 979 655 subeat
1003 607 1094 653 tibi
1119 606 1284 653 dicere
1309 604 1490 660 forsan,

252 688 415 743 Quam
439 688 611 751 procul
637 703 665 734 a
690 686 832 733 nobis
861 684 998 732 Naso
1025 683 1208 730 sodalis
1235 682 1404 730 abest!
1514 683 1573 727 lO

185 766 343 813 Grata
366 773 453 812 tua
477 772 554 812 est
577 765 738 828 pietas
761 781 770 811 ε
812 763 901 809 sed
927 761 1149 809 carmina
1172 762 1330 823 major
1354 760 1518 821 imago

254 842 382 889 Sunt
407 857 546 898 mea3
588 857 699 904 quae
726 841 907 887 mando
933 839 1321 903 qualiacumque
1347 837 1514 899 legas3

186 918 422 966 Carmina
446 924 661 965 mutatas
687 918 943 964 hominum
964 915 1183 963 dicentia
1207 914 1406 968 formas,

251 995 433 1042 Infelix
458 995 645 1042 domini
670 995 808 1058 quod
832 995 951 1057 fuga
974 993 1108 1057 rupit
1131 1008 1257 1056 opus
1277 1009 1286 1039 :

184 1072 308 1119 Haec
334 1088 427 1135 ego
446 1072 727 1127 discedens,
752 1072 883 1119 sicut
907 1072 1035 1119 bene
1061 1070 1219 1116 multa
1242 1082 1483 1121 meorum,
1516 1068 1574 1112 15

252 1149 370 1213 Ipse
395 1165 506 1196 mea
530 1149 674 1212 posui
699 1156 907 1196 moestus
933 1148 982 1195 in
1007 1149 1121 1210 igne
1146 1162 1325 1202 manu3

186 1226 357 1289 thue
383 1241 631 1273 cremasse
658 1242 805 1272 suum
829 1225 984 1273 fertur
1009 1225 1101 1271 sub
1128 1223 1299 1286 stipite
1325 1228 1496 1268 natum

248 1302 496 1358 Thestias,
525 1310 575 1350 et
600 1302 772 1349 melior
797 1309 953 1348 matre
978 1300 1131 1347 fuisse
1154 1314 1318 1354 soror;

222 1454 253 1482 5.
279 1451 471 1491 Dissimula]
498 1452 596 1493 Finge
615 1451 682 1482 haec
703 1461 764 1482 non
778 1451 841 1482 dici

179 1501 248 1537 tibi,
265 1511 304 1531 ne
326 1500 505 1542 Augustum
522 1500 632 1531 laedas.
678 1500 777 1537 Sentis
792 1507 840 1531 ta-

179 1561 256 1585 men,
273 1552 389 1589 optime.
423 1549 579 1591 Intelligis
593 1554 710 1585 tamen,
725 1549 841 1591 optime

180 1598 293 1635 amice,
309 1609 357 1630 me
374 1598 430 1629 tibi
447 1599 514 1629 haec
531 1599 646 1629 dicere.

223 1647 309 1677 Edit.
323 1653 385 1678 vet.
400 1647 511 1678 habet:
531 1647 603 1677 Haec
620 1648 673 1677 tibi
688 1648 842 1678 dissimula

181 1697 288 1733 (sentis
306 1703 401 1726 tamen
426 1696 549 1736 optime)
571 1698 644 1726 dici.
691 1697 779 1727 Bene
794 1703 841 1727 ta-

179 1756 262 1781 men,
279 1752 314 1776 ut
329 1745 360 1775 in
375 1751 473 1781 textu,
490 1745 624 1776 restituit
640 1744 797 1781 Heinsius,
812 1751 843 1776 et

183 1794 300 1834 Optime
314 1794 479 1835 respondet
495 1794 542 1834 τῷ
554 1792 703 1835 κράτιστε
715 1794 842 1825 Graeco·

182 1854 262 1874 rum.
308 1843 372 1873 Alii
396 1843 486 1874 aliter
509 1843 628 1884 legunt.
648 1854 678 1874 v.
698 1842 844 1874 Heinsios

180 1899 212 1923 et
227 1894 378 1923 Burman.
394 1899 426 1923 et
437 1892 487 1923 hic
500 1892 610 1923 laudat
625 1892 800 1924 Meursium
810 1891 843 1923 in

181 1942 320 1973 Exercit.
342 1941 440 1972 critic.
461 1948 540 1984 part.
564 1941 597 1972 ii.
619 1942 690 1973 libr.
711 1941 744 1972 ii.
769 1952 797 1973 c.
812 1943 843 1973 9.

182 1992 235 2023 ubi
252 1991 389 2022 illustrat
399 2001 514 2022 morem
529 1991 617 2021 illum
630 1990 773 2032 gestandi
789 1992 843 2022 ab-

180 2039 316 2071 sentium
346 2040 516 2070 amicorum
545 2039 700 2080 imagines
728 2039 760 2071 in
789 2050 844 2071 an-

183 2088 277 2119 nulis.
324 2089 473 2119 Hamas.

228 2137 279 2168 10.
304 2137 385 2168 Naso
400 2139 509 2168 sodalis
523 2137 630 2178 abesa]
657 2138 696 2168 In
712 2138 846 2168 Franco-

181 2186 254 2218 furt.
279 2193 357 2223 erat,
383 2188 469 2224 abes,·
494 2187 667 2228 eleganter,
693 2194 728 2218 ut
752 2187 848 2218 verba

182 2235 250 2266 haec
272 2236 334 2266 sint
355 2235 395 2266 ad
419 2235 519 2278 ipsam
546 2236 726 2277 imaginem,
751 2246 846 2277 quam

182 2285 398 2327 contemplans
408 2285 527 2316 amicus
537 2285 582 2316 ita
593 2285 785 2327 adloquitur,
800 2285 846 2315 Tu

184 2334 276 2371 Naso,
291 2347 378 2375 quum
390 2336 497 2374 procul
511 2337 587 2365 abes.

230 2384 278 2414 ll.
303 2384 359 2414 Sed
380 2385 515 2414 carmina
538 2385 633 2423 mqjor·
650 2384 747 2424 imago
767 2382 845 2413 Sunt

181 2432 273 2473 mem]
305 2431 409 2474 Magis
432 2432 593 2474 ingenium
616 2440 719 2463 meum
745 2431 846 2473 expri-

183 2488 282 2518 munt,
299 2492 395 2523 quam
410 2492 520 2513 aurum
536 2481 614 2512 illud
631 2481 754 2512 faciem.

230 2531 278 2560 14.
303 2529 418 2572 Infelix
437 2531 551 2560 domini
567 2531 643 2571 quod
653 2530 740 2572 fuga
762 2531 846 2569 rupit

183 2579 281 2620 apim]
310 2579 422 2610 Utrum
443 2577 552 2610 infelix
571 2590 660 2621 opus,
675 2589 716 2610 an
735 2577 843 2609 infelix

183 2627 277 2669 fuga?
292 2629 407 2659 rectius
418 2628 477 2660 hoc
491 2628 656 2670 posterius,
674 2635 708 2659 ut
722 2627 762 2659 sit
776 2638 843 2658 ver-

181 2677 292 2707 borum
322 2687 451 2708 sensus:
476 2677 560 2719 quod
584 2688 673 2718 opus,
701 2677 759 2707 hoc
786 2683 845 2711 est,

182 2726 462 2768 Metamorphosin,
479 2726 586 2758 infelix
603 2727 688 2768 fuga,
701 2726 844 2758 exsilium

907 1449 1025 1481 domini
1037 1448 1132 1490 rupit.
1178 1447 1272 1478 Cror.

954 1499 1003 1530 15.
1028 1498 1113 1529 Sicut
1128 1499 1202 1528 bona
1218 1498 1313 1527 multa
1331 1495 1488 1536 mearum]
1507 1494 1572 1525 Diu

908 1554 965 1584 est,
982 1547 1064 1589 quod
1081 1546 1146 1577 vidi
1162 1545 1363 1576 scribendum
1378 1547 1448 1575 bene
1463 1546 1572 1579 multa,

909 1597 992 1639 quod
1015 1597 1105 1638 prim.
1131 1595 1236 1626 Vatic.
1262 1594 1438 1635 Hamburg.
1460 1600 1492 1624 et
1513 1599 1575 1624 tres

909 1646 963 1676 alii
978 1645 1177 1676 confirmant.
1224 1644 1262 1674 In
1278 1643 1450 1674 Catalectis
1465 1655 1471 1671 z

956 1694 1049 1735 Triga
1072 1693 1144 1723 mihi
1164 1703 1275 1732 paucos
1298 1693 1379 1722 inter
1401 1693 1511 1722 dilecta
1531 1702 1574 1722 so-

1038 1742 1131 1778 dales,

1000 1791 1092 1833 Triga
1120 1792 1253 1822 sodalitii
1273 1801 1343 1831 pars
1369 1792 1439 1821 bene
1466 1802 1575 1832 magna

1039 1843 1107 1871 mei.

911 1889 1017 1931 Atque
1040 1890 1085 1921 ita
1105 1889 1220 1932 passim
1239 1895 1381 1921 veteres:
1407 1891 1477 1920 bene
1492 1889 1575 1920 euim

911 1951 966 1981 pro
991 1941 1078 1971 valde
1100 1939 1236 1982 ponitur,
1264 1946 1299 1970 ut
1323 1941 1397 1970 bona
1421 1950 1493 1980 pars
1519 1949 1576 1981 pro

913 2000 1027 2030 magna
1041 1999 1124 2031 pars.
1170 1989 1288 2019 mes.

959 2039 1008 2068 17.
1032 2039 1093 2068 Sub
1112 2038 1242 2078 stipite]
1269 2038 1334 2068 Sub
1349 2043 1440 2073 torre,
1463 2037 1496 2068 in
1514 2048 1576 2080 quo

914 2087 1069 2128 Meleagri
1083 2088 1149 2118 fata
1163 2093 1263 2118 erant.

960 2139 1009 2168 18.
1036 2137 1195 2177 Thestias]
1223 2136 1341 2167 Althea
1362 2135 1481 2167 Thestii
1502 2136 1578 2167 filia.

913 2187 1059 2218 Thestius
1074 2187 1157 2218 enim
1173 2185 1372 2216 Pleuroniam
1387 2185 1506 2215 tenuit:
1523 2184 1578 2226 qui

915 2237 1067 2268 Curetum
1095 2235 1216 2270 ductor,
1244 2244 1331 2265 socer
1359 2233 1487 2275 quidem
1519 2233 1579 2264 suit

915 2286 1018 2321 OEnei,
1035 2285 1158 2316 Altheae
1174 2294 1245 2315 vero
1267 2289 1366 2326 pater.
1413 2283 1454 2313 Et
1477 2283 1580 2313 melior

915 2341 1009 2365 matre
1022 2335 1123 2376 fuisse
1144 2344 1235 2364 soror.
1280 2332 1397 2363 Althea
1419 2331 1578 2363 meliorem

914 2395 960 2419 se,
977 2390 1008 2414 et
1023 2383 1164 2419 fratrum,
1181 2392 1199 2413 a
1215 2381 1379 2422 Meleagro
1397 2380 1578 2412 interemto-

915 2443 997 2468 rum,
1018 2431 1222 2462 amantiorem
1237 2429 1383 2465 o'stendit,
1399 2440 1494 2471 quam
1513 2429 1579 2460 filii.

915 2482 967 2513 Sic
984 2487 1016 2513 et
1032 2481 1063 2511 in
1079 2480 1145 2510 viii.
1162 2480 1246 2511 Met.
1262 2480 1336 2510 464.
1351 2480 1414 2510 475
1429 2491 1436 2508 :

1087 2529 1233 2571 Pugnant
1252 2536 1401 2569 materque
1415 2539 1563 2568 sororque,

958 2578 997 2608 Et
1012 2580 1127 2609 diversa
1144 2579 1270 2608 trahunt
1284 2590 1375 2607 unum
1387 2579 1446 2608 duo
1458 2579 1577 2607 nomina

1039 2634 1153 2667 pectus.

958 2677 1069 2716 Incipit
1094 2688 1151 2708 esse
1177 2683 1276 2707 tamen
1302 2677 1404 2707 melior
1431 2686 1576 2717 germana

1041 2733 1178 2765 parente.
1411 2725 1531 2756 litus.
