1760 3172
388 173 576 215 ARTIS
608 172 964 214 AMATORIAE
996 172 1116 213 LIB.
1151 172 1214 212 H.
1430 174 1487 214 25

103 291 210 337 Illic
235 289 473 354 depositis
499 269 690 336 habitat
717 287 1000 334 Concordia
1025 287 1165 334 telis:

172 367 263 414 Illo
289 366 458 430 (crede
483 366 626 426 mihi)
653 365 828 412 Gratia
851 371 968 411 nata
991 364 1102 411 loco
1128 370 1221 410 est.

107 444 230 499 Quae
277 444 426 490 modo
469 448 768 506 pugnarunt,
806 442 1025 504 jungunt
1072 456 1162 487 sua
1208 447 1366 487 rostra
1407 456 1489 487 co-

305 521 487 567 lumbae
505 538 516 577 3

1399 521 1495 564 465

173 597 395 651 Quarum
419 596 703 653 blanditias,
729 597 990 659 verbaque!
1005 610 1227 641 murmur
1251 595 1419 641 habet.

109 675 279 722 Prima
302 674 394 722 fuit
417 690 579 722 rerum
604 673 811 721 confusa
835 674 942 721 sine
968 673 1139 720 ordine
1163 672 1349 719 moles:

177 751 392 814 Unaque
418 759 558 798 erant
580 750 732 798 facies
759 751 935 806 sidera,
963 757 1109 805 terra,
1136 748 1336 796 fretum.

111 827 236 875 Mox
283 829 463 876 coelum
510 828 796 892 impositum
841 827 1012 874 terris:
1072 827 1252 873 humus
1300 841 1498 889 aequore

311 906 474 953 cincta
497 912 575 952 est
592 922 601 953 :

180 982 340 1046 Inque
364 999 480 1030 suas
505 990 670 1047 partes
696 982 849 1030 cessit
871 982 1017 1028 inane
1044 981 1230 1028 Chaos,

1402 983 1500 1027 470

116 1059 252 1107 Silva
274 1059 418 1116 feras,
444 1060 670 1107 volucres
696 1060 776 1108 a'er
801 1059 998 1124 accepit
1021 1058 1307 1106 habendas:

181 1136 241 1184 In
265 1136 456 1201 liquida
481 1137 646 1200 pisces
672 1136 937 1184 delituistis
964 1136 1114 1198 aqua.
1164 1156 1171 1161 ·

117 1213 245 1260 Tum
270 1230 427 1276 genus
453 1215 724 1262 humanum
745 1215 861 1262 solis
883 1214 1080 1261 errabat
1098 1213 1147 1259 in
1167 1211 1321 1275 agris:

184 1290 347 1354 quue
371 1308 518 1339 merae
544 1292 688 1348 vires,
716 1299 766 1340 et
790 1293 912 1339 rude
937 1298 1114 1355 pectus
1140 1297 1261 1337 erat.

121 1368 256 1415 Silva
278 1369 454 1416 domus
479 1369 654 1426 fuerat,
682 1370 823 1417 cibus
848 1370 1017 1425 herba,
1046 1368 1231 1416 cubilia
1254 1367 1453 1414 frondes
1477 1383 1487 1414 :

184 1444 399 1509 Jamque
423 1446 509 1493 diu
534 1447 654 1494 nulli
679 1448 907 1510 cognitus
934 1448 1057 1494 alter
1081 1452 1203 1493 erat.

1407 1446 1505 1491 476

123 1521 319 1569 Blanda
340 1529 505 1571 truces
531 1524 721 1572 animos
745 1524 898 1571 fertur
922 1523 1141 1571 mollisse
1164 1522 1421 1585 voluptas:

190 1599 531 1648 Constiterant
554 1617 652 1650 uno
676 1602 860 1650 femina
882 1602 1057 1664 virque
1081 1601 1207 1648 loco.

169 1780 244 1811 463.
270 1781 445 1822 Depositis]
472 1782 642 1823 Compositis
655 1784 783 1821 Moreti‚

126 1828 306 1870 eleganter:
341 1830 374 1861 in
401 1831 549 1872 pharetra
573 1833 706 1869 scilicet,
736 1833 785 1864 vel

128 1876 190 1929 alio
218 1878 409 1920 repositori0‚
437 1891 498 1922 quo
527 1887 665 1924 tempore
699 1882 787 1924 pacis

127 1932 302 1965 quiescunt.
331 1940 500 1970 componere
525 1930 608 1961 enim
631 1942 699 1962 esse
723 1941 787 1961 rem

128 1984 182 2025 suo
206 1973 273 2006 loco
297 1983 369 2019 apte
389 1989 515 2021 ponere,
539 1980 702 2011 docuimus
720 1991 788 2022 sup.

128 2031 149 2052 ι.
164 2023 234 2054 155.
278 2026 396 2058 Euam.

180 2073 255 2104 466.
291 2076 430 2110 Quarum
458 2078 649 2118 blanditias]
692 2078 788 2108 Blan-

130 2122 211 2151 ‹litiae
227 2122 358 2165 Regius.
370 2129 513 2168 verbaque
525 2129 629 2158 vultus
643 2126 790 2158 Sarravii.

132 2170 238 2202 hubent
264 2183 388 2216 quoque
411 2187 464 2207 sex
488 2176 606 2219 scripti.
635 2176 792 2207 obscurior

133 2230 261 2261 sensus;
283 2224 338 2254 sed
361 2231 436 2267 puto
456 2227 617 2268 vulgatam
636 2225 681 2256 ita
704 2226 790 2268 capi-

135 2268 266 2301 endam:
291 2282 422 2313 quarum
440 2286 578 2306 murmur
592 2275 687 2306 habet
701 2274 791 2306 blan·

65 2327 69 2330 ·
135 2316 228 2349 ditias
246 2325 277 2351 et
291 2323 397 2360 verba,
412 2323 445 2354 id
463 2330 510 2355 est
532 2325 600 2355 loco
623 2324 793 2355 blanditia-

135 2376 203 2418 rum
221 2374 252 2399 et
273 2372 436 2404 verborum
456 2379 539 2410 sunt,
558 2385 628 2415 quae
653 2379 794 2404 amantes

136 2420 216 2471 mter
243 2420 421 2462 complexus
449 2423 541 2454 edere
573 2423 686 2454 solent.
717 2424 794 2454 forte

137 2471 201 2505 aglt
223 2475 338 2507 tamen,
359 2472 443 2512 quod
466 2483 549 2514 saepe
565 2472 631 2514 jam
652 2482 724 2503 cum
743 2473 795 2502 ha-

138 2513 202 2544 bere
218 2517 366 2549 confundi
380 2520 525 2552 vidimus.
570 2522 686 2551 Bumu.

183 2564 256 2597 471.
280 2568 362 2599 Silva
377 2569 496 2611 feras]
536 2569 598 2601 Hic
630 2580 734 2601 versus
763 2568 795 2599 in

127 2610 264 2645 ‚Aldinis
279 2615 323 2647 ita
339 2618 454 2660 legitur
470 2631 475 2637 ·

183 2662 268 2695 Silva
278 2666 368 2706 feras
387 2670 475 2708 cepit,
490 2668 623 2699 volucres
642 2668 795 2709 agitabilis

224 2726 289 2745 aer.

852 1783 917 1820 Qui
940 1793 1047 1814 versus
1069 1780 1146 1812 mihi
1165 1778 1265 1822 magis
1286 1779 1444 1820 probatur,
1468 1785 1514 1810 ta-

853 1832 944 1863 metsi
964 1830 1121 1862 sententia
1138 1829 1304 1870 utrobique
1325 1828 1435 1859 eadem
1452 1834 1513 1859 est.

853 1880 1263 1922 M1ch.—-Interpolarunt
1290 1878 1373 1909 hunc
1396 1878 1514 1914 locum,

855 1943 894 1962 ex
926 1930 1005 1961 libro
1038 1931 1174 1960 Metam.
1209 1927 1320 1970 primo,
1356 1927 1410 1968 qui
1447 1936 1517 1968 pos-

856 1980 999 2011 teriorem
1026 1978 1058 2009 in
1084 1980 1137 2008 a'e'r
1161 1977 1316 2019 syllabam
1342 1986 1403 2006 non
1427 1986 1516 2018 posse

857 2028 987 2071 produci
1017 2026 1244 2058 existimarunt.
1300 2024 1384 2054 Nam
1413 2022 1519 2064 scripti

857 2083 988 2112 veteres,
1009 2086 1081 2106 cum
1101 2074 1208 2117 primis
1227 2072 1428 2109 editionibus,
1442 2083 1517 2103 con-

858 2131 976 2157 stanter
991 2130 1022 2156 et
1036 2129 1121 2154 recte
1134 2134 1141 2153 :

902 2175 985 2204 Silva
996 2174 1098 2215 feras,
1114 2173 1248 2203 volucres
1268 2182 1321 2201 aer
1336 2172 1449 2209 accepit
1467 2171 1519 2200 ha-

945 2224 1064 2253 bendas,
1347 2219 1466 2249 Hnms.

903 2273 978 2303 474.
1005 2272 1118 2311 Hisque
1140 2280 1225 2300 merae
1247 2269 1354 2309 vires]
1388 2267 1521 2299 Rectius

860 2328 935 2363 puto
956 2327 1071 2361 pectus,
1097 2329 1192 2361 quam
1215 2329 1331 2358 corpus,
1355 2317 1438 2359 quod
1459 2328 1521 2348 non

861 2377 925 2401 tam
947 2371 1106 2412 eleganter
1125 2369 1201 2398 rude
1221 2367 1346 2398 dicitur.
1362 2367 1406 2397 ita
1420 2367 1522 2408 Epist.

860 2420 974 2450 iv.23.
1018 2420 1138 2449 Bunm.

908 2469 984 2498 477.
1017 2468 1139 2498 Blanda.
1169 2473 1266 2496 truces
1291 2467 1413 2501 animos,
1440 2464 1520 2505 &c.]

865 2517 1037 2547 Hesiodum
1062 2515 1213 2557 sequitur,
1239 2518 1271 2544 et
1293 2514 1414 2555 poetice
1437 2523 1520 2543 exor—

865 2572 930 2602 nat,
945 2565 1010 2607 qui,
1027 2575 1137 2607 quum,
1153 2564 1314 2604 Theogon.
1333 2563 1405 2593 120.
1427 2562 1523 2592 Amo-

865 2626 940 2652 rem,
953 2616 990 2652 ὃς
1010 2614 1186 2650 κάλλιστος
1204 2612 1239 2644 έν
1259 2611 1453 2643 ἀθανάτοισι
1472 2612 1523 2643 θε-

863 2666 940 2701 οῖσι,
967 2677 1013 2705 τῳ
1038 2664 1125 2694 Chao
1145 2668 1339 2693 coaetaneum
1365 2661 1464 2697 dicat,
1488 2672 1525 2692 eo

864 2713 930 2756 ipso
946 2713 1035 2754 fingit
1050 2713 1142 2744 rebus
1159 2711 1340 2743 ordinandis
1355 2711 1525 2753 praefuisse.
