1760 3172
205 177 264 218 82
588 175 639 217 Ρ.
673 174 888 218 OVIDII
922 173 1206 216 NASONIS

210 290 710 356 Nomine‘suspectas
730 292 833 355 jam
860 290 1060 354 spiritus
1087 289 1191 337 exit
1216 290 1264 336 in
1291 305 1463 337 auras:

279 368 442 416 Labor
466 368 538 415 io!
577 370 694 416 cara
720 368 908 414 lumina
931 366 1091 414 conde
1117 382 1284 413 manu.

210 445 302 494 Ille
328 446 439 493 sinu
463 447 676 494 dominae
702 445 962 493 morientia
985 459 1194 508 corpora
1218 452 1396 491 moesto

280 523 537 581 Sustinet3
579 532 629 572 et
653 523 868 571 lacrimis
893 523 1098 569 vulnera
1121 537 1254 568 saeva
1277 522 1424 568 lavat.

212 598 350 656 Exit,
377 607 442 657 et,
472 601 670 648 incauto
696 599 954 664 paullatim
979 607 1182 663 pectore
1207 599 1395 662 lapsus,

1508 601 1604 645 745

280 678 545 742 Excipitur
570 679 735 727 miseri
763 678 964 742 spiritus
991 693 1074 724 ore
1099 676 1205 723 viri.

216 754 318 803 Sed
338 763 622 820 repetamus
643 757 750 804 iter.
774 756 920 803 nudis
940 755 1060 802 mihi
1078 755 1227 802 rebus
1244 754 1493 817 agendum
1514 761 1606 807 est,

283 832 355 880 Ut
380 840 551 896 tangat
575 841 746 897 portus
772 832 905 880 fessa
929 832 1098 879 carina
1121 847 1257 878 suos.

219 909 426 958 Scilicet
449 918 733 974 exspecteS,
761 910 882 957 dum
907 916 956 957 te
982 909 1032 955 in
1057 908 1282 956 convivia
1305 908 1503 964 ducam,

284 986 351 1034 Et
369 1004 562 1051 quaeras
582 989 798 1036 monitus
818 988 911 1035 hac
932 1002 1135 1050 quoque
1150 993 1289 1050 parte
1311 986 1478 1033 meos?
1516 988 1614 1033 750

223 1063 346 1112 Sera
369 1066 508 1123 veni;
550 1066 819 1130 positaque
844 1066 1029 1113 decens
1056 1064 1232 1111 incede
1257 1064 1479 1112 lucerna.

287 1141 444 1190 Grata
469 1160 606 1190 mora
630 1151 707 1191 est
725 1143 936 1191 Veneri:
976 1143 1197 1190 maxima
1219 1143 1334 1190 lena
1357 1157 1496 1190 mora
1519 1148 1612 1189 est.

221 1217 329 1266 Etsi
357 1221 516 1285 turpis
542 1222 655 1278 eris,
684 1221 901 1269 formosa
923 1220 1158 1268 videbere
1182 1220 1344 1284 potis:

290 1296 356 1344 Et
380 1298 596 1346 latebras
622 1298 753 1346 vitiis
779 1315 878 1345 nox
903 1298 1057 1344 dabat
1081 1297 1192 1361 ipsa
1213 1297 1331 1344 tuis.

223 1374 388 1438 Carpe
413 1376 552 1423 cibos
579 1376 776 1439 digitis;
817 1383 895 1423 est
919 1375 1160 1438 quiddam
1185 1381 1357 1438 gestus
1383 1374 1560 1422 edendi
1583 1390 1592 1421 :

288 1452 392 1499 Ora
416 1468 507 1500 nec
534 1453 791 1500 immunda
815 1460 921 1500 tota
945 1468 1203 1516 perungue
1228 1469 1396 1500 manu,

1522 1454 1618 1499 756

225 1528 366 1577 Neve
391 1530 525 1577 domi
551 1547 800 1594 praesume
824 1532 1009 1595 dapes:
1050 1537 1100 1577 et
1123 1531 1313 1586 desine,
1340 1530 1465 1578 citra

291 1606 456 1661 Quam
481 1609 651 1672 capies
677 1610 862 1673 pauUO,
891 1623 1043 1671 quam
1069 1614 1212 1672 potes
1239 1624 1367 1665 esse,
1394 1608 1575 1655 minus.

269 1740 342 1772 745.
367 1741 666 1783 Di.1-it,etincauto.]
692 1742 890 1784 Scripticum

224 1789 331 1832 primis
359 1790 547 1821 editionibus
571 1791 644 1822 huic
672 1791 806 1822 disticho
843 1802 890 1822 se-

225 1850 325 1880 quens
340 1846 534 1882 praeponunt,
552 1840 610 1871 Ille
624 1843 693 1872 sinu
708 1843 845 1872 dominae.
861 1845 893 1871 et

226 1894 321 1920 recte.
335 1889 427 1919 modo
447 1900 502 1931 pro
520 1890 619 1927 Dim,
631 1890 783 1922 rescribas
808 1890 891 1921 Em.

230 1943 265 1968 ut
292 1937 331 1970 sit
359 1939 503 1980 repetitio
530 1940 694 1970 verborum
724 1939 892 1971 Procridis.

229 1987 311 2018 Nam
324 1988 362 2019 τὸ
377 1989 452 2018 cliiii
469 1987 518 2018 hic
534 1987 639 2019 locum
653 2000 715 2019 non
729 1989 834 2025 habet,
847 1995 893 2019 et-

227 2036 253 2067 si
278 2036 310 2067 in
331 2036 479 2068 omnibus
504 2037 641 2079 antiquis
663 2038 750 2069 libris
769 2037 894 2079 legitur.

229 2085 313 2127 quod
337 2096 409 2117 cum
430 2086 572 2118 viderent
593 2093 792 2124 correctores,
814 2087 895 2118 ordi-

230 2145 302 2165 nem
334 2145 480 2166 versuum
515 2134 719 2168 inverterunt.
777 2136 896 2168 mes.

229 2185 307 2216 sorte
319 2184 498 2226 legendum,
514 2188 599 2222 viiic,
615 2193 649 2217 ut
664 2197 748 2228 saepe
760 2186 894 2228 loquun-

228 2239 278 2264 tur
294 2239 425 2265 veteres.

277 2284 350 2314 747.
371 2284 429 2314 Sed
452 2291 619 2324 repetamus
638 2286 706 2315 iter.
731 2287 820 2316 nudis
842 2288 899 2316 mi-

234 2333 264 2363 hi
277 2334 362 2364 rebus
376 2335 527 2375 agendum
542 2334 610 2375 esu]
629 2334 742 2376 Scripti
757 2334 900 2376 plerique

236 2392 307 2413 cum
323 2381 423 2424 prima
437 2382 574 2414 editione
586 2395 592 2413 ε

280 2432 338 2463 Sed
352 2439 518 2472 ¹repetamus
529 2444 610 2472 opus.
628 2434 701 2463 mihi
714 2434 802 2464 nudis
818 2435 902 2465 rebus

366 2484 498 2513 eundum
514 2488 566 2512 est.

235 2529 372 2561 Frustra.
393 2530 534 2562 Rutilius
548 2530 726 2562 Itinerario:

284 2580 325 2609 Ca
331 2581 576 2621 rmineproposito
577 2583 647 2620 jam
656 2587 823 2621 repetamus
836 2583 902 2612 iter.

737 2630 858 2662 Hiems.

282 2678 354 2709 752.
389 2677 487 2708 Grata
514 2691 596 2709 mora
622 2679 747 2720 venies]
779 2680 903 2711 Veniens

237 2726 357 2768 Regius
381 2733 409 2757 et
435 2734 567 2769 quatuor
595 2726 659 2760 alii.
683 2740 773 2765 unus,
802 2730 900 2761 Grata

958 1753 1040 1772 mora
1056 1748 1097 1772 est
1116 1742 1244 1773 Veneris.
1260 1753 1340 1773 unus
1355 1742 1531 1774 Vaticanus
1551 1753 1623 1774 cum

957 1790 1057 1833 prima
1073 1790 1222 1827 editione,
1242 1792 1342 1822 Grata
1357 1793 1440 1822 mord
1460 1792 1558 1823 Venus
1573 1801 1626 1824 est.

958 1851 1020 1871 non
1036 1841 1130 1871 male.
1175 1841 1238 1872 Sed
1259 1841 1374 1873 rectius
1396 1841 1625 1884 Neapolitanus

959 1901 1030 1921 cum
1043 1890 1301 1927 Cavalcantiano,
1311 1891 1411 1922 Grata
1423 1903 1503 1922 mora
1513 1898 1556 1923 est
1571 1891 1624 1922 Ve-

960 1941 1038 1971 neri.
1052 1940 1171 1971 Herus.
1194 1941 1262 1981 Ego
1276 1940 1404 1971 mallem
1417 1940 1627 1983 distinguere:

1006 1990 1107 2020 Grata
1121 2001 1201 2020 mora
1214 1997 1266 2021 est.
1299 1990 1407 2022 Veneri
1418 1993 1546 2022 maxima
1560 1992 1629 2022 lena

1050 2050 1129 2069 mora
1147 2046 1198 2070 est.

963 2088 1015 2119 Ad
1036 2088 1269 2122 conciliandam
1289 2089 1446 2120 Venerem
1466 2099 1553 2120 mora
1573 2100 1628 2132 ap-

964 2138 1085 2169 tissima
1099 2138 1182 2170 lena.

1010 2188 1084 2219 755.
1101 2187 1154 2218 Est
1165 2189 1288 2228 quidum
1296 2194 1398 2230 gestus
1410 2187 1546 2228 edendi]
1564 2188 1630 2219 Diu

967 2243 1013 2268 est
1028 2236 1112 2279 quod
1129 2236 1192 2267 vidi
1210 2238 1351 2277 quiddam
1374 2237 1482 2279 reponi
1502 2237 1630 2269 debere.

968 2286 1007 2316 ad
1023 2286 1106 2317 hunc
1122 2285 1236 2316 edendi
1251 2291 1372 2326 gestum
1386 2285 1492 2317 referri
1507 2292 1634 2328 possent

966 2336 1022 2367 illa
1043 2336 1182 2372 Senecae,
1199 2334 1341 2376 Epistola
1356 2346 1385 2366 v.
1404 2335 1485 2372 Erit,
1496 2337 1547 2376 qui
1559 2347 1632 2378 gra-

967 2387 1024 2416 dus
1040 2390 1189 2425 temperet,
1206 2391 1232 2415 et
1250 2386 1356 2415 buccas
1367 2386 1480 2415 edentis
1495 2386 1634 2416 observet.

969 2435 1026 2466 nisi
1051 2434 1155 2476 potius
1179 2434 1222 2465 ibi
1247 2433 1400 2465 exciderit
1428 2445 1487 2464 vox
1515 2433 1634 2475 aliqua,

968 2484 1044 2526 quia
1070 2484 1136 2525 agit
1158 2483 1197 2514 de
1220 2494 1361 2515 sermone
1382 2489 1414 2514 et
1434 2483 1582 2519 clamore,
1603 2489 1635 2514 et

968 2533 1138 2575 legendum
1156 2532 1206 2569 sit,
1223 2534 1328 2563 buccas
1348 2544 1441 2563 vocem
1458 2534 1572 2564 edentis
1586 2534 1634 2563 ‹vb-

970 2589 1075 2613 servet.
1121 2582 1238 2612 Burm-

1015 2632 1088 2663 757.
1116 2631 1195 2662 Neve
1231 2632 1309 2661 domi
1344 2642 1487 2670 praesume
1518 2631 1634 2672 dapes]

971 2679 1158 2716 Gronovius,
1173 2679 1206 2710 in
1222 2680 1302 2710 notis
1317 2679 1357 2710 ad
1375 2679 1454 2710 Livii
1470 2679 1524 2711 lib.
1542 2691 1635 2711 xxxv.

970 2741 1039 2771 cap.
1058 2731 1105 2759 ll.
1123 2729 1228 2771 primae
1245 2729 1408 2760 editionis:
