1760 3172
216 203 272 245 (38
612 199 661 240 Ρ.
696 197 910 240 OVIDII
946 195 1226 239 NASONIS

229 318 449 381 inspice:
490 315 725 378 quodque
752 315 903 376 leges,
932 328 994 360 ex
1022 313 1143 376 ipsis
1169 311 1347 374 collige
1374 313 1554 367 verbis,

296 395 489 456 Fingat‚
514 409 575 439 an
603 408 666 439 ex
693 392 873 446 animo,
902 390 1246 452 sollicitusque
1273 397 1429 452 roget.

230 472 457 535 Postque
496 471 696 517 brevem
734 468 951 515 rescribe
996 482 1199 514 moram.
1251 481 1389 513 mora
1426 482 1623 530 semper

430 554 655 595 amantes

301 625 498 679 Incitat,
527 624 764 686 exiguum
791 623 831 668 si
858 622 1005 669 modo
1031 628 1230 684 tempus
1255 620 1422 667 habet.

236 703 337 750 Sed
358 717 521 765 neque
548 707 596 748 te
617 699 816 746 facilem
836 698 1006 761 juveni
1030 697 1266 761 promitte
1286 696 1506 759 roganti:
1529 699 1627 744 475

303 778 411 827 Nec
437 786 604 825 tamen
630 777 801 831 edum,
829 776 964 838 quod
991 775 1133 839 petit,
1160 790 1243 822 ore
1269 790 1413 837 nega.

239 857 336 903 Fac
369 857 543 903 timeat
585 860 856 917 speretque
900 852 1070 899 simul:
1125 852 1425 915 quotiesque
1463 850 1628 898 remit-

437 940 530 987 tes,

309 1009 542 1073 Spesque
567 1008 726 1070 magis
751 1007 918 1054 veniat
943 1014 1094 1061 certa,
1123 1007 1383 1069 minorque
1409 1013 1589 1052 metus,

242 1086 452 1141 Munda,
481 1086 570 1132 sed
595 1100 622 1131 e
647 1084 829 1140 medio,
857 1095 1200 1146 consuetaque
1226 1085 1392 1138 verba,
1422 1083 1616 1146 puellae,

309 1164 541 1211 Scribite.
581 1162 821 1209 sermonis
848 1162 1050 1225 publica
1074 1160 1231 1208 forma
1254 1161 1436 1224 placet.

1537 1163 1636 1206 480

242 1241 323 1287 Ah
349 1240 546 1303 quoties
572 1239 753 1286 dubius
780 1238 977 1302 scriptis
1003 1238 1189 1285 exarsit
1213 1246 1431 1293 amator;

312 1318 378 1364 Et
402 1317 572 1364 nocuit
596 1316 764 1363 formae
791 1317 1002 1363 barbara
1025 1316 1195 1378 lingua
1218 1316 1384 1362 bonae!

248 1395 349 1442 Sed
376 1394 627 1457 quoniam,
656 1394 884 1456 quamvis
908 1395 1043 1441 vittae
1070 1394 1280 1441 careatis
1306 1394 1506 1449 honore,

315 1472 407 1519 Est
431 1472 570 1519 vobis
596 1479 787 1519 vestros
813 1472 983 1519 fallere
1009 1487 1127 1519 cura
1151 1464 1302 1527 viros;

250 1550 457 1597 Ancillae
482 1551 684 1613 puerive
711 1566 887 1597 manus
913 1549 1037 1597 ferat
1062 1557 1178 1613 apta
1202 1549 1436 1596 tabellas:

1543 1552 1640 1596 485

317 1627 536 1690 Pignora
561 1643 652 1674 nec
673 1629 843 1691 juveni
869 1628 1057 1675 credite
1082 1634 1246 1675 vestra
1272 1643 1413 1673 novo.

250 1705 363 1751 Vidi
391 1721 499 1767 ego,
528 1705 773 1768 pallentes
799 1705 893 1752 isto
919 1713 1104 1752 terrore
1130 1704 1339 1767 puellas,

318 1782 583 1829 Servitium
609 1783 816 1830 miseras
842 1791 1041 1846 tempus
1068 1782 1118 1828 in
1142 1797 1288 1829 omne
1314 1781 1433 1845 pati.

295 1958 368 1988 479.
396 1957 526 1994 Munda,
542 1960 590 1988 sed
606 1970 620 1989 e
635 1958 757 1999 medim]
794 1958 915 1989 Blanda

255 2017 334 2038 unus
364 2007 547 2038 Vaticanus.
572 2008 726 2050 quomodo
751 2020 843 2050 supra
862 2008 916 2039 lib.

254 2056 274 2086 i.
292 2056 366 2087 467.

299 2106 343 2135 Sit
361 2107 413 2136 eibi
433 2108 585 2137 credibilis
604 2118 707 2143 sermo,
724 2113 920 2148 consuetaque

385 2156 484 2190 verba,

346 2202 466 2235 Blanda
485 2211 593 2239 lamen,
607 2215 734 2244 praesens
751 2212 783 2235 at
804 2207 922 2236 videare

388 2254 479 2293 loqui.

260 2300 347 2331 Nihil
363 2307 466 2333 tamen
478 2308 591 2334 temere
602 2303 798 2334 mutandum.
818 2303 922 2334 me-

259 2361 341 2382 surs.
387 2351 436 2382 Ita
456 2352 540 2393 apud
565 2352 657 2394 Prop.
675 2352 715 2383 iv.
736 2365 765 2384 v.
790 2354 842 2383 43.
871 2363 923 2383 ea-

260 2399 330 2429 dem
353 2405 400 2431 est
420 2400 562 2432 varietas.
585 2401 648 2431 vid.
667 2412 751 2443 supr.
774 2402 849 2433 332.
870 2401 924 2432 sed

261 2449 372 2479 blanda
390 2451 479 2480 verba
491 2449 594 2492 aptius
609 2450 695 2481 dedit
711 2450 793 2487 viris,
807 2451 860 2492 qui
873 2461 926 2493 per

260 2497 432 2530 blanditias
451 2499 571 2530 aditum
596 2499 635 2530 ad
663 2500 817 2531 Venerem
842 2511 928 2542 quae-

262 2552 344 2577 runt.
367 2547 486 2579 Puellis
496 2548 597 2589 magis
606 2550 719 2579 manda
729 2549 929 2580 conveniunt.

265 2598 378 2626 manda
394 2607 465 2628 vero
481 2598 816 2639 opponunturfacatis,
827 2604 860 2629 ut
876 2598 928 2629 Ci-

264 2653 334 2675 cero
357 2645 446 2676 Orat.
468 2647 521 2676 23.
583 2646 607 2675 F
609 2649 690 2678 acati
714 2649 928 2678 medicamenta

264 2695 403 2724 candoris
421 2702 448 2725 et
470 2696 588 2725 ruboris
609 2698 708 2726 omnia
731 2697 928 2736 repellentur,

264 2742 418 2783 elegantia
436 2747 520 2775 modo
538 2751 565 2774 et
586 2746 736 2775 munditia
756 2747 929 2776 remanebit.

986 1958 1036 1988 Ita
1055 1958 1184 1989 Homer.
1205 1957 1299 1988 Iliad.
1321 1961 1356 1989 Β.
1378 1959 1452 1989 213.
1496 1958 1646 1990 Thersitae

986 2007 1071 2038 dedit
1086 2020 1092 2037 τ
1111 2007 1217 2039 ”Επεα
1235 2006 1361 2050 ἄκοσμά
1376 2020 1409 2039 τε
1427 2009 1538 2040 πολλά
1553 2021 1599 2040 τε.
1623 2008 1650 2039 si

987 2057 1097 2087 blanda
1120 2057 1219 2097 legas,
1240 2067 1301 2088 non
1319 2063 1385 2088 erat
1404 2064 1478 2099 apta
1497 2058 1650 2100 oppositio

987 2109 1054 2138 τῶν
1068 2108 1116 2136 sed
1131 2117 1146 2136 e
1163 2109 1272 2137 medio:
1286 2117 1359 2137 nam
1372 2113 1403 2138 et
1422 2118 1436 2137 e
1449 2109 1554 2144 medio,
1570 2119 1650 2139 sem-

988 2166 1043 2197 per
1065 2162 1137 2187 sunt
1161 2156 1290 2187 blanda.
1319 2167 1415 2198 quare
1438 2158 1602 2189 blanditias
1621 2164 1652 2189 et

987 2205 1107 2244 publica
1141 2206 1225 2236 verba
1255 2205 1417 2247 conjungit
1445 2206 1571 2243 Noster,
1598 2207 1653 2239 lib.

990 2254 1034 2284 iii.
1051 2254 1159 2285 Amor.
1183 2256 1212 2286 7.
1234 2254 1288 2286 sed
1310 2254 1342 2285 in
1361 2258 1482 2286 mandis
1501 2256 1654 2298 eligendis

991 2314 1074 2346 saepe
1097 2304 1257 2336 affectatio
1280 2304 1376 2335 nimia
1397 2315 1547 2347 apparere
1565 2307 1655 2338 solet.

994 2354 1109 2384 Bunm.

1036 2404 1109 2434 486.
1139 2403 1271 2445 Pignora
1296 2415 1349 2435 nec
1366 2404 1511 2445 juveml]
1543 2405 1658 2436 Javeni

994 2459 1112 2484 rectum
1127 2459 1184 2488 est,
1201 2463 1257 2483 nec
1273 2453 1311 2483 de
1331 2463 1430 2488 servo,
1447 2454 1501 2484 sed
1519 2460 1658 2486 amatore

996 2501 1089 2532 debet
1123 2501 1268 2543 intelligi,
1299 2509 1331 2532 ut
1361 2503 1527 2543 sequentia
1557 2504 1657 2534 mani-

997 2550 1075 2580 festo
1105 2550 1327 2581 demonstrant.
1356 2551 1510 2593 praecipit,
1544 2560 1577 2584 ut
1604 2562 1659 2584 an-

998 2599 1072 2630 cilla
1088 2599 1137 2630 vel
1154 2611 1231 2641 puer
1246 2601 1351 2631 literas
1367 2601 1478 2632 missas
1493 2602 1532 2633 ad
1549 2612 1659 2633 aman-

998 2654 1072 2684 tem,
1088 2656 1119 2679 et
1139 2649 1237 2681 lectas
1259 2650 1380 2686 referat,
1399 2661 1436 2682 ne
1456 2657 1558 2682 servet
1574 2661 1660 2682 ama-

999 2703 1056 2733 tor,
1072 2698 1185 2739 quibus
1207 2704 1314 2739 postea
1338 2700 1522 2731 ut-suimine
1545 2706 1662 2732 utatur.

1001 2747 1114 2777 Brnm.
