1760 3172
365 190 675 233 TRISTIUM
709 189 829 230 LIB.
863 189 928 230 ΙΙ.
963 189 1054 231 EL.
1089 189 1310 232 UNICA.

1466 191 1553 233 203

156 306 259 354 Cur
283 322 400 363 non,
427 305 672 369 Argolicis
698 305 865 370 potius
892 320 1005 367 quae
1031 305 1252 353 concidit
1275 306 1443 363 armis,

219 384 418 431 Vexata
441 391 519 431 est
540 384 720 430 iterum
745 382 981 438 carmine,
1009 382 1174 447 Troja,
1202 400 1314 431 meo
1335 385 1353 431 ἲ

155 460 260 508 Cur
282 461 417 509 tacui
442 460 660 516 Thebas,
688 467 739 508 et
762 467 937 507 mutua
960 460 1165 508 vulnera
1189 460 1430 509 fratrum?

221 537 288 585 Et
312 545 508 602 septem
533 545 718 602 portas,
746 537 839 584 sub
865 536 993 583 duce
1020 553 1274 600 quamque
1298 539 1422 586 suo?
1456 543 1554 587 320

153 616 264 663 Nec
289 616 411 663 mihi
435 615 695 664 materiam
720 614 953 662 bellatrix
981 614 1146 662 Roma
1167 616 1414 678 negabat:

222 693 289 740 Et
313 694 425 757 pius
451 700 543 749 est,
572 692 745 757 patriae
770 692 905 739 facta
929 692 1127 749 referre,
1154 693 1311 740 labor.

156 769 405 834 Denique,
434 786 589 833 quum
614 769 804 816 meritis
831 769 1117 833 impleveris
1144 770 1328 826 omnia,
1360 770 1553 827 Caesar,

221 848 346 895 Pars
371 848 492 895 mihi
516 848 579 895 de
604 847 773 894 multis
800 863 900 894 una
924 847 1153 895 canenda
1176 847 1287 895 fuit.

157 925 329 989 thue
354 926 559 972 trahunt
582 926 754 973 oculos
780 926 1026 972 radiantia
1050 925 1240 972 lumina
1267 925 1426 983 Solis3
1457 929 1554 974 325

217 1003 512 1051 Traxissent
536 1003 755 1051 animum
782 1003 853 1050 sic
877 1010 964 1051 tua
987 1002 1121 1050 facta
1145 1019 1330 1050 meum.

154 1079 351 1143 Arguor
374 1081 648 1138 immerit03
689 1080 854 1128 tenuis
879 1080 1000 1127 mihi
1026 1096 1234 1145 campus
1261 1088 1456 1129 aratur:

223 1157 356 1205 Illud
382 1165 488 1206 erat
511 1174 704 1220 magnae
729 1157 997 1205 fertilitatis
1022 1174 1164 1222 opus.

157 1235 273 1285 Non
298 1237 410 1284 ideo
434 1236 586 1285 debet
610 1236 788 1300 pelago
814 1252 867 1283 se
892 1235 1113 1291 credere,
1141 1235 1181 1282 si
1209 1252 1310 1299 qua

222 1314 392 1361 Audet
416 1314 466 1361 in
491 1313 673 1376 exiguo
698 1313 870 1360 ludere
896 1313 1081 1375 cymba
1106 1313 1236 1359 lacu.

1459 1317 1558 1362 330

157 1391 387 1439 Forsitan
411 1398 462 1439 et
486 1391 729 1446 dubitem,
758 1390 976 1437 numeris
1003 1389 1268 1437 levioribus
1295 1398 1442 1454 aptus

225 1469 333 1517 Sim
358 1469 479 1517 satis
501 1487 511 1526 ;
552 1469 602 1515 in
628 1484 803 1532 parvos
829 1467 1176 1531 sufficiamque
1203 1468 1395 1516 modos.

161 1547 230 1594 At
252 1547 293 1595 si
319 1564 398 1595 me
417 1548 598 1611 jubeas
621 1546 835 1593 domitos
862 1544 891 1591 J
898 1545 1003 1592 ovis
1030 1545 1146 1608 igne
1174 1546 1419 1609 Gigantas

224 1625 434 1683 Dicere3
475 1630 743 1672 conantem
768 1622 1053 1670 debilitabit
1078 1639 1221 1671 onus.

201 1803 276 1834 318.
304 1802 415 1833 Vexata
431 1808 473 1833 est
488 1801 626 1842 iterumn]
653 1801 747 1843 Troja
762 1800 822 1832 ite-

157 1863 226 1884 rum
258 1852 372 1883 dicitur
405 1850 512 1882 vexari
548 1851 696 1887 carmine,
727 1861 824 1892 quum

158 1903 226 1944 ejus
248 1913 339 1933 casus
360 1907 392 1933 et
411 1901 500 1933 ruina
515 1900 604 1943 quasi
621 1911 694 1932 vera
717 1900 825 1931 clades

159 1951 357 1983 describitur.

203 2001 277 2032 319.
303 2001 344 2032 Et
372 2007 480 2032 mutua
503 2001 633 2031 vulnera
646 1999 821 2041 fratrum]

159 2050 221 2080 Per
239 2056 350 2081 mutua
372 2050 503 2081 vulnera
524 2049 665 2085 fratrum,
688 2048 826 2079 Eteoclis

159 2105 190 2131 et
205 2099 365 2141 Polynicis
380 2105 512 2130 mortem
524 2098 678 2140 intellige,
691 2098 746 2140 qui
757 2109 826 2129 mu-

160 2156 214 2182 tuo
228 2151 294 2182 ictu
310 2151 464 2187 cecidere,
480 2157 516 2182 ut
533 2151 691 2181 Diodorus
705 2148 825 2183 scribit,

159 2205 192 2231 et
213 2199 331 2231 Statius
355 2200 482 2238 cecinit,
498 2212 536 2232 ex
558 2211 620 2242 quo
639 2199 824 2229 Thebanum

159 2250 279 2281 bellum
294 2250 449 2291 designat.

204 2300 278 2331 320.
303 2300 363 2330 Sub
387 2301 462 2331 duce
481 2311 627 2340 quamque
639 2300 718 2340 sum]
748 2300 825 2341 Sep·-

161 2356 225 2381 tetn
244 2349 327 2380 enim
348 2360 435 2391 reges
455 2354 562 2380 contra
585 2349 748 2380 Eteoclem
771 2359 826 2390 pro

165 2399 316 2441 Polynice
333 2399 559 2441 conspirarunt,
574 2398 695 2429 scilicet
707 2398 825 2429 Adras-

163 2457 213 2481 tus
229 2448 414 2490 Argivorum
438 2460 503 2485 rex,
519 2448 729 2490 Amphiaraus
744 2448 825 2490 Hip-

162 2499 326 2542 pomedon,
347 2499 525 2540 Capaneus,
540 2498 676 2540 Tydeus,
694 2498 826 2530 Parthe-

163 2560 303 2591 nopaeuS,
319 2554 350 2580 et
368 2548 546 2590 Polynices,
561 2559 616 2590 pro
632 2559 692 2589 quo
706 2548 826 2579 bellum

163 2604 286 2640 gestum
313 2605 372 2633 est,
392 2598 519 2629 Adrasti
543 2598 641 2629 ductu
664 2604 696 2628 et
722 2598 825 2640 auspi-

163 2648 232 2680 ciis.
276 2649 314 2678 In
329 2647 561 2691 oppugnatione
580 2653 684 2678 autem
699 2647 824 2679 Theba-

164 2709 242 2735 rum,
258 2698 367 2729 horum
390 2697 505 2728 ducum
524 2697 737 2739 unusquisque
756 2709 825 2739 por-

165 2755 228 2779 tam
244 2748 302 2779 sibi
317 2747 559 2791 oppugnandam
578 2754 739 2779 sumserat.

936 1802 1010 1832 322.
1038 1801 1162 1842 Facta]
1200 1799 1358 1838 Quoniam
1390 1805 1443 1830 lua
1464 1800 1559 1841 facta

892 1860 963 1880 mox
979 1850 1132 1892 sequitur,
1152 1851 1263 1880 Burm.
1285 1849 1452 1880 emendare
1474 1850 1562 1892 cupit

882 1900 960 1942 ficta
972 1912 980 1930 .·
996 1911 1066 1942 quae
1084 1899 1263 1931 emendatio
1274 1898 1377 1929 minus
1388 1899 1562 1930 necessaria

892 1949 970 1979 mihi
988 1949 1116 1991 quidem
1139 1949 1274 1985 videtur,
1298 1948 1495 1990 potissimum
1521 1949 1561 1979 ob

893 1998 1055 2040 epitheton
1081 2000 1232 2035 bellatrix,
1254 1998 1306 2029 cui
1322 1998 1418 2040 fucta
1447 1997 1561 2040 potius,

895 2049 1069 2090 quamfata
1080 2048 1278 2091 respondent.
1307 2048 1414 2090 Atque
1425 2048 1561 2078 Romam

893 2097 986 2128 deam
1013 2108 1080 2129 esse
1107 2097 1239 2134 cultam,
1267 2097 1425 2128 neminem
1452 2097 1562 2138 fugiet.

894 2146 931 2177 In
948 2147 1058 2178 Oiselii
1075 2147 1236 2178 Thesauro
1251 2147 1398 2177 numism.
1421 2147 1488 2177 tab.
1505 2148 1559 2177 52.

894 2207 923 2227 n.
941 2197 971 2227 7.
988 2197 1138 2239 reperitur
1161 2207 1316 2232 nummus,
1334 2196 1387 2227 ubi
1408 2195 1561 2238 templum

894 2252 940 2277 est
966 2258 1020 2277 sex
1047 2247 1276 2283 columnarum,
1304 2246 1337 2276 in
1362 2256 1423 2287 quo
1445 2246 1562 2283 Roma,

893 2296 960 2327 deae
977 2296 1086 2333 instar,
1105 2296 1193 2327 sedet
1208 2296 1344 2337 galeata,
1361 2295 1486 2326 sinistra
1500 2295 1559 2326 ha-

893 2352 984 2382 stam,
1008 2347 1120 2377 dextra
1145 2345 1350 2377 Victoriolam
1377 2350 1500 2376 tenens.
1525 2357 1559 2376 ν.

894 2395 1006 2427 Oiselii
1022 2402 1191 2427 comment.
1208 2406 1280 2438 pag.
1297 2396 1371 2426 316.
1413 2395 1560 2426 HARLES.

938 2447 1012 2476 3⁶28.
1037 2445 1124 2476 Illud
1139 2445 1237 2485 opus]
1265 2444 1326 2475 Vel
1343 2444 1462 2474 bellum
1477 2444 1560 2474 The-

894 2496 1010 2526 banum
1031 2500 1062 2524 et
1082 2495 1214 2536 reliqua,
1231 2494 1282 2524 vel
1298 2492 1434 2534 Augusti
1458 2499 1560 2534 gesta.

894 2545 1174 2586 R'ILn.——Blagme
1193 2544 1388 2586 jbrtilitaU's.
1437 2542 1560 2584 Ingenii

894 2593 1014 2630 fertilis,
1029 2593 1133 2624 uberis
1148 2593 1275 2634 ingenii.
1321 2593 1451 2623 Bssnsm.

937 2645 1011 2675 330.
1037 2644 1158 2674 Ludere
1179 2642 1311 2684 cymba]
1340 2642 1471 2672 Currere
1488 2641 1559 2672 Mo-

894 2694 950 2725 reti
975 2700 1006 2724 et
1032 2698 1093 2724 tres
1117 2692 1187 2731 alii3
1222 2692 1276 2723 sed
1292 2697 1419 2733 praestat
1445 2692 1559 2726 ludere,

894 2744 977 2787 quod
1002 2745 1046 2780 fit,
1069 2754 1166 2785 quum
1192 2748 1296 2774 nautae
1321 2753 1374 2783 per
1393 2741 1502 2777 otium,
1519 2740 1560 2771 ad
