1760 3172
400 169 711 215 TRISTIUM
745 172 864 214 LIB.
898 172 980 214 IV.
1016 172 1195 214 ELEG.
1230 171 1267 213 Ι.

1443 171 1530 212 269

139 286 246 334 Nos
271 304 473 352 quoque
498 289 766 345 delectant,
795 288 1019 351 quamvis
1046 303 1278 344 nocuere,
1306 286 1490 344 libelli3

202 363 451 428 Quodque
476 365 596 413 mihi
620 366 775 412 telum
799 365 1001 412 vulnera
1024 363 1157 419 fecit,
1186 380 1314 411 amo.

1463 366 1526 410 36

137 439 362 488 Forsitan
387 443 481 489 hoc
509 442 729 489 studium
754 441 912 505 possit
936 441 1069 487 furor
1095 457 1205 488 esse
1230 441 1413 498 videri;

205 517 306 565 Sed
331 519 571 582 quiddam
595 521 730 567 furor
754 519 833 566 hic
861 518 1089 565 utilitatis
1115 518 1294 565 habet:

137 593 347 658 Semper
371 596 421 642 in
445 597 622 662 obj-utu
648 603 867 644 mentem
890 602 1026 651 vetat
1049 611 1161 642 esse
1187 595 1445 651 malorum,

202 670 471 720 Praesentis
497 669 642 720 Casus
669 673 1112 736 immemoremque
1137 671 1270 719 facit.

1461 673 1526 718 40

136 746 310 810 thue
337 766 482 796 suum
509 749 724 796 Bacchis
751 766 848 796 non
875 747 1222 797 sentif‘saucia
1245 750 1442 804 vulnus,

202 823 336 872 Dum
362 833 533 889 stupet
558 825 746 872 Edonis
773 827 1028 873 exululata
1046 826 1210 889 jugis3

136 899 237 956 Sic,
266 903 350 949 ubi
375 910 513 950 mota
536 903 703 951 calent
725 902 868 950 viridi
893 919 1005 950 mea
1030 910 1235 967 pectora
1259 904 1450 967 thyrso,

198 977 359 1027 Altior
382 980 599 1028 humano
625 979 827 1044 spiritus
853 979 935 1027 ille
960 980 1090 1027 malo
1116 986 1220 1027 est:

178 1137 230 1169 29.
258 1139 307 1169 Vis
333 1151 378 1171 me
404 1147 484 1171 tenet
522 1144 584 1181 ipsa
613 1142 795 1182 sacrorum]

133 1185 272 1218 Sororum
288 1199 341 1219 sex
351 1195 490 1228 veteres3
506 1191 590 1232 quod
604 1192 723 1234 placet:
742 1192 798 1223 hoc

132 1242 189 1272 est,
205 1237 392 1277 Musarum3
415 1239 487 1271 vide
502 1241 582 1271 Met.
598 1240 640 1272 iv.
653 1241 728 1271 470.
743 1242 796 1272 ubi

131 1295 242 1317 sorores
262 1297 317 1328 pro
338 1288 440 1319 Furiis
462 1295 637 1330 ponuntur:
664 1301 736 1321 nam
757 1301 795 1321 ex

131 1340 280 1366 contextu
301 1337 448 1369 orationis
463 1338 538 1370 satis
553 1339 679 1380 agnosci
694 1346 795 1382 potest

131 1393 168 1415 ac
197 1384 400 1427 deprehendi,
431 1387 471 1418 de
500 1388 614 1429 quibus
641 1389 796 1420 sororibus

132 1438 258 1474 agatur:
285 1434 346 1465 duo
371 1435 496 1467 codices
514 1438 558 1467 vis
577 1448 621 1468 me
638 1444 717 1468 tenet
732 1441 795 1478 ipsa

134 1483 274 1515 locorum.
320 1484 406 1516 Infra
428 1486 484 1517 lib.
500 1485 542 1517 iv.
558 1487 606 1517 El.
624 1499 653 1518 Χ.
666 1489 719 1520 39.
735 1490 794 1518 Ασ-

132 1534 199 1563 nias
220 1544 352 1571 sorores,·
377 1539 408 1565 et
422 1534 478 1566 lib.
496 1546 526 1566 ν.
541 1536 591 1566 El.
606 1536 659 1567 xii.
674 1537 725 1568 45.
743 1550 792 1568 ηο-

133 1592 196 1611 vem
208 1593 318 1613 sorores
330 1582 421 1615 dixit.
463 1584 582 1615 HEINs.
632 1586 681 1616 Vis
693 1598 737 1617 me
752 1593 794 1617 te-

131 1637 181 1661 net
205 1633 277 1671 ipsa.
324 1633 459 1674 Nequeo
482 1633 550 1664 haec
571 1634 676 1666 studia
697 1635 793 1678 depo-

131 1690 218 1711 nere.
263 1682 368 1712 Poxr.

175 1731 227 1760 31.
251 1730 301 1761 Sz'c
326 1743 402 1762 nova
427 1732 599 1773 Dulichia]
627 1733 793 1771 Homerus,

129 1778 184 1810 lib.
207 1778 250 1810 ix.
270 1779 385 1821 Odyss.
404 1781 523 1817 scribit,
544 1782 691 1823 Ulyssem
716 1788 792 1813 tem-

128 1833 249 1869 pestate
259 1834 374 1865 actum,
386 1829 416 1860 in
428 1829 569 1861 Africam
582 1830 621 1861 ad
636 1831 792 1873 Lotopha-

130 1888 185 1919 gos
203 1878 381 1916 accessisse,
397 1879 526 1922 ejusque
549 1879 648 1911 socios
667 1886 793 1922 gustata

129 1926 203 1963 loto,
218 1927 352 1958 reditum
363 1928 395 1958 in
408 1927 543 1969 patriam
555 1928 667 1960 oblitos
680 1929 790 1961 fuisse:

129 1986 206 2017 quos
220 1975 332 2007 invitos
352 1983 383 2008 et
403 1977 513 2008 flentes
536 1977 639 2019 coegit
665 1977 792 2019 Ulysses

128 2035 240 2056 navem
278 2026 498 2057 conscendere.
558 2028 657 2058 Fuere
687 2034 793 2058 autem

129 2074 304 2116 Lotophagi
324 2075 432 2117 populi
452 2074 484 2105 in
500 2075 620 2112 Africa,
635 2086 654 2106 a
668 2076 731 2107 loto
744 2087 792 2107 ar-

127 2124 201 2155 bore
214 2124 375 2166 adpellati,
389 2125 478 2167 cujus
490 2125 609 2156 fructus
621 2132 692 2157 sunt
705 2137 792 2168 mag-

128 2172 269 2204 nitudine
281 2173 373 2210 fabae,
387 2174 488 2205 colore
501 2175 594 2210 croci,
604 2181 667 2207 tam
679 2175 791 2212 dulcis,

129 2228 164 2253 ut
189 2222 320 2256 advenis
344 2223 500 2254 incutiant
523 2224 633 2265 patriae
661 2226 790 2256 oblivio-

129 2281 219 2302 nem:
251 2272 335 2313 quod
365 2273 459 2303 docet
487 2273 621 2310 Plinius,
645 2274 700 2305 lib.
724 2275 791 2307 xiii.

129 2331 200 2362 cap.
217 2321 277 2359 173
300 2321 405 2358 Silius,
420 2322 475 2352 lib.
492 2322 534 2353 iii.
551 2333 616 2355 ver.
633 2324 706 2354 310.
723 2334 770 2365 sq.

172 2370 309 2410 Spectari
337 2373 452 2408 castris,
477 2383 547 2412 quos
575 2384 661 2404 succo
688 2375 793 2406 nobilis

214 2421 313 2455 arbor,

175 2469 215 2499 Et
242 2470 327 2500 dulci
352 2472 448 2509 pascit
473 2471 546 2501 lotos
568 2473 657 2502 nimis
680 2473 792 2512 hospita

214 2520 315 2549 bacca.
479 2535 483 2537 >

171 2568 224 2598 34.
248 2567 412 2599 Materiam
437 2570 532 2609 culpae
560 2570 645 2610 suan]
680 2570 792 2602 Malim

127 2628 207 2647 curoe
221 2627 291 2653 suae,
302 2616 361 2648 hoc
376 2623 433 2655 est,
443 2618 588 2654 flammae,
604 2618 654 2650 vel
671 2619 793 2651 amoris.

128 2666 245 2698 Hisms.

172 2715 222 2746 41.
246 2715 399 2756 Bacch-ia]
430 2715 581 2753 Phoebas,
594 2722 680 2747 vates
693 2716 792 2758 Apol-

867 1141 949 1178 linis,
967 1153 1036 1183 quae
1061 1141 1190 1173 Baccho
1212 1140 1299 1182 orgia
1315 1140 1464 1177 celebrat,
1481 1141 1529 1172 fu-

866 1202 932 1222 rore
957 1198 1108 1234 correpta,
1130 1191 1234 1233 qualis
1261 1196 1359 1222 mater
1383 1190 1528 1227 Penthei,

865 1246 897 1271 et
909 1240 1026 1271 similes
1038 1241 1257 1271 describuntur
1267 1239 1322 1270 lib.
1335 1239 1379 1270 iii.
1390 1241 1526 1270 Metam.

865 1290 987 1320 Saucia.
1016 1289 1087 1320 Deo
1104 1289 1208 1331 plena.
1255 1289 1324 1319 Non
1339 1291 1430 1319 sentit
1440 1300 1529 1319 suum

864 1340 985 1370 vulnus.
1030 1340 1104 1369 Non
1120 1338 1214 1369 sentit
1228 1348 1316 1368 suum
1334 1337 1479 1369 furorem.

908 1390 959 1419 42.
986 1389 1068 1419 Dum
1083 1395 1182 1427 stupet
1203 1387 1291 1418 Idaeis
1305 1389 1528 1428 exululataju-

861 1438 936 1480 gis.]
973 1438 1071 1469 Prim.
1103 1437 1250 1468 Politiani
1280 1436 1392 1468 Idonis.
1443 1438 1528 1479 Lege

865 1488 987 1518 Edonis.
1033 1487 1190 1530 Superiori
1212 1497 1303 1518 versu
1327 1497 1382 1528 pro
1399 1486 1529 1524 Bacche,

861 1537 950 1578 prim.
980 1537 1086 1568 Vatic.
1116 1542 1147 1568 et
1178 1536 1278 1567 codex
1308 1536 1394 1567 Petri
1429 1537 1528 1567 Servii

863 1586 999 1618 Bacchis.
1056 1586 1148 1616 Certe
1180 1584 1338 1627 Βακχίδες
1366 1585 1530 1617 Aristoteli

860 1636 892 1666 in
915 1635 1131 1672 problematis,
1148 1641 1180 1666 et
1203 1635 1373 1666 Plutarcho
1395 1635 1528 1673 eaedem,

861 1696 930 1726 quae
958 1685 1027 1716 aliis
1051 1684 1187 1726 Βάκχαι.
1232 1684 1412 1726 Hesychius
1430 1686 1530 1723 Θυῑὰς

859 1733 993 1775 βακχίς.
1015 1734 1044 1765 οἱ
1069 1733 1099 1764 δὲ
1122 1732 1266 1770 Μαινάς.
1315 1733 1527 1775 Edonisjugis

862 1784 1033 1825 amplector
1054 1794 1117 1825 prae
1134 1783 1264 1824 vulgata
1288 1782 1424 1813 lectione
1438 1784 1528 1825 jugis

862 1833 968 1864 Idaeis:
999 1834 1043 1864 sic
1081 1833 1203 1863 Edonus
1241 1832 1352 1863 Boreas
1388 1833 1527 1870 Maroni,

861 1882 991 1913 AEneid.
1016 1883 1070 1913 lib.
1093 1882 1148 1912 xii.
1167 1883 1250 1920 3653
1277 1882 1385 1913 Edonae
1414 1883 1529 1923 hyemes

861 1932 946 1973 apud
961 1931 1096 1963 Statium
1107 1937 1138 1962 et
1150 1931 1373 1968 Claudianum,
1385 1937 1417 1962 et
1430 1932 1530 1963 Edoni

860 1983 941 2011 venti
964 1981 1048 2023 apud
1075 1981 1239 2012 Valerium
1264 1981 1434 2020 Flaccum,
1457 1992 1528 2023 pro-

861 2029 951 2060 duxit
967 2041 1089 2072 quoque
1106 2029 1277 2061 secundam
1290 2030 1445 2071 syllabam
1461 2031 1528 2061 Ho-

861 2079 968 2115 ratius,
984 2091 1044 2110 vnon
1066 2091 1118 2121 ego
1143 2080 1236 2110 levius
1257 2079 1430 2110 Bacchabor
1447 2079 1526 2110 Edo-

861 2130 926 2158 m's:
952 2139 1048 2170 quare
1072 2129 1185 2159 frustra
1208 2134 1293 2164 sunt,
1311 2127 1364 2168 qui
1393 2128 1528 2160 Edonias

859 2188 914 2218 pro
931 2178 1034 2208 Edono
1050 2183 1214 2220 reponunt.
1240 2178 1279 2207 In
1295 2177 1408 2207 Edonis
1422 2183 1527 2208 tamen

860 2226 1006 2268 ambigua
1031 2233 1078 2258 est
1104 2227 1237 2269 syllaba,
1261 2226 1415 2267 quomodo
1439 2232 1470 2258 et
1494 2227 1527 2258 in

860 2275 988 2307 Sidonis.
1026 2277 1143 2307 mes.
1190 2276 1271 2305 Dum
1285 2281 1393 2315 stupet.
1438 2276 1526 2307 Dum

860 2330 907 2356 est
922 2326 1075 2356 adtonita.
1123 2326 1221 2356 Modz's
1240 2325 1335 2355 Idaez's.
1374 2325 1525 2363 Vocibus,

858 2374 909 2405 vel
933 2374 1043 2410 modis,
1068 2374 1182 2415 quibus
1206 2374 1325 2404 Bacchi
1349 2374 1527 2406 sacerdotes

860 2429 992 2454 utuntur
1016 2424 1047 2454 in
1070 2423 1127 2454 Ida
1142 2428 1245 2454 monte
1262 2424 1377 2459 Cretae,
1395 2429 1527 2455 matrem

860 2473 966 2504 Defim
979 2473 1188 2504 clamitantes.

904 2523 955 2553 43.
979 2522 1070 2553 Sacro
1093 2534 1154 2552 mea
1168 2528 1289 2562 pectora
1309 2521 1442 2562 thyrsa]
1474 2522 1524 2553 Vi-

860 2572 922 2601 ridi
957 2572 1057 2612 thyrso
1091 2571 1180 2612 prim.
1208 2570 1355 2602 Vatican.
1390 2570 1524 2602 Rotten-

860 2618 970 2661 dorph.
983 2620 1061 2650 alter
1077 2619 1170 2650 Polit.
1187 2625 1219 2651 et
1233 2626 1303 2650 octo
1319 2618 1383 2650 alii.
1407 2619 1526 2651 HEINS.

860 2669 898 2699 In
920 2670 1015 2701 sacris
1030 2669 1161 2706 Bacchi,
1178 2669 1354 2700 sacerdotes
1376 2668 1443 2710 ejus
1471 2679 1525 2710 ge-

860 2720 986 2750 stabant
1010 2719 1141 2761 thyrSOS,
1159 2719 1265 2750 hastas
1287 2711 1442 2762 pampinis
1467 2718 1525 2750 cir—
