1760 3172
220 184 305 225 222

610 182 660 223 Ρ.
695 182 909 224 OVIDII
945 183 1225 225 NASONIS

221 298 430 361 Singula
453 297 571 345 dum
599 297 761 353 miror,
790 298 933 345 video
957 298 1262 360 fulgentibus
1287 300 1436 347 armis

287 374 600 438 Conspicuos
625 382 812 437 postes,
839 381 1076 436 tectaque
1099 374 1253 437 digna
1278 375 1415 423 Deo:
1545 380 1606 423 34

219 451 297 497 An
323 451 460 498 Jovis
486 451 610 507 haec,
637 451 760 506 dixi,
789 451 967 498 domus
987 452 1096 498 est?
1135 453 1270 514 quod
1295 460 1351 499 ut
1382 469 1494 500 esse
1519 469 1608 516 pu-

285 527 563 590 Augurium
588 528 743 575 menti
770 544 960 590 querna
983 544 1166 576 corona
1189 529 1357 577 dabat.
1411 531 1607 591 [tarem‚

220 605 378 668 Cujus
404 612 458 652 ut
483 606 653 669 accepi
679 606 965 663 dominum;
1006 622 1104 652 non
1128 605 1358 662 fallimur,
1385 607 1606 669 inquam,

287 682 353 728 Et
378 683 544 745 magni
569 698 740 729 verum
765 689 842 729 est
866 682 994 728 hanc
1019 681 1048 728 J
1054 682 1158 729 ovis
1184 698 1294 730 esse
1320 682 1540 730 domum.

220 758 323 804 Cur
346 766 513 806 tamen
540 759 770 821 adposita
792 758 983 805 velatur
1001 759 1159 820 janua
1182 758 1348 815 laur0;

285 835 457 898 cingit
482 842 532 882 et
556 842 795 897 augustas
821 835 966 881 arbor
991 850 1150 897 opaca
1172 834 1301 882 fores
1323 835 1341 881 ’ἐ

1544 838 1609 882 40

219 911 370 966 Num,
384 912 502 975 quia
515 920 784 976 perpetuos
801 910 980 958 meruit
995 911 1171 958 domus
1188 911 1286 958 ista
1299 911 1607 975 triumphos?

283 988 378 1044 An,
407 988 526 1051 quia
552 987 801 1035 Leucadio
827 1003 1025 1050 semper
1050 995 1216 1034 amata
1243 987 1388 1035 Deo?

218 1065 400 1129 Ipsane
427 1065 561 1127 quod
587 1064 715 1112 festa
739 1070 833 1119 est,
861 1080 924 1110 an
950 1064 1086 1126 quod
1110 1064 1230 1112 facit
1253 1065 1420 1113 omnia
1445 1064 1609 1112 festa?

282 1141 447 1196 Quam
471 1141 646 1188 tribuit
668 1141 826 1196 terriS,
854 1140 992 1203 pacis
1018 1157 1080 1187 an
1105 1141 1201 1188 ista
1225 1149 1342 1189 nota
1366 1143 1474 1189 est?

214 1303 430 1333 Romanorum
452 1300 560 1341 fugam
580 1300 658 1331 deus
680 1302 806 1335 sisteret,
824 1310 877 1329 vo-

945 1299 1022 1330 dant
1033 1299 1173 1342 plerique
1187 1307 1320 1332 veteres:
1342 1306 1481 1332 recte.—-
1488 1300 1612 1331 Velatur

215 1357 292 1387 tum,
315 1355 507 1381 exstructum
534 1349 593 1380 fuit
617 1349 702 1380 haud
726 1348 834 1390 procul
860 1358 879 1379 a
935 1351 1039 1388 janua
1071 1350 1168 1380 lauro.
1224 1351 1347 1381 Laurus
1376 1357 1448 1382 ante
1477 1349 1612 1381 Caesaris

213 1400 310 1431 veteri
332 1405 422 1441 porta
445 1399 572 1430 Palatii.
587 1410 617 1429 v.
633 1399 757 1429 Livium
780 1397 801 1429 i.
829 1399 878 1429 12.

214 1451 363 1481 Hamas.
409 1448 476 1479 Hoc
492 1450 623 1488 primum
647 1450 767 1479 condita
784 1448 879 1479 Roma

217 1502 291 1531 loca.

258 1550 390 1579 Arcades
413 1548 456 1577 his
478 1549 548 1583 oris,
569 1558 667 1588 genus
689 1558 706 1576 α
733 1546 879 1577 Pallante

341 1597 522 1638 profectum,

259 1647 320 1681 Qui
347 1656 445 1686 regem
473 1644 649 1675 Evandrum
677 1645 804 1679 comites,
827 1645 878 1684 qui

343 1697 431 1737 signa
445 1695 550 1730 secuti,

259 1745 403 1786 Delegere
419 1744 528 1779 Iocum,
543 1749 571 1773 et
583 1753 707 1782 posuere
724 1744 754 1772 in
771 1744 877 1772 monti-

343 1794 395 1822 bus
408 1794 521 1828 urbem,

259 1842 415 1872 Pallantis
436 1841 540 1881 proavi
559 1841 595 1870 de
613 1842 728 1870 nomine
746 1839 876 1870 Pallan-

343 1897 421 1921 teum
436 1901 446 1926 ‚·

215 1940 304 1981 Yirg.
320 1939 450 1970 AEneid.
465 1938 606 1969 viii.›.ver.
623 1939 686 1975 53;
709 1937 762 1967 ubi
773 1947 878 1968 veram

214 1988 371 2021 Pallantei
386 1986 535 2028 originem
550 1992 581 2017 et
594 1996 721 2017 causam
735 1985 834 2016 vides.

257 2039 309 2068 33.
351 2037 440 2067 Video
453 2037 652 2077 fulgentibus
674 2037 775 2071 armis,
799 2034 875 2075 &tc-J

214 2087 274 2118 Hic
300 2086 384 2117 aedes
410 2085 546 2126 Augusti
571 2084 604 2114 in
634 2084 756 2114 Palatio
779 2083 880 2114 factas

212 2136 322 2167 laudat
338 2134 572 2175 Ovidius,quas
588 2133 683 2164 etiam
699 2132 731 2163 in
746 2133 880 2174 septimo

214 2185 305 2216 Maro
320 2183 478 2219 describit,
489 2193 604 2225 easque
617 2183 649 2213 in
662 2182 880 2213 Laurolavinio

213 2235 281 2264 vult
296 2233 408 2270 suisse;
432 2237 466 2263 ut
477 2232 602 2263 Servius
615 2232 718 2262 docet.
742 2232 881 2262 Men.—

216 2284 415 2325 Fnlgentibus
451 2283 552 2313 armis.
611 2281 760 2312 Solebant
796 2280 880 2311 enim

213 2339 327 2374 postes,
357 2337 472 2373 portas,
501 2336 533 2361 et
563 2330 719 2361 vestibula
751 2330 878 2366 aedium,

212 2382 291 2412 atria
303 2391 427 2422 quoque
440 2379 546 2421 spoliis
561 2384 592 2410 et
607 2379 711 2415 armis,
723 2389 792 2421 quae
808 2379 878 2409 hos-

212 2430 294 2460 tibus
322 2429 522 2465 ademissent,
552 2437 714 2464 exornare,
746 2427 877 2469 clypeis,

212 2478 322 2519 galeis,
337 2478 395 2509 ἃς.
442 2478 512 2508 Nec
534 2483 588 2508 aut
603 2482 767 2508 consumta
781 2476 877 2512 refici,

213 2534 266 2558 aut
279 2527 377 2558 fracta
392 2526 595 2567 redintegrari
610 2536 677 2556 mos
692 2531 769 2557 erat.
792 2525 877 2556 Prae-

212 2583 297 2607 terea
320 2575 441 2606 aedibus
463 2575 651 2606 abalienatis
675 2585 735 2606 non
759 2575 877 2606 licebat

213 2636 249 2655 ea
265 2624 373 2655 emtori
389 2624 528 2663 refigere.
574 2626 678 2655 Posr.

255 2676 307 2704 35.
330 2673 413 2703 Javis
428 2673 501 2714 est.]
530 2674 585 2703 Est
602 2673 747 2714 Augusti.

256 2723 308 2752 39.
334 2722 469 2761 Obposita
487 2722 602 2762 laum]
630 2723 773 2761 Adposita
790 2723 877 2753 lauro

941 1397 1074 1439 januam
1096 1404 1182 1429 erat:
1207 1398 1246 1429 de
1269 1409 1333 1440 qua
1348 1399 1392 1429 ita
1407 1398 1540 1434 Plinius,
1557 1398 1611 1429 lib.

947 1458 997 1477 xv.
1013 1457 1082 1489 cap.
1097 1447 1156 1478 ult.
1187 1448 1310 1478 Laurus
1323 1448 1483 1487 triumphis
1492 1449 1612 1487 proprie

946 1498 1079 1532 dicatur,
1093 1498 1138 1527 ve!
1154 1499 1326 1539 gratissima
1337 1498 1613 1537 domibusjunstrioe

949 1545 1110 1583 Caesarum,
1135 1547 1386 1587 Pontificumque,
1410 1557 1472 1586 ‹111ae
1495 1546 1557 1576 sola
1584 1552 1613 1576 et

945 1596 1042 1625 domos
1064 1602 1198 1632 exornat,
1212 1602 1241 1626 et
1256 1602 1326 1626 aute
1348 1597 1451 1626 limina
1477 1596 1612 1626 eicnbat.

945 1644 1114 1681 Martialis,
1125 1645 1179 1675 lib.
1192 1644 1257 1675 viii.
1267 1644 1360 1686 Epig.
1371 1644 1392 1675 i.
1406 1646 1434 1676 1.
1446 1652 1537 1675 vocat
1554 1644 1611 1674 Pe-

946 1700 1030 1724 uates
1046 1695 1096 1724 lau
1103 1696 1232 1736 rigeros:

990 1742 1173 1784 Laurigeros
1198 1744 1321 1779 domini,
1347 1743 1432 1778 liber,
1456 1743 1612 1772 intrature

1076 1791 1214 1822 Penates.

989 1839 1078 1870 Disce
1093 1840 1258 1870 verecundo
1273 1840 1407 1870 sanctius
1423 1850 1473 1870 ore
1489 1840 1579 1879 loqui.

987 1889 1039 1918 42.
1067 1889 1221 1919 Leucadio
1249 1888 1338 1929 De0.]
1364 1888 1435 1919 Deo
1459 1888 1611 1930 Apollini.

943 1936 1059 1978 Apollo
1075 1943 1160 1967 amat
1175 1937 1297 1968 laurum
1313 1943 1438 1979 propter
1454 1937 1613 1979 Daphnen

944 1985 977 2016 in
987 1997 1056 2017 eam
1073 1992 1309 2017 commutatam.
1355 1986 1518 2027 Augustus
1529 1986 1612 2017 enim

945 2035 977 2065 in
1003 2046 1054 2066 ore
1084 2035 1169 2066 sinus
1192 2035 1366 2071 Ambracii,
1389 2035 1518 2066 Actium
1541 2046 1612 2066 cum

946 2085 1042 2115 nobili
1058 2085 1175 2127 templo
1191 2084 1347 2127 Apollinis
1363 2084 1515 2121 condidit,
1527 2084 1612 2116 haud

946 2133 1038 2175 longe
1059 2144 1077 2164 a
1101 2135 1241 2164 Leucate
1265 2133 1483 2176 promontorio,
1508 2143 1527 2164 a
1549 2143 1612 2174 quo

947 2183 1036 2213 Deus
1073 2183 1244 2213 Leucadius
1272 2182 1376 2213 dictus
1404 2187 1470 2213 est:
1510 2192 1566 2212 seu
1593 2191 1613 2212 a

947 2231 1107 2263 Leucadia
1123 2231 1301 2274 peninsula,
1314 2242 1384 2272 quae
1400 2231 1474 2261 olim
1492 2231 1614 2262 Neritos

949 2280 1120 2322 adpellata,
1143 2290 1204 2310 non
1233 2280 1325 2321 longe
1349 2279 1409 2310 sita
1437 2278 1552 2310 dicitur
1581 2280 1613 2310 in

948 2329 1063 2360 Plinio.

990 2379 1042 2409 43.
1066 2377 1174 2418 Ipsane
1194 2379 1270 2418 quod
1284 2377 1370 2420 festa
1391 2377 1460 2417 est.]
1485 2377 1611 2408 Festam

946 2427 1069 2458 laurum
1082 2427 1232 2468 adpellat,
1244 2426 1392 2468 quoniam
1407 2426 1560 2457 Romanis
1575 2436 1613 2457 ea

946 2475 1063 2507 laetitiae
1093 2475 1355 2517 victoriarumque
1389 2475 1506 2506 nuncia
1535 2475 1613 2506 fuit:

946 2524 1083 2566 facitque
1099 2524 1204 2555 omnia
1220 2524 1298 2555 festa
1313 2531 1344 2556 et
1359 2525 1443 2561 laeta,
1458 2523 1613 2555 omnium—

945 2585 1005 2616 que
1020 2580 1140 2605 mentes
1155 2574 1262 2605 laurus
1277 2574 1432 2605 exhilarat
1445 2585 1451 2603 :
1476 2573 1613 2616 depone—

943 2624 1099 2664 baturque
1116 2624 1210 2654 etiam
1222 2623 1254 2654 in
1267 2623 1385 2664 gremio
1399 2621 1487 2654 Jovis
1501 2621 1612 2664 optimi

945 2672 1085 2708 maximi,
1101 2672 1223 2714 quoties
1246 2672 1387 2703 laetitiam
1403 2671 1533 2702 victoria
1558 2681 1612 2701 no·

946 2733 1015 2753 vam
1030 2722 1342 2753 adtulisset.—Pacis
1351 2734 1390 2752 αη
1401 2723 1457 2751 ista
1469 2727 1538 2750 nola
1550 2721 1611 2750 est?
