1760 3172
445 180 630 222 ARTIS
664 180 1018 221 AMATORIAE
1053 180 1171 222 LIB.
1206 182 1269 222 11.
1487 183 1544 224 39

152 296 282 343 Cum
307 297 416 343 loca
440 296 698 360 repereris,
726 312 838 358 quae
864 296 999 358 tangi
1026 296 1208 343 femina
1233 298 1439 359 gaudet3

216 373 330 420 Non
355 373 534 429 obstet,
558 380 731 435 tangas
758 389 857 435 quo
882 374 1044 420 minus
1070 373 1168 429 illa,
1197 375 1372 436 pudor.
1442 379 1538 421 720

147 449 409 513 Adspicies
436 449 603 496 oculos
629 449 838 496 tremulo
863 449 1052 512 fulgore
1078 450 1336 507 micantes,

218 526 287 573 Ut
310 526 383 573 sol
409 542 438 573 a
460 526 652 588 liquida
679 541 811 589 saepe
837 525 1047 588 refulget
1072 527 1218 589 aqua.

147 602 404 649 Accedent
428 609 652 665 questus,
680 603 886 650 accedet
911 604 1122 658 amabile
1148 621 1384 659 murmur,

214 678 280 726 Et
303 680 475 726 dulces
501 679 731 741 gemitUS‚
759 686 976 742 aptaque
1000 681 1152 727 verba
1174 681 1299 728 loco.

147 756 248 803 Sed
273 773 436 819 neque
461 763 514 804 tu
539 756 791 803 dominam
816 757 937 804 velis
965 757 1236 820 majoribus
1262 775 1382 805 usus
1439 762 1534 805 725

213 833 421 890 Desine3
463 849 554 880 nec
580 850 754 880 cursus
781 841 949 882 anteat
973 835 1056 881 illa
1079 842 1208 881 tuos.

86 937 95 943 -
144 909 223 956 Ad
249 917 433 958 metam
458 909 722 974 properate
748 912 910 958 simul.
950 919 1054 958 tum
1081 912 1229 975 plena
1255 912 1504 975 voluptas;

211 987 342 1033 Cum
367 988 550 1051 pariter
574 988 689 1034 victi
715 987 897 1035 femina
920 988 1093 1051 virque
1111 990 1299 1051 jacent.

144 1062 240 1110 Hic
265 1064 356 1110 tibi
381 1065 650 1111 servandus
676 1072 816 1112 tenor
841 1073 932 1122 est,
960 1082 1075 1113 cum
1100 1067 1253 1113 libera
1279 1066 1458 1113 dantur

210 1140 349 1198 Otia;
388 1141 622 1189 furtivum
648 1159 739 1190 nec
764 1143 909 1190 timor
934 1151 1112 1206 urguet
1136 1160 1279 1207 opus.
1436 1147 1532 1190 730

143 1217 273 1264 Cum
298 1235 435 1266 mora
459 1236 556 1266 non
580 1227 688 1266 tuta
713 1227 810 1276 cst;
851 1220 968 1267 totis
995 1220 1282 1267 incumbere
1308 1221 1455 1267 remis

211 1294 362 1351 Utile,
390 1303 440 1343 et
463 1297 680 1343 admisso
706 1298 918 1344 subdere
943 1298 1105 1344 calcar
1130 1314 1278 1360 equo.

145 1370 278 1418 Finis
304 1373 447 1420 adest
470 1374 623 1436 operi.
662 1374 878 1437 palmam
904 1375 1036 1430 date,
1064 1381 1205 1436 grata
1221 1375 1480 1437 juventus;

209 1448 454 1513 Sertaque
480 1451 697 1497 odoratae
723 1458 916 1514 myrtea
939 1451 1062 1498 ferte
1087 1467 1259 1498 comae.

142 1525 369 1580 Quantus
392 1527 525 1590 apud
552 1527 753 1574 Danaos
780 1527 1062 1574 Podalirius
1089 1535 1192 1574 arte
1218 1528 1466 1582 medendi,

206 1604 436 1651 AEacides
461 1605 651 1660 dextra,
680 1612 882 1668 pectore
910 1605 1094 1652 Nestor
1119 1612 1250 1660 erat;
1431 1608 1525 1651 736

141 1679 368 1734 Quantus
394 1689 499 1729 erat
525 1682 741 1730 Calchas
768 1683 913 1738 extis,
941 1682 1259 1729 Telamonius
1285 1682 1449 1736 armis,

204 1756 520 1805 Automedon
545 1774 706 1814 curru,
734 1766 900 1806 tantus
926 1754 1115 1806 amator
1139 1775 1248 1821 egO.

140 1834 226 1881 Me
251 1842 414 1882 vatem
439 1837 703 1892 celebrate,
730 1837 835 1892 viri,
862 1837 981 1882 mihi
1007 1836 1156 1883 dicite
1183 1836 1381 1882 laudes:

204 1911 446 1959 Cantetur
470 1920 573 1960 toto
599 1930 779 1960 nomen
805 1913 853 1959 in
880 1914 998 1960 orbe
1024 1929 1204 1959 meum.
1430 1915 1526 1958 740

136 1988 289 2035 Arma
311 1989 426 2036 dedi
451 1990 619 2037 vobis:
659 1990 865 2037 dederat
889 1989 1142 2036 Vulcanus
1169 1989 1366 2036 Achilli²

201 2065 399 2115 Vincite
424 2067 727 2123 muneribus,
754 2067 869 2114 vicit
894 2074 948 2114 ut
972 2067 1068 2123 ille,
1095 2067 1240 2114 datis.

134 2284 188 2314 pro
212 2274 317 2314 augeri
333 2280 363 2304 ct
377 2274 619 2306 increbrescere:
645 2276 699 2306 sed
721 2276 792 2306 huic
907 2277 1092 2317 szjizgis?
1116 2287 1176 2311 oro,
1193 2287 1289 2305 nutne.
1314 2286 1364 2305 nec
1385 2286 1437 2310 me,
1453 2286 1521 2305 cmc-

133 2322 203 2353 loco
218 2333 278 2353 non
287 2324 439 2365 congruit.
450 2326 593 2366 perficere
606 2325 718 2356 veroin
736 2325 793 2355 hac
948 2326 1031 2360 delis,
1048 2331 1197 2354 amantem

132 2382 164 2402 re
179 2370 275 2402 etiam
290 2372 446 2413 proprium
462 2384 528 2404 esse
545 2375 672 2404 verbum
688 2374 795 2404 docuit
908 2375 1026 2409 Desine,
1042 2375 1196 2404 clamavit.
1362 2374 1479 2403 Ilfflxs.

134 2420 264 2451 Erhard.
280 2421 320 2451 ad
335 2422 462 2452 Petron.
478 2422 610 2454 lxxxvii.
657 2424 774 2454 Euam.
907 2425 980 2454 735.
1007 2424 1148 2457 Quantus
1163 2424 1244 2461 apud
1262 2422 1383 2451 Danaus
1399 2422 1522 2452 Podali-

177 2470 249 2501 725.
280 2470 337 2501 Sed
365 2483 456 2512 neque
483 2479 517 2503 tu
545 2474 693 2503 dominnm
719 2475 789 2503 velis
859 2475 923 2503 rins
944 2479 1010 2502 arte
1035 2474 1183 2506 medendi,
1210 2471 1289 2510 zze]
1317 2471 1394 2501 Haec
1419 2471 1523 2502 omnia

134 2520 295 2558 majoribus
307 2531 377 2550 usus
391 2521 528 2561 Desere.]
558 2522 668 2551 Desine.
683 2521 790 2563 scripti
858 2533 895 2552 ex
934 2520 1062 2551 Homeri
1105 2520 1204 2550 Iliade
1243 2519 1392 2549 translata
1429 2525 1520 2550 sunt:

133 2578 204 2598 cum
225 2568 324 2608 prima
345 2569 480 2600 editione
502 2576 689 2607 constanter,
712 2581 789 2612 prae-
859 2581 954 2612 quare
969 2570 994 2600 si
1012 2580 1074 2610 qua
1095 2569 1150 2598 hic
1167 2569 1198 2598 in
1219 2569 1450 2599 commentariis
1468 2569 1522 2599 de—

132 2616 633 2655 tercodicemArondelianum,et
643 2625 702 2650 tres
715 2630 790 2661 qua-
859 2620 1044 2654 sidcrantur,
1061 2629 1099 2648 ea
1122 2628 1159 2648 ex
1183 2617 1300 2658 origine
1325 2627 1361 2648 ac
1385 2617 1521 2648 fontibus

133 2668 240 2694 tuorve
268 2664 344 2696 alios
374 2667 554 2698 recentioris
581 2674 675 2699 notae.
707 2669 789 2698 Met.
860 2668 922 2699 suis
937 2672 1094 2708 petantur.
1141 2667 1269 2696 M1crL.

132 2711 178 2741 iii.
196 2713 268 2743 478.
903 2717 977 2746 742.
1006 2715 1119 2745 Vincite
1134 2715 1329 2755 muneribus]
1356 2714 1392 2745 ld
1408 2720 1456 2746 est
1468 2726 1521 2756 per

999 2768 1064 2798 D4
