1760 3172
211 181 297 222 112

212 295 326 342 Non
353 311 445 357 ego
471 302 521 343 te
540 295 695 357 jubeo
721 295 911 343 medias
937 296 1234 359 abrumpere
1259 312 1431 344 curas:

606 180 657 221 P.
691 179 905 222 OVIDII
939 179 1221 222 NASONIS

1506 301 1604 346 495

279 371 395 419 Non
422 379 540 420 sunt
564 373 758 437 imperii
784 380 886 421 tam
912 373 1015 420 fera
1032 374 1147 436 jura
1171 374 1286 421 mei.

213 448 361 502 Quod
386 465 486 496 non
512 465 582 505 es,
606 449 813 506 si1nula3
855 449 1150 513 positosque
1177 451 1371 499 imitare
1392 450 1604 499 furores:

280 526 363 573 Sic
391 526 543 575 facies
569 543 699 582 vere,
727 527 863 590 quod
888 526 1163 574 meditatus
1189 527 1303 574 eris.

213 603 359 666 Saepe
387 620 480 666 ego
506 621 568 652 ne
594 604 834 660 biberem,
861 604 994 651 volui
1020 604 1235 652 dormire
1259 605 1443 653 videri:

278 680 412 728 Dum
437 681 622 737 videor,
651 697 825 729 50111110
851 681 1040 728 lumina
1062 681 1196 728 victa
1218 681 1353 729 dedi.

1509 685 1607 729 500

211 757 496 821 Deceptum
522 759 622 814 risi,
651 758 737 821 qui
764 775 816 806 se
843 759 1111 806 simulabat
1135 776 1301 807 amare
1324 778 1334 817 ;

276 834 336 883 In
361 836 570 898 laqueos
596 852 782 899 auceps
808 835 1170 899 decideratque
1196 853 1330 884 51105.

209 911 373 960 Intrat
397 929 534 960 amor
558 921 752 962 mentes
779 931 870 961 usu
895 931 905 962 :

945 914 1223 962 dediscitur
1247 931 1358 962 usu.

276 989 375 1045 Qui
404 991 587 1055 poterit
613 1008 790 1039 sanum
814 991 1016 1054 fingere,
1045 1007 1196 1038 sanus
1222 991 1331 1040 erit.

209 1066 424 1123 Dixerit,
452 1075 507 1115 ut
528 1069 698 1116 venias
725 1069 873 1133 pacta
897 1068 987 1116 tibi
1013 1074 1177 1125 nocte,
1203 1069 1386 1116 venito.

1507 1071 1603 1116 505

273 1143 502 1201 VeneriS,
529 1152 580 1193 et
603 1144 753 1193 fuerit
770 1146 928 1208 janua
951 1145 1148 1202 clausa3
1189 1144 1335 1193 feras.

208 1221 318 1269 Nec
344 1222 424 1269 dic
451 1223 736 1280 blanditias,
764 1239 857 1271 nec
884 1223 964 1270 dic
990 1222 1215 1270 convicia
1239 1223 1389 1286 posti,

275 1298 385 1346 Nec
411 1300 541 1347 latus
567 1300 617 1347 in
643 1300 766 1348 duro
791 1300 962 1347 limine
988 1316 1118 1363 pone
1143 1306 1303 1347 tuum.

205 1374 420 1423 Postera
444 1377 532 1423 lux
558 1377 745 1435 aderit3
787 1382 992 1424 careant
1016 1382 1105 1423 tua
1128 1376 1281 1424 verba
1305 1376 1554 1439 querelis:

274 1452 340 1500 Et
361 1454 499 1501 nulla
523 1454 573 1501 in
598 1456 739 1502 vultu
768 1454 912 1518 signa
935 1453 1153 1502 dolentis
1179 1453 1324 1502 habe.

1504 1458 1601 1502 510

205 1529 236 1576 J
242 1545 320 1577 am
346 1539 500 1594 ponet
524 1532 699 1589 fastus,
727 1549 841 1580 cum
867 1539 917 1580 te
943 1533 1180 1594 languere
1204 1531 1424 1580 videbit:

273 1606 384 1655 Hoc
409 1608 561 1656 etiam
586 1610 758 1657 nostra
784 1625 963 1657 munus
990 1609 1052 1656 ab
1079 1616 1185 1656 arte
1210 1608 1356 1657 feres.

206 1683 278 1732 Te
304 1701 506 1749 quoque
532 1685 647 1734 falle
672 1695 856 1743 tamen,
885 1703 978 1735 nec
1005 1686 1070 1733 sit
1095 1685 1186 1733 tibi
1211 1686 1324 1733 finis
1351 1687 1566 1735 amandi.

271 1760 550 1826 Propositis
575 1762 727 1812 frenis
753 1781 887 1829 saepe
912 1770 1161 1828 repugnat
1186 1779 1362 1826 equus.

247 1884 321 1916 495.
352 1885 470 1916 ,Μειίἰαε
495 1888 672 1927 abrumpere
688 1887 864 1929 flammas-J

205 1933 303 1965 Caras
323 1933 424 1976 prima
441 1935 537 1966 editio
560 1947 632 1968 cum
655 1936 778 1979 scriptis
800 1947 866 1968 me-

201 1982 329 2015 lioribus
352 1985 477 2016 omnino
500 1986 592 2017 bene.
614 1998 689 2017 cura
709 1986 792 2017 enirn
813 1998 868 2029 pro

203 2032 372 2064 amoribus.
398 2033 443 2065 sic
468 2034 554 2066 Dido
577 2036 661 2077 apud
686 2036 866 2078 Virgilium,

197 2083 288 2124 gravi
303 2084 419 2113 dudum
433 2085 535 2114 saucia
550 2085 638 2115 curti.
686 2085 805 2117 mes.

245 2131 321 2162 507.
347 2130 410 2162 Nec
433 2133 482 2163 dic
505 2135 636 2164 convitia
660 2135 764 2175 posci]
805 2135 868 2166 Nec

190 2179 252 2220 fac
281 2179 382 2221 prima
407 2180 503 2212 editio
532 2187 564 2212 et
593 2182 699 2224 scripti
726 2183 869 2215 meliores

201 2239 314 2270 magno
330 2239 470 2260 numero.
506 2230 626 2262 mes.
663 2231 776 2263 Facere
798 2244 867 2264 con-

200 2279 324 2313 vicium,
348 2278 473 2321 propria
494 2285 542 2310 est
561 2279 688 2317 locutio,
711 2280 755 2313 sic
775 2288 806 2313 et
824 2283 866 2314 ix.

202 2327 283 2358 Met.
300 2327 376 2358 302.

362 2376 585 2420 Ingratofacio
600 2381 734 2411 convicia
749 2382 866 2412 demens

248 2425 333 2456 Vana
348 2425 428 2457 Jovi.

202 2473 322 2505 Auctor
337 2480 442 2506 tamen
457 2476 573 2507 Moreti
587 2489 593 2506 z

244 2522 571 2567 Immeritoquefurens
583 2527 657 2556 dicit
670 2527 866 2569 conviciafu-

288 2584 343 2603 mo,

201 2620 295 2658 Quod
317 2627 349 2652 et
373 2621 423 2653 hic
447 2623 587 2654 retineo:
614 2634 652 2654 ex
677 2635 761 2656 more
782 2624 865 2656 enim

201 2669 335 2702 Ovidius
350 2672 461 2713 repetit
477 2672 561 2704 idem
574 2674 714 2705 verbum.
740 2674 804 2705 Nec
818 2677 868 2706 dic

199 2721 374 2758 blanditias,
393 2723 494 2764 rigido
517 2734 570 2755 nec
581 2726 694 2766 jurgia
712 2726 789 2764 posti
803 2724 866 2756 duo

935 1886 1072 1918 codices.
1120 1887 1238 1917 Bumu.

979 1937 1055 1967 513.
1083 1935 1122 1966 Te
1135 1935 1349 1978 quoque-fallet
1364 1947 1457 1974 amor,
1473 1938 1543 1967 dum
1565 1939 1603 1968 sit

936 1985 1076 2026 tibifinis
1090 1984 1240 2025 amandi]
1266 1984 1406 2026 Regius:

982 2034 1022 2064 Te
1044 2045 1156 2075 quoque
1169 2035 1255 2076 falle
1277 2041 1387 2071 tamen,
1413 2045 1467 2066 nec
1486 2038 1524 2067 sit
1548 2037 1602 2067 tibi

1011 2084 1090 2124 finis
1105 2085 1241 2114 siniandi.

937 2131 1031 2168 Quod
1046 2131 1145 2163 secuti
1161 2142 1280 2163 sumus.
1291 2133 1377 2175 falle
1393 2140 1492 2164 tamen
1507 2133 1602 2165 etiam

936 2181 968 2211 in
983 2181 1138 2223 excerptis
1150 2181 1299 2212 Pontiani
1311 2187 1342 2213 et
1355 2193 1416 2213 uno
1430 2193 1467 2213 ex
1482 2183 1602 2214 nostris.

937 2230 1010 2261 Non
1032 2230 1107 2261 satis
1131 2235 1188 2267 est,
1205 2230 1320 2272 inquit,
1338 2237 1373 2262 ut
1392 2231 1483 2262 fallas
1502 2231 1601 2263 domi-

936 2289 1019 2316 nam,
1047 2285 1142 2321 atque
1169 2279 1216 2310 illi
1249 2280 1438 2322 persuadeas
1474 2286 1502 2312 te
1539 2292 1601 2313 non

935 2339 1053 2365 amare,
1071 2328 1126 2360 sed
1143 2329 1200 2359 tibi
1215 2339 1340 2370 quoque
1355 2329 1414 2371 ipsi
1431 2330 1600 2371 persuades

935 2377 1040 2414 velim,
1065 2388 1126 2408 non
1151 2389 1187 2409 eo
1211 2378 1271 2408 fine
1292 2378 1358 2409 haec
1381 2389 1400 2409 a
1424 2385 1453 2410 te
1478 2380 1540 2421 agi,
1565 2386 1600 2410 ut

933 2437 1037 2457 amare
1070 2426 1207 2457 desinas.
1252 2426 1372 2458 mes.
1419 2439 1480 2458 non
1509 2427 1601 2459 video

933 2475 1009 2507 satis
1025 2482 1133 2518 aptum
1149 2487 1186 2507 ex
1206 2476 1255 2507 his
1270 2477 1372 2508 verbis
1387 2488 1524 2515 sensum,
1540 2478 1599 2509 nisi

933 2524 1041 2566 legas:

979 2574 1019 2605 Te
1041 2585 1154 2615 quoque
1166 2574 1251 2616 falle
1274 2580 1384 2611 tamen,
1408 2585 1460 2606 nec
1483 2578 1522 2606 sit
1546 2577 1600 2607 tihi

1053 2624 1133 2664 finis
1148 2626 1272 2654 amandi

1022 2680 1217 2720 Praepositus.
1266 2680 1373 2712 Frenis
1395 2692 1467 2721 soepe
1491 2692 1598 2723 repug-

1063 2736 1117 2760 nat
1133 2741 1236 2772 equus.
1274 2736 1278 2737 ⁷
