1760 3172
166 162 252 203 344

553 160 603 201 Ρ.
637 159 849 201 OVIDII
883 159 1160 203 NASONIS

171 276 253 323 Sic
279 275 402 323 ferat
427 291 484 322 ac
509 274 689 322 referat
712 275 889 322 tacitas
914 292 1044 323 nunc
1069 277 1212 324 litera
1234 293 1397 333 voceS,

236 352 300 399 Et
324 358 564 416 peragant
587 351 765 414 linguae
791 352 962 399 charta
986 369 1260 416 manusque
1284 354 1416 401 vices
1436 372 1444 401 ε
1481 358 1544 401 30

170 428 316 483 Quod
336 429 437 476 fore
463 445 524 476 ne
550 429 753 476 nimium
778 430 945 477 videar
969 430 1204 485 diffidere,
1232 430 1396 494 sitque

234 505 472 553 Versibus
498 506 577 552 hic
605 505 776 568 paucis
803 506 1119 554 admonuisse
1144 507 1293 564 satis;

170 582 372 646 Accipe,
401 599 500 646 quo
526 599 722 648 semper
745 583 915 631 finitur
939 583 1151 647 epistola
1174 585 1338 640 verbo,

235 660 381 723 Aque
406 660 528 708 meis
550 661 738 708 distent
762 668 816 708 ut
839 668 925 709 tua
948 661 1063 717 fata,
1088 662 1212 709 vale.

612 1042 911 1090 ELEGIA
963 1043 1104 1090 XIV.

170 1190 412 1245 QUANTA
438 1188 530 1236 tibi
556 1187 784 1235 dederint
808 1187 961 1235 nostri
986 1196 1306 1237 monumenta
1328 1189 1499 1245 libelli,

238 1267 281 1314 Ο
309 1266 429 1314 mihi
455 1282 535 1313 me
559 1266 743 1329 conjux
769 1266 940 1322 carior,
968 1266 1078 1330 ipsa
1101 1266 1254 1314 vides.

173 1344 419 1392 Detrahat
443 1343 630 1390 auctori
655 1343 866 1389 multum
886 1342 1084 1390 fortuna
1106 1343 1301 1401 licebit3

236 1421 311 1468 Tu
336 1428 504 1468 tamen
527 1419 724 1482 ingenio
749 1420 883 1467 clara
905 1419 1061 1468 ferere
1086 1436 1196 1467 meo
1216 1437 1225 1467 z

172 1498 408 1561 Dumque
426 1498 578 1560 legar,
600 1512 794 1544 mecum
815 1496 997 1560 pariter
1015 1504 1101 1544 tua
1119 1497 1249 1545 fama
1266 1499 1459 1560 legetur
1479 1516 1490 1555 ;
1519 1501 1548 1545 5

239 1575 346 1623 Nec
370 1581 514 1638 potes
540 1575 589 1621 in
613 1582 815 1622 moestos
842 1575 1001 1621 omnis
1028 1575 1163 1622 abire
1188 1591 1349 1637 rogos.

171 1651 437 1715 Quumque
460 1651 549 1698 viri
574 1667 693 1699 casu
718 1651 879 1714 possis
905 1651 1186 1698 miseranda
1209 1651 1380 1707 videri,

237 1727 465 1776 Invenies
491 1728 698 1791 aliquas,
727 1744 854 1791 quae,
883 1728 1017 1790 quod
1043 1745 1112 1784 es,
1136 1744 1246 1775 esse
1269 1729 1449 1786 velint;

172 1805 295 1860 Quae
319 1813 385 1862 te,
408 1812 687 1852 nostrorum
714 1821 869 1868 quum
895 1805 961 1851 sis
987 1805 1036 1851 in
1062 1813 1201 1869 parte
1226 1806 1481 1861 malorum,

239 1882 455 1930 Felicem
479 1881 663 1938 dicant,
691 1881 1043 1945 invideantque
1069 1882 1174 1928 tibi.
1494 1886 1551 1929 lO

172 2083 236 2110 vet.
252 2088 323 2110 cum
337 2078 405 2109 aliis
421 2080 558 2110 sermoni.
588 2078 731 2109 Deficere
747 2078 828 2109 enim

172 2138 243 2158 cum
264 2132 374 2169 quarto
395 2138 470 2158 casu
493 2128 713 2159 construebant
733 2127 827 2170 scrip-

171 2182 252 2207 tores
274 2176 382 2218 optimi
402 2175 485 2207 illius
503 2176 620 2207 saeculi.
637 2176 706 2207 Cic.
724 2177 765 2206 iv.
780 2187 828 2218 ep.

171 2226 202 2256 6.
232 2224 346 2255 Solatia
370 2236 413 2256 me
437 2225 592 2266 deficiunt.
640 2225 735 2256 Plura
758 2225 828 2256 vide

173 2273 256 2316 apud
280 2272 444 2305 Heinsium
470 2274 510 2305 ad
534 2274 627 2305 Ovid.
651 2275 783 2305 Metam.
808 2274 829 2306 i.

172 2323 278 2353 Amor.
296 2322 359 2353 viii.
373 2324 425 2354 93.
441 2323 607 2354 Heinsium
623 2328 653 2353 et
668 2323 829 2354 Drakenb.

172 2371 212 2403 ad
227 2371 281 2403 Sil.
297 2372 372 2403 Ital.
388 2372 452 2403 viii.
466 2373 540 2403 661.
585 2373 734 2403 ΗΑΗιεε.

215 2421 268 2451 30.
292 2421 475 2463 Per-agant]
508 2422 627 2452 Munus
654 2421 769 2462 linguae
797 2432 829 2452 ο-

171 2469 276 2507 beant,
294 2470 377 2511 quod
392 2469 524 2512 epistola
538 2470 615 2501 solet
631 2470 762 2502 efficere.

215 2519 267 2549 34.
283 2521 380 2560 Atque
394 2521 464 2550 meis
478 2519 616 2560 distent]
643 2520 740 2560 Atque
755 2519 829 2550 scri-

172 2567 319 2604 bendum,
346 2574 381 2599 ut
403 2567 506 2599 Caroli
529 2569 670 2605 Strozzae,
692 2568 748 2599 viri
774 2579 828 2600 no·

171 2616 313 2647 bilissimi
336 2623 367 2648 et
390 2616 617 2653 humanissimi,
633 2617 742 2649 codex.
779 2618 828 2649 Cf.

173 2664 212 2696 ad
228 2665 335 2697 Amor.
347 2666 378 2698 ii.
391 2666 453 2698 xiv.
466 2677 530 2697 ver.
542 2667 601 2704 303
617 2672 649 2697 et
665 2667 750 2697 alibi.

940 2080 970 2109 2.
988 2079 1013 2109 Ο
1026 2080 1095 2109 mihi
1105 2090 1149 2109 me
1160 2079 1286 2120 cariata]
1305 2078 1458 2121 Exprimit
1469 2078 1551 2110 hunc

897 2138 1043 2164 amorem,
1059 2127 1113 2158 lib.
1127 2127 1170 2158 iii.
1186 2127 1274 2169 Eleg.
1289 2127 1333 2158 iii.
1347 2138 1409 2158 ver.
1422 2129 1459 2159 15
1473 2140 1479 2157 :

941 2177 1047 2207 Omnia
1073 2188 1163 2217 quum
1184 2178 1318 2213 subeant,
1340 2178 1433 2207 vincis
1454 2184 1551 2208 tumen

980 2229 1077 2257 omnia
1093 2229 1212 2266 conjux.

939 2275 968 2305 4.
987 2275 1031 2305 Ta
1044 2282 1141 2306 tamen
1158 2275 1303 2317 ingenim]
1322 2275 1437 2306 Versus
1452 2285 1489 2306 ex
1503 2275 1550 2306 in·

895 2323 986 2364 genio
1002 2334 1070 2355 meo
1085 2323 1213 2366 profecti
1226 2329 1255 2354 te
1268 2324 1478 2354 illustrabunt.

939 2374 969 2403 6.
989 2373 1049 2404 Nec
1071 2380 1150 2413 potes
1174 2375 1205 2403 in
1228 2378 1337 2404 moestos
1359 2375 1451 2403 omnis
1471 2375 1552 2405 abire

896 2422 1006 2463 rogos]
1034 2423 1105 2453 Non
1129 2428 1230 2464 potest
1253 2422 1335 2453 sama
1355 2428 1408 2453 tua
1428 2424 1551 2464 penitus

896 2470 1004 2507 deleri,
1016 2471 1279 2513 quemadmodum
1293 2482 1402 2514 corpus
1416 2471 1551 2502 absumi-

898 2526 946 2550 tur
961 2531 1045 2561 rogo.

937 2570 968 2600 9.
988 2570 1162 2601 Nostrorum
1177 2570 1353 2611 malonmn]
1372 2571 1452 2600 Meae
1467 2570 1549 2601 cala—

895 2618 1022 2649 mitatis.
1067 2619 1105 2649 In
1120 2626 1216 2659 parte.
1239 2621 1344 2657 Quum
1359 2629 1480 2650 mecum
1496 2619 1550 2649 do-

895 2667 992 2699 lenter
1007 2669 1085 2699 feras
1102 2668 1245 2699 exsilium
1261 2678 1374 2700 meum.
