1760 3172
334 188 427 229 EX
459 189 671 231 PONTO
705 190 825 232 LIB.
859 190 941 231 IV.
975 190 1168 232 EPIST.
1201 191 1337 232 VIII.

1445 192 1529 234 503

147 301 231 349 Sic
258 302 443 360 Chaos,
470 321 534 352 ex
558 305 641 352 illa
665 312 851 352 naturae
877 307 1007 353 mole
1033 306 1222 369 prioris,

212 378 478 441 Digestum
502 387 669 444 partes
695 381 879 429 scimus
904 383 1086 429 habere
1113 399 1254 430 suas:

146 455 230 503 Sic
255 456 562 505 adfectantes
588 458 812 505 coelestia
836 475 991 521 regna
1017 458 1276 521 Gigantas,

209 532 290 580 Ad
318 534 478 597 Styga
501 534 761 581 nimbifero
786 535 996 582 vindicis
1022 535 1135 596 igne
1167 535 1327 583 datos.
1466 540 1528 583 60

147 609 231 656 Sic
254 610 412 657 victor
431 611 630 659 laudem
655 611 900 675 superatis
928 611 1076 659 Liber
1099 612 1161 658 ab
1188 611 1343 667 Indis,

210 685 415 735 Alcides
441 695 589 751 capta
613 688 765 735 traxit
791 688 853 734 ab
876 687 1119 735 OEchalia.

145 762 211 810 Et
234 763 399 819 modo,
423 763 609 820 Caesar,
631 780 790 819 avum,
809 780 959 827 quem
977 765 1132 812 virtus
1155 765 1346 812 addidit
1365 766 1524 822 astris,

213 840 482 887 Sacrarunt
507 841 674 905 aliqua
690 841 915 889 'carmina
938 849 1079 904 parte
1105 848 1262 889 tuum.

146 917 200 963 Si
225 917 348 980 quid
373 918 534 965 adhuc
560 918 708 980 igitur
732 918 844 974 vivi,
875 918 1188 975 Germanice,
1215 926 1382 966 nostro
1464 923 1526 967 65

212 993 391 1042 Restat
415 995 465 1041 in
489 995 705 1058 ingenio,
733 984 913 1044 serviet
937 1011 1083 1043 omne
1106 995 1213 1043 tibi.

144 1070 191 1118 N
196 1087 259 1118 on
284 1078 426 1135 potes
452 1072 667 1119 officium
691 1073 815 1119 vatis
841 1079 1159 1120 contemnere
1183 1080 1349 1120 vates:

208 1148 238 1195 J
243 1149 408 1196 udicio
433 1149 648 1213 pretium
673 1166 750 1196 res
774 1150 925 1197 habet
948 1150 1044 1197 ista
1067 1157 1169 1196 tuo.

145 1225 293 1281 Quod
317 1227 413 1274 nisi
433 1234 483 1274 te
504 1243 688 1274 numen
713 1234 905 1274 tantum
932 1227 994 1275 ad
1019 1228 1206 1290 majora
1228 1233 1470 1282 vocasset,

212 1303 385 1351 Gloria
408 1303 664 1351 Pieridum
690 1321 885 1352 summa
908 1304 1101 1351 futurus
1128 1320 1252 1352 eraS.
1464 1307 1526 1351 70

147 1381 250 1428 Sed
274 1381 391 1430 dare
413 1382 672 1430 materiam
697 1383 856 1439 nobis,
876 1399 1026 1446 quam
1052 1382 1285 1438 carmina,
1313 1383 1472 1445 majus
1492 1399 1501 1429 :

212 1458 259 1505 N
265 1475 321 1507 ec
347 1466 515 1508 tamen
541 1476 605 1507 ex
630 1468 734 1508 toto
760 1461 987 1509 deserere
1012 1460 1096 1507 illa
1119 1467 1280 1524 potes.

145 1535 276 1583 Nam
291 1537 437 1584 modo
452 1537 584 1584 bella
599 1538 744 1600 geris,
757 1538 976 1586 numeris
992 1538 1138 1585 modo
1149 1538 1299 1584 verba
1309 1553 1525 1594 coerces,

210 1612 459 1677 Quodque
485 1614 592 1661 aliis
618 1631 741 1678 opus
768 1623 859 1670 est,
887 1615 980 1661 hoc
1006 1614 1096 1661 tibi
1120 1614 1267 1660 ludus
1293 1614 1400 1661 erit.
1463 1616 1524 1660 74

187 1758 238 1787 62.
253 1757 299 1787 Ab
316 1757 453 1787 OEchalia
469 1757 585 1798 capta]
612 1757 663 1788 Ab
683 1768 802 1799 expug-

143 1812 218 1837 nata
231 1806 385 1838 OEehalia.
417 1806 489 1837 Fuit
500 1812 604 1837 autem
614 1807 760 1838 OEchalia
771 1807 803 1838 in

142 1855 316 1891 Thessalia,
332 1855 481 1891 Arcadia,
500 1863 531 1887 et
543 1857 676 1887 Euboea.
706 1857 801 1887 Men.

144 1905 263 1936 Alcides
291 1911 389 1945 capta.
433 1906 600 1941 Hercules,
632 1907 670 1936 ob
702 1906 802 1943 Iolen,

143 1952 254 1995 Euryti
269 1953 365 1984 filiam
380 1953 439 1984 sibi
458 1960 595 1995 pactam,
611 1964 668 1985 nec
683 1954 802 1991 datam,

143 2003 320 2034 universam
347 2003 536 2038 OEchaliam,
567 2003 634 2045 ipso
668 2014 739 2045 rege
771 2004 803 2034 in

143 2053 299 2083 Euboeam
313 2051 464 2093 fugiente,
481 2051 653 2083 debellavit
674 2058 704 2083 et
718 2063 802 2084 ever·

144 2101 193 2133 tit.
226 2101 330 2132 Pos‘r.

187 2150 239 2181 63.
260 2150 301 2180 Et
323 2150 449 2190 Casan]
476 2150 676 2182 Germanice.
721 2151 805 2188 Quia

142 2205 237 2240 poeta
253 2198 337 2241 prius
356 2204 495 2241 coeperat
510 2199 733 2231 Germanicum
748 2199 803 2230 ad-

142 2246 242 2290 loqui,
260 2255 292 2279 et
313 2247 500 2289 digressione
525 2248 630 2290 aliqua
655 2259 729 2280 usus
752 2249 802 2279 su-

143 2303 223 2333 erat,
237 2308 320 2328 nunc
343 2297 383 2328 ad
407 2297 541 2328 eundem
562 2308 732 2329 sermonem
754 2297 801 2328 di·

143 2346 227 2388 rigit,
258 2346 424 2378 ostendens
450 2357 482 2377 se
512 2357 636 2388 quoque
665 2347 802 2388 Augusti

144 2395 254 2427 laudes
274 2396 410 2427 carmine
431 2396 629 2438 complexum
649 2396 754 2432 fuisse,
771 2402 801 2426 et

143 2445 251 2487 aliqua
273 2451 360 2488 parte
385 2456 422 2476 eo
445 2445 536 2477 modo
555 2445 645 2476 illum
668 2445 801 2477 donasse

144 2495 388 2526 immortalitate.

187 2545 242 2574 67.
267 2544 381 2585 Vates]
399 2544 448 2574 Tu
463 2542 517 2585 qui
533 2554 565 2574 es
580 2542 714 2584 optimus
728 2553 801 2584 poe-

145 2600 188 2631 ta,
211 2593 295 2635 quod
320 2593 412 2624 docet
432 2592 644 2634 Tranquillus,
666 2592 803 2623 scribens

145 2654 217 2675 eum
231 2642 393 2684 reliquisse
407 2643 578 2674 comoedias
589 2642 731 2674 Graecas.

188 2693 241 2723 68.
256 2692 379 2722 Judicio
395 2692 473 2732 tum]
498 2691 544 2721 Te
566 2689 611 2721 ita
629 2690 804 2732 judicante.

148 2742 248 2772 Habet
265 2743 408 2780 pretium.
441 2741 593 2772 Censetur
615 2745 647 2770 et
672 2739 804 2770 habetur

868 1759 900 1788 in
922 1758 1030 1800 pretio,
1048 1764 1101 1788 tuo
1121 1757 1252 1799 judicio.
1292 1758 1350 1787 Res
1373 1758 1441 1787 ista.
1465 1757 1526 1787 Fa-

869 1807 971 1838 cultas
986 1806 1117 1848 poetica.

913 1857 964 1887 69.
997 1857 1109 1886 Nomen
1141 1855 1288 1895 tanturm]
1316 1855 1419 1885 Tanta
1446 1854 1528 1885 fama

869 1905 1019 1936 virtutum
1045 1911 1190 1935 tuarum:
1214 1903 1263 1934 vel
1288 1914 1401 1934 nomen
1423 1904 1527 1934 Caesa-

870 1954 920 1984 ris.
970 1954 1101 1984 sor—asset
1127 1959 1155 1983 te
1178 1955 1228 1983 ad.
1262 1953 1415 1994 Elegisset
1436 1958 1466 1983 te
1488 1952 1528 1983 ad

870 2003 1046 2044 imperium.

914 2053 966 2082 70.
985 2052 1092 2081 Gloria
1109 2052 1264 2081 Pieridmn
1286 2051 1426 2090 sunnam]
1450 2051 1527 2081 Eras

870 2101 991 2132 futurus
1006 2101 1159 2131 maximus
1174 2106 1277 2141 poeta.

913 2150 964 2180 71.
981 2150 1037 2180 Sed
1065 2152 1137 2180 dare
1160 2150 1315 2179 materiam
1335 2148 1441 2188 nobis]
1465 2148 1527 2179 Sed

869 2199 1007 2241 praebere
1035 2199 1135 2240 poetis
1161 2197 1344 2228 facultatem
1372 2197 1526 2228 scribendi

870 2248 908 2278 de
923 2248 1015 2278 rebus
1032 2257 1050 2277 a
1065 2258 1097 2277 se
1112 2247 1216 2287 gestis.
1264 2247 1361 2280 Quam
1380 2249 1527 2277 carmina.

868 2298 924 2327 Est
944 2296 1027 2327 enim
1044 2295 1169 2338 majoris
1192 2295 1325 2331 honoris,
1339 2305 1432 2336 quam
1454 2296 1528 2326 scri·

868 2347 940 2376 bere
956 2345 1105 2375 carmina.

913 2395 964 2425 72.
982 2394 1023 2424 Ε]
1043 2393 1129 2434 tota]
1158 2394 1204 2423 Ex
1220 2392 1303 2423 omni
1319 2398 1417 2434 parte.
1463 2392 1525 2422 De-

868 2454 962 2473 serere
988 2444 1041 2472 illa
1062 2449 1152 2482 potes.
1185 2442 1279 2472 Potes
1304 2441 1361 2471 illa
1386 2441 1526 2471 carmina

869 2498 899 2522 et
913 2492 1050 2533 poetices
1066 2490 1203 2522 studium
1219 2489 1404 2531 relinquere,
1416 2500 1526 2530 quam-

869 2540 915 2571 vis
952 2541 992 2572 sit
1026 2541 1123 2582 major
1158 2539 1357 2582 imperatoria
1389 2539 1526 2580 dignitas

867 2596 961 2632 poeta
974 2589 1053 2631 ipso.

912 2640 966 2670 73.
995 2639 1136 2669 Nnmeris
1164 2640 1246 2668 mado
1275 2637 1352 2667 bella
1379 2635 1520 2675 coerces]

873 2688 966 2719 Verba
975 2699 1085 2719 coerces
1093 2686 1232 2729 plerique
1240 2692 1358 2716 veteres
1366 2697 1374 2723 3
1390 2691 1421 2715 et
1430 2689 1526 2715 recte.

870 2736 1050 2778 Aliquando
1074 2736 1159 2767 bella
1188 2733 1376 2769 intermittis,
1400 2738 1432 2764 et
1460 2742 1526 2763 car-

1000 2785 1030 2815 K
1046 2797 1062 2815 K
1081 2787 1100 2814 4
