1760 3172
189 158 217 197 6
575 157 624 198 Ρ.
657 154 870 198 OVIDII
904 154 1184 196 NASONIS

195 269 420 326 Decidit;
461 278 611 332 atque
636 270 836 324 cadens,
859 269 1024 325 Pater,
1045 270 1074 315 ὀ
1094 275 1249 332 pater,
1274 269 1482 325 auferor,
1504 270 1575 316 in-

260 346 562 394 Clauserunt
586 346 765 393 virides
791 361 876 392 ora
900 345 1150 407 loquentis
1177 360 1335 407 aquae.

1429 345 1574 408 [quit.

195 422 259 470 At
285 430 425 486 pater
451 423 636 478 infelix,
658 425 762 486 jam
788 438 885 469 non
912 429 1067 485 pater,
1097 420 1252 476 Icare‚
1280 421 1478 476 clamat,

261 498 415 553 Ieare,
443 500 640 554 clamat,
668 499 750 545 ubi
777 499 864 545 es?
902 513 1063 560 quove
1089 498 1181 544 sub
1208 513 1301 544 axe
1326 499 1494 545 volas?

200 575 351 631 lcare,
379 576 652 622 clamabat:
694 590 882 638 pennas
909 574 1142 636 adspexit
1167 574 1214 620 in
1240 574 1403 621 undis.
1515 577 1577 620 95

260 652 392 699 Ossa
415 653 538 714 tegit
563 653 737 707 tellus;
777 667 978 713 aequora
1003 666 1181 697 nomen
1207 651 1408 698 habent.

194 727 237 773 N
244 744 306 774 on
331 729 490 792 potuit
515 728 681 775 Minos
707 727 917 774 hominis
944 743 1262 790 compescere
1288 742 1506 790 pennas:

260 804 376 868 Ipse
404 806 567 852 Deum
593 806 840 852 volucrem
865 804 1139 851 detinuisse
1165 819 1300 867 paro.

197 880 414 937 Fallitur,
443 881 728 929 Haemonias
755 882 794 928 si
821 882 933 944 quis
959 882 1176 928 decurrit
1200 882 1260 928 ad
1288 888 1446 935 artes;

260 958 476 1021 Datque,
504 960 637 1022 quod
663 975 692 1007 a
711 959 867 1006 teneri
893 958 1053 1005 fronte
1085 958 1285 1005 revellet
1310 957 1442 1019 equi.
1489 959 1579 1003 lOO

200 1033 310 1080 Non
336 1035 534 1091 facient,
562 1043 616 1082 ut
640 1036 770 1083 vivat
795 1051 947 1091 amor,
976 1034 1240 1081 Medei'des
1266 1034 1459 1081 herbae:

258 1110 524 1174 Mixtaque
548 1129 662 1159 cum
688 1112 893 1174 magicis
920 1111 1080 1158 naenia
1105 1110 1277 1157 Marsa
1301 1110 1453 1156 sonis.

195 1186 402 1234 Phasias
428 1189 714 1244 AEsoniden,
744 1188 891 1236 Circe
917 1189 1160 1235 tenuisset
1187 1187 1388 1242 Ulixen,

260 1263 313 1309 Si
338 1265 484 1312 modo
509 1266 688 1312 servari
715 1265 932 1312 carmine
958 1265 1116 1328 possit
1143 1279 1295 1311 amor.

193 1337 298 1385 Nec
323 1340 440 1387 data
462 1341 734 1404 profuerint
759 1341 996 1405 pallentia
1019 1341 1201 1404 philtra
1225 1340 1418 1403 puellis.
1482 1343 1574 1388 105

255 1414 446 1464 Philtra
469 1425 650 1464 nocent
674 1419 877 1476 animis3

917 1418 1118 1480 vimque
1142 1417 1317 1464 furoris
1343 1417 1545 1464 habent.

192 1491 268 1538 Sit
291 1494 461 1555 procul
486 1510 631 1542 omne
657 1494 810 1542 nefas.
839 1502 893 1541 ut
918 1495 1112 1550 ameris,
1140 1494 1366 1541 amabilis
1392 1501 1528 1541 esto:

260 1567 405 1622 Quod
431 1570 520 1617 tibi
546 1587 642 1618 non
668 1571 837 1628 facies,
865 1572 1028 1618 solave
1054 1571 1210 1618 forma
1233 1570 1388 1617 dabit.

235 1753 289 1783 92.
325 1753 508 1784 Clauserunt
544 1755 677 1796 virides]
712 1755 850 1786 Imitatio

197 1801 398 1842 I‘ropertiana
409 1812 446 1832 ex
464 1802 518 1833 lib.
533 1802 578 1833 iii.
595 1804 684 1845 Eleg.
700 1815 732 1835 v.
752 1805 801 1835 10.

237 1850 315 1881 Cum
330 1853 505 1882 moribunda
527 1854 613 1894 niger
631 1855 784 1884 clauderet
799 1864 852 1883 ora

690 1903 808 1933 Bumu.

241 1948 311 1977 102.
339 1948 489 1988 Mistaque
515 1960 583 1979 cum
610 1951 733 1991 magicis
758 1961 853 1981 mersa

199 2007 307 2026 venena
321 1996 428 2037 sonim]
454 1998 603 2038 Scaliger,
620 1999 770 2039 Mistaque
785 2011 853 2030 cum

197 2047 318 2086 magicis
340 2047 438 2076 naenia
463 2046 567 2076 Marsa
588 2049 664 2077 sonis
684 2048 852 2079 scribebat.

198 2094 246 2124 De
262 2105 324 2135 quo
340 2094 426 2125 alibi.
473 2096 626 2127 Gruterus
646 2108 683 2127 ex
701 2097 853 2129 Palatinis

201 2143 302 2173 Marsa
319 2155 431 2174 venena
446 2144 613 2175 scribebat.
638 2146 730 2176 DAN.
748 2147 851 2177 Hem-

193 2203 273 2223 ειυς.
322 2193 426 2223 Marsa
449 2193 616 2234 legendum
634 2195 758 2225 omnino
780 2206 851 2226 cum

194 2240 293 2281 prima
313 2240 448 2271 editione
469 2248 500 2271 et
519 2242 641 2284 scriptis
660 2244 850 2285 quampluri-

282 1900 389 1939 liquor.

195 2289 263 2319 mis.
307 2289 368 2320 Sed
385 2289 517 2321 necdum
531 2301 640 2322 sanum
655 2292 850 2333 praestiterim

194 2337 310 2373 locum,
327 2338 386 2368 nisi
406 2349 477 2369 cum
496 2339 613 2380 optimo
634 2341 734 2382 Regio
750 2348 781 2372 et
797 2353 850 2373 ex-

193 2386 306 2428 cerptis
326 2386 476 2428 Scaligeri
498 2398 534 2418 ac
554 2389 687 2420 Puteani
707 2401 850 2432 reponas,

196 2436 292 2465 naeizia
309 2435 424 2466 Marsa.
469 2436 589 2467 Cantus
608 2437 690 2467 enim
711 2439 851 2480 magicus

195 2484 369 2514 Marsorum
380 2485 575 2526 serpentibus
590 2485 694 2517 fatalis
707 2487 853 2519 creditus.

194 2531 299 2573 Atque
316 2532 360 2562 ita
380 2532 436 2563 lib.
458 2533 499 2564 vi.
518 2534 679 2564 Fastorum
699 2536 772 2566 141.
795 2546 849 2577 op-

196 2579 262 2610 timi
278 2580 411 2617 codices,
426 2581 465 2612 de
479 2582 638 2623 strigibus.

236 2628 303 2658 Siue
317 2631 413 2669 igilur
429 2638 596 2662 nascuntur
616 2642 692 2667 aves,
710 2642 758 2661 seu
784 2643 850 2662 cur-

319 2680 501 2718 ttiinefiitrit,

1007 1755 1172 1795 Na'rziaque
1184 1757 1215 1785 in
1230 1756 1364 1786 volucres
1380 1755 1581 1797 Mursa-tigu-

1048 1811 1098 1834 rat
1115 1815 1202 1835 anus.

919 1853 1000 1884 Hinc
1019 1860 1187 1893 serpentum
1212 1854 1367 1884 domitores
1391 1852 1507 1884 Marsos
1525 1863 1579 1894 ap-

919 1902 1038 1944 pellant
1056 1902 1178 1933 Plinius
1188 1912 1224 1933 ac
1239 1902 1373 1933 Gellius.
1390 1913 1505 1943 eosque
1520 1902 1580 1932 ori-

919 1951 1023 1992 ginem
1036 1961 1052 1981 a
1070 1952 1176 1981 Marso
1189 1950 1297 1981 Circes
1314 1950 1376 1981 filio
1392 1950 1505 1981 ducere
1520 1957 1580 1981 tes-

920 2005 1034 2035 tantur,
1059 2006 1092 2030 ut
1119 1999 1193 2030 artis
1216 1999 1346 2040 magicae
1375 1999 1498 2041 peritia,
1517 2010 1581 2041 qua

921 2049 1014 2089 vulgo
1036 2048 1117 2079 male
1145 2049 1326 2084 audiebant,
1347 2049 1378 2078 in
1400 2049 1436 2079 iis
1460 2059 1579 2090 nequa-

919 2107 1013 2138 quam
1039 2097 1079 2127 sit
1101 2096 1252 2128 miranda.
1298 2097 1421 2127 Marsos
1444 2098 1483 2127 ob
1507 2097 1583 2128 artis

919 2145 1135 2186 cognationem
1160 2156 1231 2176 cum
1262 2145 1378 2186 Psyllis
1404 2146 1583 2187 frequenter

920 2199 1041 2224 veteres
1065 2193 1286 2235 conjungebat,
1312 2205 1373 2235 quo
1399 2194 1491 2224 modo
1516 2195 1580 2225 Pli-

919 2242 990 2273 nius
1013 2243 1071 2273 lib.
1098 2254 1149 2273 xv.
1170 2253 1242 2285 cap.
1264 2243 1298 2273 ii.
1324 2249 1356 2274 et
1378 2243 1502 2275 Gellius
1524 2244 1581 2275 lib.

919 2291 983 2322 xvi.
996 2303 1067 2334 cap.
1085 2292 1129 2323 xi.
1177 2293 1295 2323 Ilfflxs.

964 2342 1035 2372 107.
1063 2342 1104 2371 Ut
1125 2343 1243 2377 ameris,
1264 2343 1400 2372 amabilis
1420 2342 1506 2382 esan]
1531 2342 1578 2372 Ex

917 2389 1073 2420 communi
1097 2400 1154 2420 usu
1177 2396 1208 2420 et
1230 2400 1370 2421 sermone
1395 2390 1576 2431 repetitum.

919 2438 955 2469 P.
969 2439 1075 2479 Syrus,
1093 2440 1117 2469 si
1133 2440 1176 2469 vis
1191 2441 1300 2475 amari,
1315 2452 1396 2470 ama.
1419 2439 1502 2481 quod
1522 2440 1578 2470 Se-

920 2498 998 2518 neca
1027 2487 1058 2518 in
1088 2488 1277 2519 sententiam
1314 2488 1421 2520 Ovidii
1454 2490 1579 2530 egregie

919 2535 1011 2566 docet
1037 2536 1138 2578 Epist.
1166 2536 1208 2568 ix.
1242 2537 1302 2579 Ego
1333 2539 1385 2567 tibi
1413 2540 1583 2568 monstrabo

920 2587 1111 2621 amatorium,
1126 2588 1187 2616 sine
1199 2588 1420 2622 medicamento,
1432 2588 1495 2617 sine
1507 2588 1575 2617 her-

919 2636 965 2668 ba,
981 2636 1043 2664 sine
1057 2636 1152 2666 ullius
1170 2636 1303 2675 veneficae
1322 2637 1464 2666 carmine.
1490 2639 1513 2666 si
1535 2638 1577 2667 vis

919 2685 1116 2719 amar-imma.
1162 2685 1276 2715 Burin.
