1760 3172
567 166 865 211 REMEDIA
894 165 1156 208 AMORIS.
1459 166 1545 206 119

149 283 273 334 Haec
298 285 383 334 ubi
407 284 712 349 praestiteris,
740 290 795 330 ut
818 281 1020 330 tandem
1045 282 1191 328 litora
1215 289 1407 343 tangaS,
1442 283 1538 327 635

214 363 330 410 Non
350 363 471 410 satis
496 370 573 409 est
597 361 758 425 ipsam
782 360 1064 407 deseruisse
1089 359 1197 405 tibi.

149 440 216 488 Et
241 456 393 496 soror,
421 446 472 487 et
495 446 653 486 mater
677 438 892 492 valeant,
921 444 973 484 et
997 436 1199 484 conscia
1222 436 1406 490 nutrix,

216 516 284 564 Et
308 516 556 580 quidquid
580 514 793 562 dominae
820 529 935 576 pars
961 513 1054 561 erit
1077 513 1178 559 ulla
1202 519 1318 559 tuae.

150 593 261 641 Nec
285 593 456 641 veniat
477 608 647 640 servus
667 609 676 639 :
717 607 809 639 nec
835 591 960 638 flens
987 590 1221 649 ancillula
1243 589 1416 636 fictum

218 670 526 734 Suppliciter
549 669 765 716 dominae
791 668 991 715 nomine
1016 667 1166 722 dicat,
1194 666 1318 713 Ave.
1450 667 1546 711 640

151 747 279 804 Nec,
306 747 347 794 si
372 747 499 795 scire
524 747 676 802 voleS‚
705 746 826 809 quid
852 752 969 807 agat
992 752 1160 791 tamen
1187 744 1287 798 illa,
1315 741 1532 804 rogabis.

219 823 420 872 Profer:
461 823 556 870 erit
579 824 716 869 lucro
740 821 912 883 lingua
936 827 1132 868 retenta
1155 835 1264 866 suo.

152 901 230 949 Tu
254 917 474 965 quoque,
500 900 587 964 qui
611 915 842 947 caussam
867 898 992 945 finiti
1017 896 1183 944 reddis
1210 895 1408 950 amoris,

221 977 401 1041 Deque
424 978 512 1024 tua
538 977 741 1024 domina
768 975 927 1022 multa
952 973 1211 1037 querenda
1235 972 1416 1028 refers3

155 1055 316 1103 Parce
341 1054 498 1117 queri.
539 1053 718 1100 melius
744 1052 816 1099 sic
845 1051 1082 1098 ulciscere
1107 1049 1348 1105 tacendo3
1455 1050 1551 1094 645

224 1132 360 1179 Dum
384 1130 645 1178 desideriis
671 1131 839 1177 effluat
863 1129 948 1176 illa
971 1129 1087 1175 tuis.

159 1208 227 1256 Et
250 1209 420 1255 malim
445 1215 631 1264 taceas,
660 1223 812 1270 quam
839 1214 889 1254 te
915 1207 1106 1254 desisse
1131 1204 1367 1268 loquaris.

225 1284 323 1339 Qui
348 1285 555 1332 nimium
580 1285 767 1341 multis,
797 1284 913 1331 Non
940 1300 1067 1339 amo,
1095 1283 1244 1340 dicit3
1286 1288 1434 1329 amat.

162 1363 265 1411 Sed
289 1363 491 1410 meliore
516 1363 613 1410 fide
639 1363 899 1426 paullatim
925 1360 1234 1423 extinguitur
1258 1359 1404 1422 ignis,

227 1439 392 1495 Quam
416 1440 598 1488 subito.
637 1440 772 1487 lente
796 1440 969 1487 desine
992 1457 1002 1496 3
1042 1445 1180 1485 tutus
1207 1437 1319 1484 eris.
1460 1437 1556 1481 650

163 1517 390 1566 Flumine
416 1525 657 1580 perpetuo
684 1524 876 1564 torrens
903 1516 1031 1562 solet
1056 1514 1218 1561 acrius
1245 1513 1331 1559 ire.

233 1594 336 1642 Sed
359 1601 528 1641 tamen
552 1594 659 1641 haec
683 1594 847 1641 brevis
874 1600 965 1648 est,
994 1592 1078 1638 illa
1102 1590 1335 1654 perennis
1362 1604 1509 1651 aqua.

165 1671 342 1726 Fallat,
369 1677 420 1718 et
442 1671 492 1717 in
517 1678 694 1718 tenues
720 1670 960 1717 evanidus
988 1674 1138 1715 exeat
1163 1682 1324 1722 auras,

231 1747 433 1810 Perque
459 1748 642 1810 gradus
667 1748 842 1794 molles
868 1745 1137 1793 emoriatur
1162 1758 1317 1791 amor.
1465 1742 1560 1788 654

169 1824 272 1872 Sed
298 1823 446 1871 modo
471 1824 710 1872 dilectam
736 1825 900 1871 scelus
927 1830 1004 1871 est
1030 1820 1197 1868 odisse
1224 1819 1442 1884 puellam
1464 1835 1474 1866 :

235 1900 416 1949 Exitus
441 1901 653 1964 ingeniis
679 1901 912 1949 convenit
937 1899 1030 1947 iste
1057 1897 1189 1945 feris.

216 2132 290 2164 640.
322 2131 536 2173 Suppliciter]
565 2132 687 2163 Fit-tum
711 2138 743 2163 et
766 2143 833 2172 sup-
906 2138 1011 2162 tamen
1027 2140 1097 2161 cum
1117 2128 1230 2170 Regio,
1248 2125 1399 2168 Scaligeri
1419 2123 1574 2165 excerptis

170 2182 293 2221 pliciter
308 2181 371 2212 duo
386 2181 536 2213 adverbia
550 2181 626 2212 dure
640 2187 838 2213 concurrunt.
906 2187 938 2212 et
967 2180 1066 2211 tribus
1102 2178 1182 2214 aliis,
1203 2179 1293 2219 finiti
1325 2177 1425 2207 reddis
1457 2174 1575 2204 amoris.

175 2230 256 2262 Puto
271 2231 461 2272 legendum:
908 2229 992 2271 quod
1022 2239 1128 2259 verum
1156 2233 1215 2258 est.
1267 2226 1327 2261 Tu,
1358 2222 1471 2265 inquit,
1502 2232 1575 2252 cum

356 2280 511 2321 Necflens
525 2280 797 2320 arzcillulafictum
908 2279 1018 2309 reddes
1043 2287 1169 2308 causam
1191 2274 1351 2307 sodalibus
1376 2274 1449 2307 tuis,
1478 2281 1574 2312 quare

175 2330 341 2370 Supplicet,
356 2337 384 2361 et
399 2332 523 2361 dominae
539 2332 656 2360 nomine
672 2332 754 2361 dicat
769 2342 832 2360 ace.
910 2327 1038 2359 desieris
1055 2337 1171 2357 amare.
1215 2325 1334 2355 Hisms.

176 2379 296 2411 mes.
332 2379 434 2410 Nulla
451 2390 529 2422 opus
540 2379 842 2419 emendatione,fic-
954 2378 1027 2408 645.
1046 2377 1160 2407 Melius
1169 2378 1209 2406 sic
1222 2382 1249 2405 te
1267 2375 1407 2404 ulciscere
1423 2370 1573 2410 tacendo]

178 2434 244 2459 tum
266 2429 518 2470 conjungendum
536 2433 584 2459 est
596 2428 648 2466 *vel
671 2430 843 2469 cumflens,
913 2427 962 2457 Sic
979 2428 1120 2457 ulciscere
1142 2425 1283 2456 meliores
1303 2422 1409 2464 scripti
1429 2431 1501 2452 cum
1516 2420 1577 2461 pri-

178 2483 214 2509 ut
241 2479 330 2509 dulce
355 2480 455 2509 ride-re
482 2483 513 2508 et
536 2477 660 2508 similia.
686 2477 749 2513 vel,
774 2488 845 2508 cum
914 2476 972 2506 mis
993 2475 1193 2506 editionibus.
1217 2478 1311 2504 recte.
1338 2478 1370 2502 ut
1393 2472 1430 2502 τὸ
1453 2477 1480 2500 et
1505 2469 1578 2500 sub-

183 2528 244 2558 Ave
258 2532 294 2558 ut
308 2527 450 2558 Martial.
466 2526 488 2557 i.
502 2527 555 2558 56.
575 2528 759 2557 matutinum
782 2538 846 2557 are.
915 2525 1119 2565 intelligatur.
1150 2535 1204 2565 pro
1242 2523 1366 2552 tacendo
1396 2519 1580 2560 Cantabrig.

180 2575 213 2606 in
237 2586 298 2606 uno
322 2577 524 2618 eratfurtim.
547 2575 642 2607 etiam
668 2586 730 2606 non
754 2576 847 2606 male.
914 2576 1076 2615 querendo.
1094 2573 1182 2608 forte,
1199 2572 1368 2611 premendo.
1387 2570 1445 2600 hoc
1466 2576 1513 2599 est
1535 2574 1581 2599 te-

185 2624 303 2655 BURM·
598 2644 600 2646 v
916 2622 1027 2665 gendo,
1045 2629 1075 2652 et
1091 2620 1264 2652 occulendo
1279 2619 1435 2661 injuriam.
1458 2619 1582 2649 tacendo

227 2674 302 2704 643.
318 2673 604 2714 Quicausamflnito
616 2675 714 2705 reddis
725 2674 846 2713 umor-12]
919 2673 1020 2702 minus
1036 2671 1150 2712 placet,
1168 2681 1205 2700 ne
1225 2670 1273 2700 bis
1288 2669 1371 2700 idem
1389 2668 1484 2699 dicat.
1511 2677 1583 2697 nam

184 2722 235 2753 Sic
248 2733 302 2764 pro
312 2721 434 2753 diversa
446 2722 580 2753 lectione
592 2723 782 2757 Puteaneus‚
798 2721 851 2762 qui
920 2721 1070 2762 sequitur,
1088 2720 1127 2750 Ec
1144 2720 1243 2750 malim
1263 2725 1369 2749 taceas.
1414 2718 1532 2747 Hmss.

1020 2774 1070 2803 14
