1760 3172
563 417 629 464 P.
659 417 892 465 olell
926 418 1163 468 NASON
1175 419 1231 468 {S

345 581 1030 640 MEDICAMINA
1081 583 1452 642 FACIEI.

627 752 1163 791 FRAGMENTUM.

760 907 1023 939 -φ,

198 1062 265 1109 D1
277 1077 446 1117 somn,
475 1077 588 1124 quae
612 1059 791 1108 faciem
816 1062 1134 1109 commendet
1157 1078 1291 1119 cura,
1319 1064 1526 1128 puellae:

262 1138 328 1186 Et
352 1155 452 1202 quo
478 1139 542 1186 sit
565 1139 703 1186 vobis
729 1139 887 1186 forma
911 1140 1100 1187 tuenda
1123 1141 1288 1188 modo.

196 1216 374 1263 Cultus
396 1216 602 1263 humum
628 1216 847 1264 sterilem
876 1217 1106 1265 Cerealia
1129 1218 1351 1281 pendere
1370 1219 1524 1281 jussit

260 1292 503 1341 Munera:
544 1293 804 1341 mordaces
829 1294 1061 1342 interiere
1086 1295 1212 1341 rubi.

194 1370 373 1418 Cultus
399 1378 450 1418 et
470 1370 520 1418 in
544 1371 706 1434 pomis
733 1388 910 1419 succos
937 1372 1172 1419 emendat
1196 1372 1432 1431 acerbos;
1559 1376 1588 1421 5

260 1448 504 1512 Fissaque
531 1449 789 1513 adoptivas
816 1449 1001 1513 accipit
1024 1449 1170 1496 arbor
1194 1465 1332 1513 opes.

194 1526 346 1573 Culta
370 1527 585 1590 placent.
626 1543 744 1575 auro
772 1527 1005 1575 sublimia
1028 1533 1162 1574 tecta
1185 1526 1436 1584 linuntur;

258 1603 417 1666 Nigra
442 1604 535 1650 sub
562 1603 796 1668 imposito
821 1620 1066 1651 marmore
1092 1612 1225 1651 terra
1249 1603 1386 1651 latet.

189 1680 389 1728 Vellera
413 1697 545 1746 saepe
571 1682 749 1730 eadem
765 1681 928 1746 Tyrio
954 1681 1268 1728 medicantur
1294 1681 1446 1729 aeno:

260 1758 448 1805 Sectile
473 1758 666 1806 deliciis
694 1758 841 1807 India
865 1759 1058 1823 praebet
1083 1759 1223 1807 ebur.
1528 1763 1587 1807 10

231 1880 392 1921 Integrum
416 1879 499 1911 hunc
527 1880 672 1912 libellum
696 1880 790 1913 fuisse
815 1893 852 1913 ex

186 1932 255 1973 ipso
281 1929 397 1961 Ovidio
423 1930 611 1972 colligimus,
638 1931 692 1972 qui
717 1930 748 1961 in
776 1931 853 1963 Arte

187 1979 370 2012 Amatoria:

232 2030 287 2061 Est
309 2030 392 2065 mihi,
409 2040 465 2069 quo
488 2030 566 2060 dixit
590 2036 694 2060 vestrae
718 2030 854 2061 Illedica-

314 2077 521 2119 minuforma’,

274 2127 404 2163 Parrus,
420 2129 468 2158 sed
491 2127 565 2157 curti
586 2128 703 2169 grande
723 2128 851 2164 libellas,

316 2188 397 2217 opus.

186 2227 237 2259 De
274 2225 473 2267 inscriptione
506 2236 569 2256 non
605 2224 682 2256 satis
718 2230 851 2256 constat.

186 2286 257 2318 quae
269 2274 362 2316 vulgo
377 2274 603 2311 circumfertur,
615 2284 652 2306 ex
669 2273 727 2305 hoc
744 2274 851 2305 Ovidii

185 2335 276 2355 versu
305 2324 429 2354 videtur
458 2323 604 2354 conflata.
631 2322 749 2364 scripti,
774 2334 851 2364 quos

186 2372 260 2408 vidi,
277 2371 396 2403 nullam
416 2377 602 2413 agnoscunt,
623 2377 734 2412 praeter
754 2382 850 2402 unum

185 2421 388 2456 Vaticanum,
405 2420 459 2462 qui
483 2420 522 2451 de
544 2420 662 2450 Ornata
680 2420 780 2461 faciei
803 2419 849 2450 in-

183 2471 301 2502 scribit.
325 2469 425 2512 prima
439 2476 544 2500 tamen
557 2469 653 2500 editio
665 2469 846 2499 Medicatam

174 2520 290 2561 faciem
306 2522 409 2549 vocat.
427 2517 515 2559 quid,
532 2517 557 2548 si
575 2519 677 2548 Artem
693 2517 848 2548 ‚Medicari-

183 2567 569 2610 doefacz'eiinscribamus‘!
593 2567 710 2597 Hmss.
735 2567 849 2597 Ovidio

184 2616 354 2648 vindicavit
363 2621 394 2647 ct
406 2615 547 2652 Vossius,
562 2615 617 2647 lib.
628 2627 657 2646 v.
668 2615 744 2646 Inst.
759 2615 847 2646 Orat.

183 2676 254 2708 cap.
276 2665 320 2696 iii.
341 2670 417 2695 sect.
438 2666 469 2695 2.
501 2664 676 2695 verosimile
703 2670 750 2695 est
772 2663 848 2694 mihi

182 2713 332 2746 Ovidium
354 2723 428 2744 voce
455 2713 665 2745 Medic-aminis
688 2723 778 2744 usum
800 2713 847 2744 fu-

922 1881 993 1912 isse.
1008 1880 1052 1912 sic
1071 1881 1198 1912 Petron.
1214 1881 1430 1923 cap.cii.p1aa
1447 1881 1590 1924 infectam

924 1931 1241 1972 Medic-aminefaciem
1254 1933 1371 1962 diutius
1379 1932 1493 1962 durare
1501 1943 1591 1972 posse.

922 1979 1005 2011 idem
1021 1990 1092 2021 cap.
1109 1979 1213 2010 cxxvi.
1240 1980 1305 2014 Quo
1321 1982 1398 2010 enim
1414 1981 1590 2022 spectatja—

923 2031 979 2060 cies
996 2029 1197 2060 Medicamine
1211 2031 1333 2060 attrita.
1355 2036 1388 2061 et
1409 2029 1454 2060 ita
1472 2030 1588 2071 passim

923 2078 988 2109 alii.
1033 2079 1150 2109 Bumx.

968 2129 999 2158 4.
1027 2127 1212 2168 Mon-daces]
1239 2126 1389 2159 Heinsius
1409 2127 1483 2159 olim
1506 2140 1588 2159 mar-

917 2183 1025 2213 centes,
1035 2176 1067 2207 id
1079 2182 1126 2207 est
1138 2176 1252 2207 inertes
1264 2176 1452 2217 conjecerat.
1468 2177 1590 2208 Marius

918 2225 1067 2267 explicat,
1084 2232 1208 2266 propter
1223 2225 1329 2267 spinas
1349 2224 1501 2261 aduncas,
1518 2225 1591 2267 qui-

917 2274 976 2304 bus
992 2274 1126 2309 horrent,
1143 2274 1188 2304 ita
1203 2273 1316 2304 dictas.
1341 2274 1422 2304 male
1437 2286 1443 2303 :
1470 2276 1592 2305 morda—

917 2333 963 2353 ces
982 2322 1075 2353 dictae
1098 2321 1239 2353 infelices
1260 2321 1376 2358 herbae,
1393 2322 1466 2364 quia
1493 2328 1586 2354 urunt

918 2377 949 2402 et
965 2371 1107 2402 mordent
1123 2377 1247 2408 terram,
1263 2377 1293 2402 et
1308 2371 1448 2402 efficiunt
1465 2381 1502 2402 ne
1520 2371 1589 2403 feli-

917 2419 1017 2450 ciores
1031 2424 1062 2450 et
1078 2419 1167 2450 bonae
1185 2419 1381 2461 proveniant.
1397 2419 1459 2450 vid.
1473 2420 1513 2451 ad
1528 2421 1587 2452 Pe-

918 2473 1000 2499 tron.
1026 2468 1101 2498 xliv.
1128 2468 1182 2499 ubi
1212 2470 1344 2499 mordere
1372 2480 1533 2506 annonam,
1556 2476 1589 2501 et

916 2519 1046 2549 adurere
1060 2524 1170 2548 terram
1185 2518 1421 2549 illustravimus.
1444 2519 1586 2551 voluerat

916 2566 1011 2597 etiam
1029 2566 1189 2603 Heinsius,
1207 2569 1355 2598 mordaces
1377 2568 1448 2598 hinc
1467 2570 1585 2607 periere

918 2618 996 2651 rubi,
1012 2626 1050 2647 ex
1067 2616 1154 2647 cultu
1170 2616 1304 2647 scilicet.
1349 2617 1468 2647 Bumu.

959 2665 990 2695 9.
1015 2665 1324 2705 RIedicanturaan]
1354 2665 1443 2696 Unus
1454 2664 1583 2696 Vatica-

917 2724 985 2750 nus,
1014 2715 1159 2745 medicala
1189 2725 1317 2752 renem),-
1354 2724 1416 2745 non
1441 2714 1537 2750 male,
1562 2713 1587 2744 si
