1760 3172
329 182 420 222 EX
452 179 664 222 PONTO
700 180 818 220 LIB.
852 179 915 220 11.
951 180 1141 221 EPIST.
1174 180 1283 221 VII.
1412 183 1497 223 425

117 297 332 344 Praestat
355 303 406 343 et
429 296 686 344 exsulibus
711 311 888 359 pacem
913 304 997 341 tua
1020 295 1204 351 laurea,
1229 296 1425 343 Caesar:

184 374 394 421 Pontica
417 373 624 420 finitimo
649 381 780 420 terra
806 373 897 419 sub
922 372 1063 419 hoste
1084 374 1236 435 jacet.

117 451 336 515 Tempus
361 451 411 497 in
436 466 663 512 agrorum
687 450 824 496 cultu
850 465 1141 496 consumere
1167 450 1313 496 dulce
1338 458 1440 498 est:

182 529 296 576 Non
320 528 505 592 patitur
529 528 651 575 verti
676 529 914 575 barbarus
939 526 1095 573 hostis
1121 527 1342 573 humum.
1433 531 1496 573 70

115 605 377 670 Temperie
401 607 513 653 coeli
537 621 817 669 corpusque
842 603 1134 666 animusque
1153 604 1414 666 juvantur:

184 682 384 745 Frigore
409 689 650 746 perpetuo
679 681 919 728 Sarmatis
944 696 1029 727 ora
1052 679 1194 742 riget.

118 759 211 807 Est
234 760 284 806 in
309 776 439 823 aqua
463 759 593 805 dulci
621 775 717 805 non
744 758 984 805 invidiosa
1006 757 1233 820 voluptas
1254 774 1263 804 :

183 837 431 900 AEquoreo
456 836 642 883 bibitur
667 853 780 883 cum
807 836 908 882 sale
934 834 1082 881 mista
1105 835 1264 897 palus.

118 913 302 961 Omnia
324 913 590 970 deficiunt;
631 913 822 960 animus
848 919 1014 959 tamen
1038 911 1204 958 omnia
1220 910 1394 958 vincit:
1436 914 1497 957 75

184 990 275 1038 Ille
299 991 448 1039 etiam
472 991 598 1038 vires
624 1007 802 1054 corpus
826 991 1008 1037 habere
1032 989 1166 1036 facit.

119 1068 377 1115 Sustineas
404 1075 458 1115 ut
481 1085 621 1124 onus,
649 1067 907 1115 nitendum
932 1065 1115 1113 vertice
1140 1066 1287 1129 pleno
1313 1072 1416 1121 est;

181 1145 250 1192 At
274 1145 406 1193 flecti
432 1161 607 1192 nervos
631 1145 679 1206 §l
699 1144 904 1208 patiare,
931 1144 1092 1190 cadet.

119 1223 247 1288 Spes
264 1240 480 1287 quoque,
499 1239 646 1287 posse
666 1239 802 1270 mora
820 1222 1081 1269 mitescere
1101 1221 1337 1285 principis
1359 1220 1497 1275 iram,

183 1300 360 1348 Vivere
385 1317 448 1370 {15}
471 1302 622 1348 nolim
645 1301 991 1364 deficiamque,
1010 1307 1166 1347 cavet.
1438 1302 1500 1345 80

118 1377 226 1425 Nec
251 1395 337 1425 vos
363 1395 513 1442 parva
536 1378 667 1426 datis
694 1379 840 1442 pauci
866 1378 1042 1426 solatia
1065 1377 1224 1433 nobis,

181 1455 404 1510 Quorum
430 1463 655 1520 spectata
680 1464 756 1504 est
781 1473 868 1521 per
892 1458 1022 1504 mala
1047 1462 1217 1503 nostra
1240 1454 1383 1502 fides.

116 1532 297 1596 Coepta
319 1539 449 1588 tene,
468 1550 661 1596 quaeso;
699 1550 790 1581 nec
816 1534 865 1580 in
886 1549 1085 1597 aequore
1104 1533 1279 1580 desere
1298 1548 1495 1579 navem:

182 1609 371 1673 Meque
397 1610 543 1657 simul
569 1628 724 1667 serva,
747 1612 1093 1675 judiciumque
1118 1617 1276 1657 tuum.

155 1754 207 1783 68.
228 1753 316 1783 Jacet
339 1756 393 1784 sub
417 1755 494 1785 hoste
509 1754 673 1795 finitima]
700 1755 771 1786 Ma-

114 1807 166 1833 net
188 1803 246 1833 sub
272 1802 358 1834 hoste
384 1803 496 1835 vicino.
542 1805 640 1841 Quasi
663 1804 773 1835 innuat

112 1850 229 1892 ubique
252 1858 402 1884 terrarum
432 1863 500 1884 esse
526 1864 636 1895 pacem
662 1864 680 1884 a
702 1855 772 1885 Cae-

113 1910 181 1931 sare
195 1906 328 1941 partam,
345 1908 554 1944 praeterquam
569 1903 600 1933 in
618 1904 772 1940 terra,ubi

113 1949 289 1981 exsulabat.

157 2001 207 2030 71.
234 2001 383 2041 Temperie
392 2003 458 2031 coelz'
469 2012 629 2042 corpusque
639 2003 770 2032 animus-

112 2049 197 2090 que]
225 2050 357 2091 Oportet
370 2050 473 2081 locum
490 2050 604 2092 eligere
619 2056 770 2092 tempera-

113 2103 190 2134 tum,
205 2098 246 2128 ad
260 2097 473 2129 salubritatem
493 2099 627 2140 corporis
649 2109 771 2129 conser-

113 2146 258 2184 vandam,
273 2152 305 2177 et
316 2147 445 2189 proinde
460 2148 556 2178 etiam
570 2147 694 2178 mentis.

157 2196 208 2227 74.
243 2196 366 2237 Palus]
401 2196 497 2238 Aqua
524 2197 686 2239 palustris:
723 2197 773 2228 vel

113 2256 183 2286 quae
199 2245 310 2276 defluit
325 2256 362 2276 ex
375 2246 526 2276 Maeotide
538 2246 664 2289 palude,
675 2257 774 2288 eaque

113 2294 205 2325 salsa.

157 2346 209 2375 75.
236 2346 363 2375 Animus
390 2350 487 2375 tamen
514 2346 612 2374 omnia
641 2345 768 2385 vincet]

113 2395 231 2424 Tamen
246 2394 351 2424 omnia
365 2394 432 2425 haec
448 2393 645 2425 incommoda
664 2404 773 2436 supero

114 2442 209 2474 animi
225 2442 414 2474 fortitudine.

159 2493 210 2522 77.
234 2493 386 2523 Sustineas
400 2499 435 2522 ut
450 2492 549 2532 onus]
576 2492 773 2523 Generaliter

114 2547 145 2572 et
160 2545 327 2583 γνωμικῶς
341 2541 457 2573 dictum
473 2547 560 2583 puto,
577 2547 612 2572 ut
630 2542 669 2572 sit
685 2541 773 2583 quasi

116 2590 261 2631 quaedam
277 2590 376 2622 illatio
397 2591 436 2622 ad
458 2590 628 2633 superiora,
646 2591 772 2633 perinde

839 1765 874 1785 ac
895 1755 920 1786 si
941 1755 1045 1785 dicat:
1073 1764 1168 1795 quare
1188 1763 1284 1794 quum
1308 1758 1397 1784 tanta
1419 1753 1502 1784 mala

838 1815 907 1835 mea
929 1805 1001 1840 sint,
1023 1813 1149 1834 necesse
1174 1807 1221 1833 est
1247 1808 1281 1833 ut
1310 1802 1368 1833 sim
1398 1808 1500 1833 erecto

839 1853 940 1884 animo
957 1864 992 1884 ac
1007 1853 1088 1888 forti,
1105 1857 1269 1894 propterea
1285 1851 1369 1892 quod
1383 1852 1499 1894 ponde-

838 1914 883 1939 ra,
906 1904 971 1933 sive
993 1913 1089 1933 onera
1113 1901 1221 1943 gravia
1241 1901 1385 1932 sustineri
1412 1901 1499 1932 aliter

839 1964 900 1984 non
920 1952 1047 1995 possint,
1065 1962 1158 1994 quam
1183 1950 1208 1981 si
1224 1951 1294 1992 quis
1315 1956 1417 1982 erecto
1433 1962 1500 1981 ver—

839 2003 900 2033 tice
937 2001 1099 2037 connixus,
1130 2011 1168 2031 ea
1204 2000 1236 2031 in
1272 2011 1304 2030 se
1340 1999 1501 2042 suscipiat.

838 2053 966 2082 M1CY1..

883 2102 934 2131 81.
960 2100 1022 2131 Nec
1044 2111 1091 2130 vos
1112 2110 1206 2139 parva
1227 2099 1334 2139 datis]
1361 2098 1500 2140 Acquie-

839 2150 954 2181 scimus
977 2149 1082 2185 etiam,
1106 2147 1218 2189 inquit,
1242 2148 1348 2179 vestris
1371 2147 1500 2183 solatiis,

840 2210 857 2230 o
873 2198 976 2234 amici,
994 2208 1123 2239 quorum
1140 2197 1281 2238 praesidia
1306 2202 1337 2227 et
1352 2196 1444 2227 fidem
1469 2197 1499 2227 in

840 2249 931 2279 malis
946 2247 1022 2278 meis
1038 2252 1069 2278 et
1084 2247 1174 2277 rebus
1190 2246 1291 2277 dubiis
1304 2246 1449 2286 cognovi.

883 2298 936 2327 82.
962 2297 1100 2335 Spectata
1119 2295 1227 2335 fides]
1263 2294 1452 2336 metaphora
1482 2306 1500 2325 a

840 2346 984 2381 metallis,
1020 2355 1089 2386 quae
1127 2344 1247 2386 proprie
1282 2343 1415 2386 spectari
1453 2344 1499 2374 di-

841 2400 962 2425 cuntur.

885 2446 938 2475 84.
963 2443 1205 2484 Judiciumque.]
1244 2442 1328 2479 Quia
1347 2441 1497 2484 judicasti

842 2505 889 2524 me
905 2494 1034 2534 dignum
1048 2493 1149 2528 venia,
1163 2498 1217 2522 aut
1232 2491 1411 2522 defensione
1434 2497 1497 2526 tua,

841 2549 871 2572 et
887 2549 940 2573 tua
957 2541 1114 2580 amicitia3
1138 2541 1187 2572 vel
1203 2540 1285 2582 quod
1302 2541 1407 2571 Caesar
1422 2540 1497 2570 mihi

840 2590 1021 2631 ignosceret.
