1760 3172
195 204 281 247 166

588 201 638 244 P.
671 201 883 244 OVIDII
921 201 1199 244 NASONIS

198 318 274 365 Tu
300 317 438 373 facis,
466 324 521 364 ut
545 317 759 381 spolium
785 333 846 364 ne
872 317 983 372 sim,
1011 332 1107 364 neu
1133 315 1290 363 nuder
1311 316 1373 363 ab
1399 316 1494 363 illis

267 393 525 457 Naufragii
548 394 745 441 tabulas
771 393 858 455 qui
883 393 1073 456 petiere
1095 392 1210 439 mei.

202 470 375 534 thue
396 487 567 534 rapax,
590 470 878 517 stimulante
900 468 1046 524 fame,
1067 469 1385 532 cupidusque
1401 468 1588 515 cruoris

266 547 635 595 incustoditum
660 553 830 609 captat
854 545 982 592 ovile
1010 545 1186 608 lupus:
1254 582 1260 586 .
1530 548 1590 592 lO

201 623 304 671 Aut
326 632 381 671 ut
404 624 533 672 edax
559 623 721 670 vultur
746 637 926 684 corpus
953 620 1309 684 circumspicit,
1336 621 1533 684 ecquod

269 701 374 748 Sub
401 701 538 747 nulla
562 700 781 763 positum
806 714 1008 746 cernere
1035 698 1195 762 possit
1218 699 1397 746 humo:

203 777 287 825 Sic
313 794 425 825 mea
449 777 617 839 nescio
642 777 771 839 quis,
800 776 948 824 rebus
974 776 1103 823 male
1123 775 1253 822 fidus
1278 775 1488 831 acerbis,

269 854 329 901 In
354 855 485 901 bona
508 861 762 910 venturus,
791 854 831 900 si
857 860 1099 917 paterere,
1125 852 1234 901 fuit.

204 929 351 978 Hunc
377 938 464 977 tua
487 946 575 994 per
598 929 749 977 fortes
773 929 928 977 virtus
951 929 1200 977 submovit
1225 929 1428 985 amicos,
1533 930 1591 975 15

270 1007 423 1054 Nulla
447 1007 629 1070 quibus
654 1006 794 1054 reddi
820 1005 981 1069 gratia
1004 1005 1157 1068 digna
1179 1012 1363 1069 potest.

204 1082 337 1146 Ergo
362 1099 514 1147 quam
538 1083 736 1138 misero,
763 1089 866 1130 tam
889 1098 1023 1137 vem,
1050 1089 1179 1130 teste
1204 1081 1456 1146 probaris:

272 1159 370 1207 Hic
395 1160 598 1223 aliquod
623 1158 818 1223 pondus
846 1159 886 1206 si
912 1160 1059 1206 modo
1083 1159 1226 1207 testis
1251 1159 1418 1207 habet.

205 1236 315 1284 Nec
341 1237 593 1300 probitate
617 1243 704 1283 tua
728 1236 863 1298 prior
887 1242 965 1283 est
991 1242 1078 1282 aut
1102 1228 1337 1283 Hectoris
1361 1250 1503 1290 uxor,

269 1313 373 1360 Aut
396 1328 563 1360 comes
589 1311 840 1359 exstincto
867 1311 1138 1359 Laodamia
1159 1312 1278 1360 viro.

1529 1314 1594 1358 20

203 1389 280 1436 Tu
307 1390 347 1436 si
374 1389 647 1436 Maeonium
670 1395 838 1436 vatem
868 1388 1043 1436 sortita
1065 1388 1261 1446 fuisses,

271 1466 553 1530 Penelopes
579 1473 713 1513 esset
735 1465 868 1513 fama
891 1466 1114 1513 secunda
1135 1473 1253 1513 tuae.

208 1543 323 1591 Sive
348 1544 438 1591 tibi
463 1544 558 1590 hoc
584 1544 757 1599 debes,
785 1543 922 1590 nulla
945 1543 1030 1606 pia
1052 1543 1185 1590 facta
1207 1542 1472 1605 magistra3

273 1620 507 1686 Cumque
532 1637 661 1669 nova
684 1636 846 1668 mores
873 1627 990 1667 sunt
1013 1620 1103 1668 tibi
1127 1621 1239 1668 luce
1263 1620 1391 1668 dati:

205 1765 295 1796 vibus
309 1765 565 1807 subjiciebantur.
589 1767 648 1797 Hae
664 1766 785 1798 Graecis
801 1765 866 1798 Φά-

204 1815 339 1856 λαγγες,
350 1815 400 1845 vel
413 1815 601 1858 Φαλάγγια,
613 1816 652 1847 de
666 1816 780 1857 quibus
795 1815 866 1846 Pol·

204 1863 259 1894 lux
275 1870 308 1894 et
328 1864 524 1906 Hesychius:
550 1864 674 1895 Nonius
690 1875 814 1906 quoque
835 1864 867 1895 in

207 1913 365 1954 Palangae.
412 1914 510 1944 Varro
528 1914 567 1944 de
587 1914 653 1945 vita
671 1914 783 1955 Populi
803 1914 867 1945 Ro-

205 1962 302 1993 mani.
338 1963 440 1997 Quum
458 1963 568 1994 Poenzrs
581 1964 741 2005 infretum
757 1965 869 1994 obviam

206 2014 329 2042 venisset
357 2015 477 2049 nostris,
512 2019 540 2043 et
569 2015 707 2053 quosdam
735 2015 866 2053 cepisset,

207 2062 409 2091 crudelissime
423 2072 478 2101 pro
502 2062 650 2102 Palangis
670 2064 782 2092 carinis
802 2064 869 2092 sub-

196 2112 340 2149 jecerat‚·
364 2121 420 2150 qno
443 2116 524 2140 metu
548 2112 719 2141 debilitaret
749 2117 870 2142 nastros.

205 2158 355 2195 Isidorus,
370 2158 426 2189 lib.
440 2158 504 2189 xix.
520 2170 548 2190 c.
564 2160 614 2189 ll.
639 2159 776 2200 Etymol.
794 2160 870 2190 Pul-

206 2209 289 2237 vinos
325 2207 450 2238 videtur
486 2208 663 2250 appellare:
710 2208 871 2240 Minucius

209 2256 362 2287 Octavio:
389 2256 428 2286 Et
447 2269 539 2297 quum
560 2259 599 2288 ad
620 2259 652 2288 id
673 2259 728 2287 loci
749 2264 870 2288 ventam.

208 2312 262 2341 est,
285 2307 337 2336 ubi
357 2307 508 2337 sabdactae.
534 2308 692 2342 navicula,
715 2308 871 2338 substratis

208 2356 371 2391 roboribus,
385 2367 403 2385 α
420 2361 539 2385 terrena
553 2356 617 2386 labe
632 2366 776 2395 suspensa·
789 2357 870 2396 quie-

207 2405 336 2435 scebant.
381 2404 501 2435 mes.

253 2454 283 2484 8.
323 2453 493 2495 Naufragii
523 2453 667 2493 tabulas]
706 2452 873 2495 Reliquias

210 2501 363 2542 naufragii
392 2502 476 2540 mei;
499 2502 654 2543 reliquum
681 2501 871 2533 fortunarum

209 2561 368 2581 mearum:
393 2561 470 2591 quas
492 2561 589 2592 quum
607 2550 714 2581 Caesar
731 2561 793 2581 non
818 2551 872 2582 ad-

208 2599 330 2635 emerit,
349 2599 407 2641 ipsi
423 2605 528 2630 tamen
544 2599 680 2629 adimere
694 2598 809 2630 nefarie
821 2610 872 2630 co-

208 2654 336 2684 nantur,
354 2659 416 2679 non
431 2659 520 2680 secus
535 2658 571 2680 ac
588 2655 692 2690 partes
708 2648 795 2679 navis
810 2648 870 2680 dis-

205 2698 299 2739 jectae
318 2697 487 2738 naufragio.

258 2747 306 2778 ll.
332 2747 392 2777 [lut
408 2748 522 2778 medua
545 2746 675 2788 tulum]
702 2747 816 2779 Vultur
832 2759 869 2780 cx

934 1765 1139 1797 cadaveribus
1154 1764 1213 1796 sibi
1228 1774 1332 1796 escam
1344 1764 1466 1806 quaerit.
1495 1765 1596 1795 Inter-

934 1815 999 1846 ficit
1015 1821 1120 1846 autem
1132 1814 1221 1851 nihil,
1237 1824 1295 1845 nec
1307 1813 1438 1844 destruit
1453 1813 1595 1844 animan-

934 1864 1030 1902 tium3
1056 1863 1118 1894 vid.
1133 1863 1230 1893 Arist.
1246 1862 1301 1893 lib.
1316 1861 1359 1893 vi.
1385 1863 1449 1893 Aut
1470 1869 1507 1893 ut
1523 1864 1597 1893 edax

936 1913 1053 1943 vultur.
1094 1912 1178 1943 Nam
1194 1917 1225 1943 et
1240 1911 1367 1942 vulturii
1385 1912 1597 1948 nominantur,

937 1960 990 2002 qui
1006 1966 1134 2002 captant
1154 1962 1237 1992 bona
1252 1960 1367 1996 aliena,
1383 1966 1415 1991 et
1428 1970 1466 1991 ea
1481 1971 1536 2002 per
1551 1960 1598 1991 fas

937 2015 969 2040 et
984 2009 1071 2040 nefas
1086 2020 1240 2052 occupare
1257 2009 1408 2040 nituntur.

983 2059 1032 2088 12.
1056 2058 1118 2089 Sub
1135 2059 1220 2089 nulla
1232 2059 1359 2097 positum
1375 2069 1496 2089 cernere
1508 2059 1598 2098 possit

938 2108 1052 2148 huma]
1075 2109 1135 2138 Sub
1150 2110 1233 2139 meda
1249 2107 1388 2149 Scaliger
1401 2113 1433 2139 et
1446 2107 1599 2139 editiones

938 2157 1109 2193 nonnullae,
1121 2167 1300 2199 perperam3
1316 2167 1426 2199 corpus
1439 2157 1495 2188 sub
1509 2157 1598 2188 nulla

939 2205 1049 2236 tellure
1071 2206 1218 2249 positum,
1240 2211 1288 2237 est
1309 2205 1507 2237 inhumatum
1530 2216 1598 2238 cor-

938 2266 1007 2297 pus.

984 2305 1033 2335 13.
1057 2304 1142 2335 Male
1154 2304 1271 2345 fidus]
1301 2308 1353 2336 An
1379 2315 1440 2335 non
1465 2304 1595 2342 rectius,

938 2354 1013 2384 male
1027 2355 1129 2394 fisus?
1162 2353 1292 2384 credens
1319 2359 1352 2384 et
1378 2352 1537 2385 confidens
1565 2365 1599 2386 se

938 2401 1009 2433 ideo
1025 2402 1305 2434 faciliusi¹nvadere
1315 2413 1404 2445 posse
1420 2413 1490 2434 mea
1504 2403 1598 2440 bona,

941 2451 1015 2493 quia
1030 2453 1172 2482 acerbam
1188 2451 1344 2482 fortunam
1359 2451 1508 2494 experior.
1536 2452 1598 2483 Sed

939 2507 971 2531 et
986 2501 1116 2542 vulgata
1130 2501 1246 2532 servari
1260 2508 1372 2542 potest,
1388 2507 1423 2532 ut
1437 2501 1488 2537 sit,
1504 2501 1535 2532 in
1551 2512 1598 2533 re-

940 2551 998 2581 bus
1028 2551 1104 2581 meis
1129 2550 1259 2586 acerbis,
1287 2551 1401 2592 quibus
1430 2551 1506 2582 fides
1531 2551 1600 2593 ejus

938 2599 1073 2631 debebat
1087 2610 1118 2631 se
1133 2599 1307 2635 ostendere,
1324 2599 1446 2631 infidus.
1483 2600 1599 2631 Bmuz.

985 2649 1035 2679 17.
1062 2648 1229 2688 Probaris]
1264 2648 1377 2685 Proba,
1405 2649 1489 2680 bona
1513 2648 1599 2691 judi-

937 2697 1031 2729 caris.
1572 2702 1578 2707 '

981 2748 1034 2778 23.
1060 2747 1126 2778 Sive
1142 2747 1195 2778 ribi
1211 2747 1263 2778 hoc
1279 2746 1388 2787 debes]
1412 2746 1473 2778 Seu
1489 2751 1598 2779 natura
