1760 3172
201 142 258 182 8&
595 143 644 183 Ρ.
680 142 894 185 OVIDll
931 142 1212 184 NASONIS

208 255 302 302 His
329 256 543 304 lacrimis
569 265 832 319 contentus
859 258 954 305 eris
981 258 1087 305 sine
1113 258 1317 307 crimine
1342 259 1531 307 mortis.

278 332 392 380 Non
417 340 503 381 tua
528 334 611 382 fax
637 336 807 383 avidos
833 336 984 399 digna
1009 336 1177 383 subire
1202 352 1364 399 rogos

208 408 333 458 Haec
359 427 469 474 ego.
508 412 662 460 movit
683 413 837 460 Amor
861 420 1137 476 gemmatas
1164 429 1343 460 aureus
1369 414 1500 471 alas3

274 486 340 534 Et
364 488 501 544 mihi,
530 488 851 553 Propositum
878 490 1079 553 perfice,
1106 490 1250 546 dixit,
1278 506 1422 554 opus.

1537 493 1603 537 40

206 562 287 610 Ad
312 580 438 620 mea,
466 565 665 629 decepti
691 565 720 612 J
727 582 929 622 uvenes,
958 574 1214 630 praecepta
1237 567 1430 624 venite;

273 639 413 695 Quos
439 658 558 689 suus
584 658 648 690 ex
673 643 807 689 omni
832 650 973 706 parte
999 642 1174 690 fefellit
1199 659 1353 691 amor.

208 716 402 766 Discite
427 720 606 776 sanari,
634 736 723 784 per
749 737 899 784 quem
924 720 1170 768 didicistis
1196 737 1390 769 amare:

275 794 391 843 Una
414 813 590 844 manus
615 797 755 845 vobis
779 798 957 844 vulnus
983 813 1235 861 opemque
1258 797 1399 845 feret.

205 871 358 921 Terra
382 875 624 923 salutares
650 876 848 932 herbas,
877 875 1157 938 eademque
1184 883 1441 932 nocentes,

1535 878 1601 923 45

273 949 321 996 N
328 951 473 999 utrit:
513 960 564 1000 et
588 953 759 1000 urticae
785 952 1015 1016 proxima
1039 967 1174 1016 saepe
1199 968 1312 1000 rosa
1335 960 1427 1000 est.

203 1024 398 1074 Vulnus
427 1028 477 1074 in
503 1028 755 1077 Herculeo
781 1044 895 1093 quae
922 1029 1177 1092 quondam
1201 1029 1390 1078 fecerat
1413 1030 1576 1086 hoste,

271 1102 504 1154 Vulneris
529 1107 769 1155 auxilium
795 1107 962 1154 Pelias
989 1107 1134 1153 hasta
1158 1107 1286 1154 tulit.

207 1179 308 1228 Sed
331 1197 664 1247 quaecumque
682 1185 814 1241 viris,
836 1185 976 1232 vobis
998 1201 1204 1248 quoque
1229 1185 1379 1241 dicta,
1401 1185 1600 1249 puellae,

273 1258 495 1308 Credite.
534 1262 741 1310 diversis
767 1263 993 1326 partibus
1019 1278 1157 1309 arma
1180 1262 1375 1310 damus.

1536 1265 1602 1310 50

207 1334 249 1381 E
276 1338 459 1399 quibus
485 1340 548 1386 ad
573 1347 762 1388 vestros
789 1341 829 1387 si
856 1340 978 1403 quid
1003 1356 1103 1387 non
1127 1340 1346 1403 pertinet
1368 1355 1517 1397 usus3

272 1413 509 1463 Attamen
535 1419 768 1482 exemplo
793 1417 952 1464 multa
975 1417 1156 1464 docere
1182 1423 1364 1480 potest.

207 1488 342 1538 Utile
369 1495 696 1558 propositum,
725 1511 881 1543 saevas
907 1494 1200 1558 extinguere
1227 1495 1482 1551 flammas;

273 1567 381 1617 Nec
408 1561 605 1620 servum
629 1574 732 1621 vitii
758 1581 936 1638 pectus
962 1572 1145 1620 habere
1172 1572 1264 1619 sui.

207 1643 429 1695 Vixisset
456 1649 668 1714 Phyllis,
696 1652 735 1698 si
763 1667 843 1699 me
866 1649 991 1698 foret
1015 1667 1106 1698 usa
1129 1650 1394 1713 magistr03
1537 1653 1600 1698 55

273 1721 339 1770 Et
364 1742 452 1789 per
477 1729 610 1791 quod
638 1730 823 1785 novies,
852 1729 1035 1793 saepius
1061 1714 1316 1776 isset‘iter.

245 1856 297 1887 45.
317 1857 409 1889 Terra
425 1863 600 1903 salutijerus
615 1864 747 1905 herbas]
774 1863 867 1894 Sala-

205 1911 282 1935 tares
301 1913 347 1937 est
370 1907 401 1939 in
422 1909 510 1941 libris
531 1911 723 1944 melioribus.
745 1924 800 1956 pro
817 1926 866 1944 no-

202 1960 301 1985 centes
312 1966 393 1989 unus
409 1959 598 1997 Puteaneus,
614 1964 739 1993 nocivas.
759 1963 803 1993 sic
818 1974 867 1993 710-

203 2003 300 2035 civum
316 2009 487 2045 peric-ulum
503 2009 583 2040 dixit
600 2011 762 2049 Phaedrus,
779 2012 833 2043 lib.
848 2012 869 2043 i.

203 2051 280 2084 Fab.
296 2055 382 2087 xxix.
411 2058 537 2095 Noster,
551 2060 643 2091 Trist.
658 2061 712 2091 lib.
729 2073 758 2092 v.
781 2062 869 2102 Eleg.

204 2111 235 2131 x.
252 2102 303 2133 22.
328 2107 387 2136 tela
404 2111 518 2144 nociva,
535 2115 570 2139 ut
592 2110 622 2140 in
644 2110 737 2141 veteri
758 2111 868 2142 codice

204 2150 327 2192 legitur,
366 2166 426 2187 non
464 2161 561 2189 naxia.
597 2170 729 2201 eamque
760 2171 867 2191 vocem

203 2199 282 2232 Arte
294 2202 455 2237 Amatoria
471 2208 610 2249 Scaliger
626 2209 799 2240 restitutam
814 2220 867 2240 cu-

204 2248 320 2290 piebat,
335 2260 369 2284 ut
385 2257 560 2288 monuimus
576 2258 600 2287 A
608 2258 661 2288 rtis
676 2259 730 2290 lib.
747 2260 779 2289 ii.
794 2260 868 2290 436.

203 2297 323 2332 Hfflxs.

248 2350 300 2381 47.
331 2352 446 2385 Vulnus
474 2357 608 2386 Achilleo
631 2370 694 2398 quae
721 2361 865 2399 quondam

193 2397 317 2437 secerne
331 2403 436 2444 hasti]
450 2405 571 2446 Regius
586 2417 657 2437 cum
674 2408 791 2450 optimo
806 2409 867 2438 Pu-

206 2452 315 2480 teaneo
331 2458 360 2481 et
377 2452 540 2485 Hasniensi
556 2456 650 2496 probe
666 2469 672 2486 :

255 2498 369 2532 Vulnus
400 2504 428 2533 in
462 2504 613 2535 Herculeo
634 2517 696 2545 quse
721 2508 866 2546 qnondam

282 2550 404 2590 faverat
422 2554 509 2584 hoste.

205 2597 360 2641 Telephus
370 2602 451 2633 enlm
466 2604 612 2635 Herculis
624 2615 659 2635 ex
675 2606 764 2647 Auge
777 2606 867 2637 filius.

205 2646 325 2680 Hfflxs.

248 2698 299 2729 53.
325 2699 420 2731 δαῖτας
435 2705 609 2738 (ιίἱιιιςνωνρ
626 2704 787 2743 Ιίιιιιιηιας.]
817 2705 861 2735 l*-

934 1874 993 1894 nus
1019 1863 1209 1897 Puteaueus,
1236 1864 1433 1903 distinguere.
1459 1861 1540 1892 alius
1563 1871 1601 1893 ex

934 1912 1214 1954 mei3,‹1st1·ingere,
1240 1911 1332 1947 Puto,
1343 1913 1542 1953 restinguere.
1552 1910 1601 1942 in-

935 1962 981 1992 fra
996 1962 1069 1993 807.

981 2011 1132 2042 Nutritur
1157 2018 1255 2046 vento,
1279 2016 1365 2040 veneo
1396 2011 1603 2051 restinguitur

1024 2062 1114 2103 ignis.
1440 2059 1559 2090 HEXNS.

936 2110 995 2141 Sed
1011 2110 1089 2140 nihil
1106 2119 1242 2141 necesse.
1259 2108 1314 2139 inf.
1329 2108 1403 2139 644.

979 2159 1035 2189 Sed
1053 2160 1244 2199 meliorefide
1254 2158 1419 2197 paullatim
1434 2159 1600 2199 exstingui-

1022 2216 1076 2239 cur
1092 2211 1179 2250 ignis,
1440 2207 1557 2238 Bcnm.

979 2260 1031 2289 55.
1061 2258 1182 2288 Vixisset
1201 2257 1328 2298 Phyllis,
1344 2258 1368 2287 si
1389 2256 1530 2298 mesoret
1545 2267 1600 2287 usa

937 2309 1090 2348 vmgistro,
1117 2307 1153 2337 Et
1179 2317 1233 2346 per
1261 2307 1337 2346 quod
1365 2306 1474 2340 novies,
1497 2306 1602 2344 saepius

936 2359 1002 2387 isset
1019 2357 1104 2397 itera]
1131 2355 1285 2386 Praeclare
1308 2354 1359 2385 hic
1375 2354 1463 2385 locus
1483 2353 1600 2384 intelli-

936 2414 1025 2447 getur
1037 2417 1073 2437 ex
1089 2406 1148 2441 his,
1165 2416 1234 2447 quae
1250 2403 1358 2435 scribit
1371 2403 1599 2435 eruditissimus

938 2455 1129 2490 Parrhasius,
1144 2455 1198 2485 lib.
1216 2455 1236 2484 i.
1253 2454 1284 2484 in
1304 2453 1417 2484 Claud.
1435 2453 1473 2483 de
1490 2453 1598 2495 Raptu

942 2505 1144 2547 l'roserpinae,
1164 2506 1235 2535 135.
1259 2504 1349 2546 cujus
1363 2502 1429 2533 liaec
1440 2508 1512 2533 sunt
1533 2513 1599 2534 ver-

937 2555 994 2585 ba:
1023 2555 1129 2584 Not-ies
1149 2555 1225 2584 enim
1243 2553 1421 2593 mainfinitus
1436 2558 1478 2582 est
1494 2563 1597 2582 nume-

938 2617 988 2635 rus
1005 2616 1058 2644 pra
1082 2604 1202 2644 infinito
1221 2603 1314 2644 (qnod
1334 2603 1599 2644 grammaticorum

937 2656 1045 2697 fulgus
1063 2652 1226 2691 cristimat)
1241 2655 1288 2683 sed
1303 2655 1340 2683 αΙ)
1359 2653 1492 2687 historia,
1509 2662 1594 2692 quam

937 2705 1027 2735 refert
1045 2705 1191 2742 interpres
1209 2702 1412 2742 Lycophronis
1426 2703 1456 2731 in
1469 2701 1599 2732 Aleman-
