1760 3172
398 189 487 229 EX
522 189 730 231 PONTO
766 189 883 229 LIB.
920 189 956 229 Ι.
990 187 1181 230 EPIST.
1215 188 1294 229 IV.

1452 187 1533 228 371

565 378 992 426 EPISTOLA
1040 377 1126 425 IV.

735 521 966 564 UXORI.

162 617 280 665 JAM
305 619 425 666 mihi
449 619 662 666 deterior
686 618 822 665 canis
848 615 1159 680 adspergitur
1184 622 1319 670 aetas,

227 695 439 759 Jamque
464 712 601 743 meos
626 695 790 742 vultus
816 709 937 756 ruga
961 692 1128 740 senilis
1154 699 1287 739 arat:

161 771 192 819 J
196 789 273 820 am
298 774 449 836 vigor,
476 780 526 820 et
550 788 731 836 quasso
756 772 995 834 languent
1019 770 1069 816 in
1089 785 1293 832 corpore
1314 768 1469 825 vires3

231 851 355 908 Nec,
376 850 545 914 juveni
570 851 708 897 lusus
735 850 821 912 qui
845 849 1094 912 placuere,
1120 846 1345 910 placent:

163 927 287 984 Nec,
315 929 355 975 si
380 945 459 976 me
484 928 646 975 subito
669 928 856 983 videaS‚
884 940 1154 988 agnoscere
1180 923 1369 987 possis3
1507 925 1535 969 5

226 1005 403 1052 AEtatis
427 1004 560 1052 facta
583 1012 660 1051 est
683 1011 822 1050 tanta
845 1003 985 1049 ruina
1009 1017 1130 1047 meae
1149 1000 1158 1046 !

164 1081 416 1130 Confiteor
429 1082 588 1130 facere
609 1083 713 1128 haec
730 1097 908 1128 annos:
934 1080 1021 1127 sed
1042 1086 1091 1126 et
1109 1078 1263 1125 altera
1277 1093 1427 1124 causa
1445 1083 1536 1131 est,

230 1160 471 1208 Anxietas
496 1161 661 1216 animi,
689 1160 1053 1221 continuusque
1076 1156 1230 1203 labor.

165 1237 295 1284 Nam
321 1255 431 1286 mea
454 1256 542 1303 per
565 1239 738 1301 longos
764 1239 803 1285 si
830 1237 940 1300 quis
965 1237 1096 1283 mala
1116 1235 1308 1298 digerat
1333 1250 1504 1289 annos,

232 1315 394 1363 Crede
419 1317 554 1371 mihi,
582 1316 729 1379 Pylio
757 1315 968 1363 Nestore
994 1315 1148 1376 major
1173 1329 1271 1360 ero.
1481 1315 1539 1358 lo

159 1392 359 1449 Cernis,
386 1401 441 1441 ut
464 1395 512 1440 in
537 1394 688 1449 duris,
717 1401 767 1441 et
792 1393 914 1456 quid
938 1393 1064 1439 bove
1088 1390 1308 1437 firmius?
1336 1388 1461 1435 arvis

234 1469 400 1517 Fortia
423 1477 673 1518 taurorum
698 1485 905 1534 corpora
928 1469 1120 1530 frangat
1141 1484 1280 1531 opus

167 1545 289 1600 Quae
314 1563 568 1610 nunquam
591 1564 747 1595 vacuo
769 1548 913 1594 solita
937 1553 1013 1594 est
1037 1560 1233 1592 cessare
1258 1543 1434 1598 novali,

233 1622 496 1671 Fructibus
521 1625 741 1672 adsiduis
764 1625 897 1672 lassa
922 1623 1137 1671 senescit
1160 1622 1338 1668 humus
1358 1638 1367 1668 :

169 1699 397 1756 Occidet,
424 1701 486 1748 ad
513 1701 645 1748 Circi
670 1702 711 1748 si
737 1702 848 1765 quis
874 1700 1144 1749 certamina
1168 1714 1363 1761 semper
1486 1699 1542 1743 15

234 1776 349 1825 Non
373 1777 663 1826 intermissis
689 1780 915 1826 cursibus
940 1778 1033 1825 ibit
1056 1793 1243 1840 equus:

168 1947 228 1978 tur,
251 1941 284 1972 in
313 1942 393 1973 Bav.
416 1943 500 1984 quod
528 1945 680 1974 recentior
711 1954 821 1975 manus

169 1990 302 2021 mutavit
332 1991 365 2022 in
393 1993 599 2032 consuluitque
631 1994 712 2029 bene,
738 1993 821 2034 quod

170 2038 319 2071 Barthius
344 2039 438 2071 etiam
461 2041 646 2083 conjecerat,
669 2041 742 2083 quia
771 2041 823 2072 sri-

169 2087 277 2128 gidum
316 2089 472 2125 credebat,
508 2096 671 2132 postquam
706 2091 822 2133 grande

170 2147 282 2168 munus
308 2137 490 2179 adpellavit,
515 2145 624 2180 postea
648 2139 762 2176 dicere,
791 2151 823 2171 se

169 2185 244 2216 boni
259 2187 418 2218 consulere
431 2200 438 2217 ε
456 2192 489 2218 at
503 2199 557 2219 cur
572 2191 654 2220 non?

214 2285 245 2315 4.
256 2285 320 2316 Nec
337 2286 442 2327 lusus]
457 2286 703 2329 Ἐπιλελὴσμεθ’
713 2286 826 2326 ἡδέων.

172 2333 281 2375 Eurip.
296 2333 329 2364 in
343 2335 461 2366 Bacch.

216 2383 306 2413 Nihil
316 2385 441 2424 poljam
455 2387 533 2416 istaec
549 2396 593 2416 res
603 2386 676 2416 mihi
688 2386 826 2424 volupta-

260 2434 297 2462 tis
301 2432 416 2474 ferunt
425 2445 435 2463 .-

216 2480 346 2512 satietas
360 2488 439 2513 tenet
453 2484 621 2514 studiorum
637 2484 768 2514 istorum.

172 2529 244 2561 Ter.
258 2530 374 2571 Hecyr-

217 2579 248 2609 6.
262 2580 375 2610 AEtatis
385 2579 479 2621 facta
497 2580 566 2620 est.]
591 2580 704 2611 Malim
720 2581 828 2611 AEtati.

218 2629 248 2658 8.
266 2628 488 2669 Continuusque
504 2629 612 2669 laban]
630 2629 670 2659 Et
683 2629 830 2660 adsiduus

175 2688 212 2708 ac
229 2677 426 2719 quotidianus
440 2677 573 2720 corporis
588 2678 753 2715 cruciatus,
769 2678 827 2709 sol-

175 2726 365 2762 licitudines,
383 2737 522 2768 angores-

936 1944 983 1974 10.
996 1943 1085 1983 Pylio
1103 1940 1256 1980 Nestora]
1276 1940 1389 1970 Nestor
1403 1949 1440 1969 ex
1456 1938 1544 1979 Pylo,

889 1994 963 2024 urbe
978 1991 1132 2023 Laconiae.
1164 1992 1278 2022 Nestor
1295 1994 1400 2020 autem
1417 1999 1435 2019 a
1449 1987 1548 2029 poetis

888 2042 1011 2072 tertiam
1035 2040 1195 2071 hominum
1219 2045 1341 2069 aetatem
1357 2037 1468 2068 vixisse
1489 2037 1548 2067 ser-

890 2097 949 2126 tur,
966 2090 999 2121 id
1019 2095 1075 2126 est,
1091 2094 1261 2120 tercentum
1286 2097 1391 2118 annos,
1428 2085 1549 2116 Plinius

890 2146 995 2171 tamen
1010 2140 1065 2170 lib.
1079 2139 1132 2169 vii.
1152 2137 1259 2169 scribit
1283 2147 1354 2167 eum
1372 2135 1548 2178 pervenisse

891 2189 931 2220 ad
962 2190 1003 2220 99
1033 2198 1168 2219 annum:
1203 2188 1242 2217 33
1273 2185 1420 2216 videlicet
1449 2184 1547 2219 annis,

891 2249 945 2280 pro
960 2248 1024 2268 una
1039 2244 1131 2268 aetate
1147 2234 1344 2277 computatis.

939 2287 988 2317 12.
1019 2285 1126 2325 Opim]
1170 2283 1297 2325 Proprie
1331 2288 1362 2313 et
1395 2280 1548 2323 primitus,

893 2335 937 2366 uti
957 2336 1136 2366 Graecorum
1162 2333 1268 2374 ἔργον,
1290 2331 1329 2361 de
1349 2330 1549 2372 agricultura.

893 2385 1043 2414 HAnmzs.

940 2435 989 2465 13.
1020 2433 1118 2463 Vacuo
1148 2430 1272 2470 natali]
1306 2430 1390 2471 Agro
1410 2428 1475 2459 sine
1501 2437 1549 2457 se-

894 2484 986 2515 mine.

942 2534 990 2563 15.
1006 2533 1053 2562 Ad
1076 2531 1238 2561 certamina
1265 2527 1372 2567 Circi]
1397 2526 1449 2556 Ad
1472 2536 1550 2567 pug-

895 2591 966 2611 nam
989 2580 1131 2610 ludorum
1154 2577 1357 2612 Circensium,
1380 2575 1412 2606 in
1438 2574 1551 2616 quibus

896 2628 1065 2671 aliquando
1081 2634 1112 2658 et
1132 2627 1219 2668 pueri
1235 2626 1353 2656 nobiles
1368 2624 1455 2665 equis
1470 2622 1550 2653 ludi-

897 2689 982 2709 crum
1010 2677 1108 2718 Trojae
1138 2675 1217 2706 inire
1245 2674 1396 2708 solebant,
1425 2677 1550 2703 auctore

898 2727 969 2757 Cor.
991 2725 1110 2756 Tacito.
1144 2725 1235 2754 Mm.
1289 2723 1472 2753 Cet-taminia.
1512 2720 1550 2751 In

1026 2774 1120 2804 Ba?
