1760 3172
339 168 431 209 EX
464 168 675 210 PONTO
711 168 829 209 LIB.
865 167 956 208 III.
982 167 1174 209 EPIST.
1206 168 1242 209 I.

1399 169 1482 209 447

102 282 209 330 Nec
235 299 387 330 nurus
402 283 624 347 AEgypti,
646 299 738 330 nec
760 299 891 330 saeva
911 283 1300 345 Agamemnonis
1326 299 1477 339 uxor3

167 361 452 424 Scyllaque,
481 377 593 424 quae
622 360 815 408 Siculas
841 360 1042 422 inguine
1067 366 1220 407 terret
1244 375 1428 422 aquas;

100 437 399 500 Telegonive
423 454 604 502 parens
628 438 880 486 vertendis
906 445 1023 484 nata
1047 437 1244 498 figuris3

169 514 216 561 N
221 531 375 562 exave
400 515 614 563 nodosas
641 531 803 578 angue
830 513 1046 561 Medusa
1070 529 1253 560 comas.

103 592 308 640 Femina
332 593 420 639 sed
445 593 692 657 princeps,
721 592 771 639 in
797 608 898 655 qua
922 592 1116 638 fortuna
1140 591 1306 637 videre

1394 593 1483 636 125

171 669 237 716 Se
262 670 454 733 probat,
478 676 529 717 et
553 686 699 718 caecae
725 669 932 717 crimina
956 657 1081 715 falsa
1103 667 1246 714 tulit:

103 746 215 801 Qua
239 746 359 793 nihil
385 747 435 793 in
459 747 618 802 terris,
643 747 705 794 ad
731 747 880 793 finem
909 745 1038 792 Solis
1065 745 1126 791 ab
1152 750 1263 790 ortu

169 824 383 879 Clarius,
411 830 624 887 excepto
651 823 867 878 Caesare,
895 822 1108 869 mundus
1132 821 1299 868 habet.

106 900 290 963 Eligito
315 907 531 964 tempus,
559 906 815 964 captatum
843 916 976 962 saepe
1001 898 1226 961 rogandi,

173 977 338 1025 Exeat
363 978 570 1026 adversa
594 994 656 1024 ne
682 984 770 1023 tua
794 977 931 1023 navis
957 991 1103 1038 aqua.

1399 977 1488 1020 130

106 1054 220 1102 Non
245 1071 443 1120 semper
468 1071 633 1102 sacras
656 1055 870 1102 reddunt
893 1053 1094 1100 oracula
1118 1058 1302 1106 sortes;

172 1131 390 1196 Ipsaque
409 1149 507 1180 non
532 1132 665 1179 omni
691 1139 915 1195 tempore
940 1130 1054 1177 fana
1076 1135 1267 1193 patent.

107 1210 274 1264 Quum
294 1217 453 1258 status
474 1210 609 1257 urbis
630 1209 736 1265 erit,
760 1209 959 1272 qualem
981 1223 1112 1255 nunc
1133 1221 1344 1268 auguror
1363 1222 1488 1259 esse,

175 1286 240 1334 Et
264 1288 428 1334 nullus
449 1288 623 1352 populi
649 1288 909 1335 contrahet
932 1302 1017 1334 ora
1040 1285 1208 1339 dolor3

108 1363 275 1418 Quum
290 1365 467 1412 domus
483 1365 713 1428 Augusti,
735 1364 955 1428 Capitoli
975 1379 1109 1411 more
1125 1362 1349 1416 colenda,
1401 1363 1491 1407 135

178 1441 330 1499 Laeta,
358 1443 495 1506 quod
521 1450 613 1499 est,
641 1450 691 1490 et
716 1442 795 1497 sit,
823 1443 1072 1505 plenaque
1097 1440 1235 1504 pacis
1260 1439 1381 1495 erit3

109 1586 211 1627 queris
226 1591 260 1617 tu
276 1585 404 1628 quidem
422 1586 569 1617 seminam
590 1598 713 1628 prorsus
729 1588 767 1617 ab

109 1636 193 1666 omni
208 1634 391 1667 crudelitate
407 1636 553 1667 alienam.

156 1686 229 1715 121.
248 1685 311 1716 Nec
325 1697 422 1716 nurus
439 1686 592 1727 AEgypti.]
620 1686 689 1716 Nec
713 1686 768 1717 ali-

110 1745 174 1776 qua
196 1734 390 1771 Danaidum,
415 1745 485 1776 quae
510 1735 639 1767 maritos
664 1746 771 1767 omnes

110 1795 173 1816 una
184 1789 274 1815 nocte
286 1784 600 1827 occiderunt‚'praeter
612 1786 642 1815 H
645 1796 768 1827 yperm-

111 1839 256 1869 nestram,
273 1844 343 1875 quae
358 1833 504 1864 maritum
519 1834 662 1865 servavit.
709 1835 772 1866 Nec

110 1893 184 1912 sceva
198 1883 428 1924 Agamemnonis
441 1895 528 1914 uror.
554 1884 622 1914 Nec
638 1884 773 1916 crudelis

111 1931 362 1973 Clytaemnestra,
399 1942 469 1973 quae
501 1932 771 1974 Agamemnonem

114 1980 258 2011 maritum
271 1980 400 2011 occidit.

160 2031 231 2060 122.
251 2030 437 2071 Scyllaque]
464 2031 615 2067 Subaudi,
638 2042 699 2062 non
728 2039 774 2063 est

114 2078 262 2120 roganda.
299 2078 404 2110 Terret
422 2082 559 2122 inguine.
583 2080 696 2122 ‚Virgih
710 2082 771 2112 Ec-

115 2129 178 2170 log.
193 2128 234 2161 vi.
247 2129 298 2160 75.
312 2139 387 2170 sqq:

160 2179 299 2209 Candida
318 2181 502 2209 succinctam
526 2179 708 2209 latrantibus
727 2181 774 2209 iu-

198 2230 296 2269 gnz'na
310 2229 458 2263 monstris,

162 2277 322 2306 Dulichias
349 2287 462 2307 vexasse
487 2282 578 2313 rates,
601 2283 629 2306 et
653 2278 776 2318 gurgite

203 2329 234 2357 in
250 2329 312 2356 alto

161 2376 209 2406 Ah
221 2376 231 2405 .'
247 2377 362 2406 timidos
376 2382 484 2406 nautas
498 2376 620 2406 canibus
636 2376 777 2407 lacerasse

204 2427 340 2456 marinis.

165 2477 234 2507 123.
248 2476 422 2517 Telegonive
434 2476 574 2515 parens]
589 2474 777 2506 Circemde-

117 2525 230 2566 signat.
280 2525 433 2556 vertendis
451 2525 578 2567 figuris.
612 2523 776 2555 Mutandis

122 2573 297 2605 hominibus
310 2574 343 2605 in
358 2581 505 2605 monstra.

167 2625 238 2655 125.
254 2624 294 2654 In
315 2636 374 2664 qua
385 2624 521 2666 fortuna
540 2625 638 2654 videre
657 2623 692 2653 Se
709 2633 777 2662 pro-

121 2674 198 2714 bat.]
225 2674 263 2705 In
278 2683 342 2715 qua
361 2673 487 2710 femina,
503 2673 626 2704 fortuna
645 2671 780 2703 ostendit

123 2734 155 2754 se
179 2735 241 2755 non
265 2733 380 2754 caecam
410 2734 486 2754 esse.
525 2724 628 2760 Quam
653 2721 779 2762 quidem

836 1586 983 1618 feminam
1015 1585 1143 1626 dignam
1180 1583 1345 1625 probitate,
1374 1588 1405 1612 et
1434 1593 1494 1612 non

837 1643 951 1667 temere
976 1635 1015 1665 ad
1039 1634 1247 1676 principatum
1268 1632 1388 1664 evexit:
1415 1632 1495 1662 etin

837 1696 929 1727 quam
946 1685 1055 1715 videns
1078 1688 1109 1714 et
1133 1683 1233 1714 sciens
1256 1683 1379 1713 fortuna
1399 1687 1444 1712 tot
1465 1687 1496 1712 et

838 1741 901 1765 tam
917 1733 1023 1775 ampla
1036 1734 1120 1764 bona
1134 1731 1332 1773 congesserit.

885 1785 957 1815 126.
982 1783 1021 1813 Et
1045 1784 1117 1813 tulit
1131 1782 1219 1823 falsu
1242 1783 1370 1811 crimina
1390 1780 1495 1820 mrem]

839 1834 929 1864 Falso
944 1844 1029 1863 caeca
1044 1832 1202 1873 adpellata
1215 1831 1284 1861 fuit.

885 1884 956 1913 128.
973 1881 1122 1921 Clarium]
1149 1879 1295 1911 Nobilius
1314 1879 1381 1921 ipsa
1398 1878 1497 1908 Livia.

843 1934 971 1972 Ercepeo
989 1932 1112 1962 Caesare.
1136 1931 1278 1971 Excepto
1293 1929 1448 1969 Augusto.

887 1983 956 2013 129.
971 1982 1132 2020 Captatum
1146 1979 1245 2020 scrpe]
1262 1979 1331 2009 Hac
1348 1978 1379 2008 in
1393 1987 1424 2008 re
1439 1988 1497 2008 sae-

841 2032 910 2074 pius
925 2042 943 2062 a
959 2036 989 2061 te
1005 2035 1175 2072 captatum,
1187 2034 1218 2059 et
1233 2028 1321 2069 quasi
1333 2032 1499 2058 tentatum.

887 2082 958 2112 130.
991 2080 1085 2110 Exeat
1115 2080 1237 2109 adversa
1270 2089 1305 2108 ne
1334 2084 1388 2107 tua
1416 2079 1501 2107 nauis

842 2130 949 2171 aqum]
975 2130 1085 2165 Immo,
1111 2134 1146 2158 ut
1170 2132 1286 2164 exeat;
1307 2137 1387 2157 unus
1408 2126 1498 2157 Vati-⁷

841 2191 911 2211 can.
951 2180 1057 2215 Ενεαι,
1086 2178 1145 2208 hoc
1175 2182 1233 2212 est,
1259 2176 1393 2212 Haereat,
1416 2175 1500 2216 quod

841 2240 949 2261 sensus
964 2228 1103 2270 requirit.
1127 2227 1244 2257 Hnms.
1291 2226 1408 2256 Verum
1425 2223 1501 2254 mihi

842 2290 896 2321 pro
911 2284 995 2309 certo
1011 2283 1068 2312 est,
1085 2283 1166 2307 exeat
1180 2274 1388 2310 retinendum,
1398 2278 1429 2304 et
1444 2275 1499 2303 acl-

843 2340 925 2359 versa
961 2339 1038 2368 aqua
1067 2323 1347 2367 interpretandum,
1376 2322 1502 2364 quando

845 2387 928 2419 aqua
950 2376 1042 2408 fuerit
1067 2374 1208 2406 adversa.
1253 2372 1302 2402 Ne
1326 2376 1428 2407 exeat,
1453 2372 1500 2401 in-

846 2426 924 2468 quit,
939 2435 956 2456 e
978 2429 1068 2466 portu
1092 2422 1192 2458 navis,
1208 2427 1285 2452 aestu
1305 2420 1499 2455 adversante,

847 2481 940 2516 atque
956 2474 1001 2504 ita
1023 2472 1180 2504 difficilem
1204 2481 1327 2501 cursum
1345 2469 1427 2500 male
1448 2479 1503 2499 au-

843 2524 989 2566 spicetur.

892 2574 962 2603 131.
977 2572 1082 2601 Sam-as
1097 2569 1213 2609 sortes]
1238 2570 1331 2599 Sacra
1347 2578 1502 2609 responsa.

892 2623 962 2653 135.
980 2620 1111 2660 Capitoli
1132 2618 1238 2658 mora]
1264 2618 1310 2648 Eo
1329 2616 1420 2652 modo
1440 2628 1502 2658 quo

847 2670 1050 2712 Capitolium,
1073 2667 1154 2709 quod
1175 2678 1236 2698 non
1258 2666 1428 2702 colebatur,
1445 2665 1503 2696 nisi

849 2730 945 2760 quum
975 2717 1218 2758 triumphabant,
1241 2721 1294 2746 aut
1317 2715 1348 2745 in
1375 2714 1502 2756 publica
