1760 3172
179 170 263 211 290

572 171 622 211 P.
656 171 767 212 OVI
777 170 870 212 DII
906 170 1188 213 NASONIS

646 361 971 409 ELEGIA
1018 361 1109 408 VI.

178 513 452 561 TEMPORE
480 515 702 562 ruricolae
729 516 924 579 patiens
950 515 1004 562 fit
1030 523 1201 564 taurus
1227 517 1393 573 aratri,

248 591 450 639 Praebet
476 599 527 639 et
552 592 754 639 incurvo
781 592 911 639 colla
935 594 1210 656 premenda
1227 595 1380 656 jugo:

179 668 428 732 Tempore
453 676 594 733 paret
619 684 778 732 equus
800 669 948 716 lentis
974 669 1226 717 animosus
1254 669 1482 724 habenis,

248 745 314 793 Et
339 746 537 810 placido
564 747 714 794 duros
741 746 927 810 accipit
951 762 1034 794 ore
1060 747 1205 810 lupos
1228 764 1238 795 ε

180 822 428 887 Tempore
455 824 726 872 Poenorum
752 824 1089 887 compescitur
1113 824 1184 871 ira
1207 825 1424 879 leonum,
1546 841 1575 869 ο

1549 825 1572 848 r

248 901 356 949 Nec
382 901 552 948 feritas
579 902 759 957 animo,
788 916 901 964 quae
927 900 1020 948 fuit
1045 908 1177 957 ante,
1205 908 1404 948 manet:

180 977 408 1041 Quaeque
435 979 510 1026 sui
537 979 738 1026 monitis
764 979 1078 1042 obtemperat
1103 977 1230 1025 Inda
1253 978 1479 1040 magistri

249 1054 444 1111 BeHua,
472 1056 727 1103 servitium
754 1063 980 1119 tempore
1004 1056 1138 1103 victa
1162 1055 1325 1103 subit:

180 1131 418 1195 Tempus,
441 1140 496 1179 ut
520 1133 738 1181 extentis
764 1141 958 1180 tumeat
982 1133 1102 1181 facit
1126 1149 1222 1180 uva
1245 1132 1473 1189 racemis,

235 1208 438 1272 Vixque
455 1226 646 1257 merum
662 1211 863 1274 capiant
877 1227 1045 1273 grana,
1061 1211 1198 1274 quod
1214 1209 1346 1258 intus
1363 1210 1574 1258 habent:

179 1285 400 1350 Tempus
427 1294 477 1334 et
501 1287 551 1334 in
577 1303 728 1335 canas
758 1303 930 1335 semen
956 1288 1188 1351 producit
1213 1287 1406 1343 aristas,
1517 1289 1570 1334 ll

248 1363 314 1411 Et
338 1381 399 1412 ne
427 1365 527 1412 sint
551 1365 680 1412 tristi
706 1382 856 1430 poma
877 1381 1053 1429 sapore
1079 1365 1228 1412 facit:

181 1439 291 1488 Hoc
318 1449 493 1490 tenuat
517 1443 720 1491 dentem
745 1451 903 1492 terras
925 1443 1208 1491 renovantis
1235 1441 1399 1497 aratri,

246 1517 357 1566 Hoc
383 1519 566 1582 rigidas
593 1520 776 1576 silices,
804 1521 898 1568 hoc
925 1521 1193 1568 adamanta
1216 1519 1362 1568 terit:

224 1691 253 1720 1.
274 1690 413 1731 Tempore
424 1693 592 1734 ruricolae.]
612 1692 691 1724 Haec
707 1704 778 1734 quae
795 1704 843 1724 se-

178 1746 328 1781 quuntur,
358 1741 442 1782 apud
471 1740 559 1778 alios,
587 1753 606 1773 a
634 1742 845 1784 superioribus

177 1796 322 1832 separata
352 1790 518 1831 leguntur:
554 1798 588 1822 ut
620 1792 659 1822 ab
689 1791 748 1822 hoc
776 1792 845 1823 loco

179 1848 270 1875 nova,
289 1844 320 1869 et
341 1849 411 1881 quae
432 1839 539 1870 ordine
559 1846 649 1871 sexta
667 1840 717 1877 sit,
733 1841 845 1882 Elegia

179 1887 320 1930 incipiat.
366 1889 435 1919 Nec
455 1888 538 1920 male
563 1889 699 1925 omnino,
716 1895 750 1920 ut
774 1901 845 1921 rnea

179 1936 237 1968 fert
257 1938 435 1975 sententia;
457 1948 531 1968 nam
550 1945 582 1969 et
604 1939 760 1970 sententia
781 1940 843 1970 alia

179 1997 198 2017 a
212 1986 368 2029 superiore
384 1993 432 2018 est
447 2000 453 2017 ε
478 1994 510 2018 et
529 1998 626 2029 quum
647 1989 715 2019 haec
731 1999 842 2030 quere-

178 2036 241 2066 lam
266 2035 400 2066 miseriae
422 2047 486 2067 suae
511 2036 686 2073 continuat,
709 2037 764 2068 illa
788 2048 841 2069 au-

177 2090 240 2115 tem
256 2084 484 2126 impetitionem
498 2097 505 2123 ;
530 2085 597 2116 haec
612 2085 786 2128 promiscue
803 2086 842 2117 ad

178 2144 285 2165 omnes
306 2134 434 2169 amicos,
460 2135 526 2166 sive
553 2135 697 2171 lectores,
725 2136 780 2167 illa
802 2136 842 2167 ad

178 2183 277 2214 solum
301 2193 372 2214 eum
394 2184 485 2225 cujus
504 2194 617 2215 nomen
643 2195 681 2215 ex
707 2186 840 2216 circum-

177 2233 300 2263 stantiis
334 2233 494 2270 describit,
527 2233 683 2275 pertinere
711 2234 844 2266 videtur.

180 2282 309 2312 Mlcw„

223 2332 253 2361 3.
271 2331 402 2372 Lentis]
430 2331 650 2363 Flexibilibus.

223 2382 252 2410 4.
270 2381 371 2411 Dur-os
386 2382 495 2422 I11pos.]
524 2382 613 2412 Dura
628 2381 737 2412 fraena.
778 2382 843 2412 Lu-

176 2437 251 2470 ]mta
267 2436 373 2461 autem
388 2430 547 2472 intelligit.
586 2432 642 2461 Est
657 2431 739 2461 enim
757 2433 844 2472 Inpu-

180 2487 254 2515 tnm‚
271 2478 402 2509 sraenum
419 2490 574 2521 asperum,
591 2491 653 2522 quo
669 2481 741 2521 equi
763 2481 841 2512 sero-

179 2528 278 2558 ciores
293 2535 491 2559 coercentur:
510 2528 554 2559 sic
568 2529 700 2566 dictum,
717 2536 841 2561 auctore

110 2603 116 2613 ,
178 2577 296 2613 Servio,
327 2588 345 2608 a
373 2577 490 2620 lupinis
519 2578 679 2615 dentibus,
709 2579 763 2620 qui
792 2579 840 2610 in-

179 2625 318 2667 aequales
333 2632 416 2657 sunt.

223 2676 253 2705 7.
273 2674 351 2705 Ιηιίιι
379 2676 509 2717 bellum]
538 2676 740 2718 Elephantes,
768 2677 842 2718 quia

179 2724 331 2766 paulatim
359 2725 515 2766 magistris
539 2737 647 2768 parere
671 2737 840 2758 consueve—

911 1699 1003 1725 runt:
1040 1704 1113 1724 nam
1142 1703 1248 1735 regem
1269 1691 1452 1728 adorabant,
1471 1702 1576 1733 genua

910 1743 1150 1779 submittebant,
1165 1752 1295 1774 coronas
1306 1741 1516 1784 porrigebant,
1528 1741 1577 1772 su-

912 1792 1003 1823 nibus
1018 1792 1177 1823 subibant.
1200 1791 1295 1822 Men.
1339 1789 1478 1832 Elephas
1497 1800 1577 1832 prae-

911 1841 1002 1883 cipue
1019 1841 1133 1872 dicitur
1148 1841 1260 1876 bellna,
1278 1846 1314 1870 ut
1329 1839 1438 1870 Livius
1457 1840 1510 1870 37.
1523 1840 1577 1869 42.

913 1890 960 1921 Ne
973 1891 1140 1930 interpositi
1151 1891 1268 1930 quidem
1283 1889 1434 1928 elephanti
1451 1889 1574 1919 militem

914 1939 1001 1970 Rom.
1032 1940 1235 1972 deterrebant,
1275 1939 1578 1968 adsuetum—vitare

912 1991 1054 2030 impetum
1071 1989 1187 2019 belluae.
1210 1987 1304 2018 Adde
1320 1986 1459 2018 Plinium
1468 1986 1534 2017 viii.
1549 1988 1578 2018 l.

911 2038 965 2079 qui
982 2038 1077 2069 etiam
1097 2037 1174 2068 ibid.
1190 2047 1218 2068 c.
1233 2037 1284 2067 16.
1302 2035 1440 2078 prodidit
1455 2046 1574 2067 memo-

911 2087 974 2121 riae.
999 2088 1185 2118 Hannonem
1209 2097 1226 2118 e
1251 2085 1433 2117 clarissimis
1461 2085 1577 2117 Poeno-

912 2147 979 2167 rum
1018 2136 1154 2179 primum
1189 2136 1313 2167 leonem
1347 2141 1480 2166 tractare
1517 2145 1576 2166 au-

909 2197 976 2217 sum
997 2196 1063 2217 esse
1085 2192 1117 2216 et
1133 2186 1298 2217 ostendere
1314 2184 1577 2216 mansuefactum.

910 2235 1059 2266 HAntAEs.

953 2287 985 2316 9.
1006 2283 1168 2324 Racemis.]
1208 2283 1342 2314 Racemi
1360 2283 1482 2325 proprie
1504 2289 1581 2315 sunt

910 2345 979 2365 uvae
1005 2334 1151 2369 minores,
1169 2332 1273 2374 granis
1300 2331 1498 2371 exilioribus;
1522 2333 1576 2374 qui

910 2383 1094 2424 plerumque
1105 2393 1123 2413 a
1131 2381 1409 2412 vindemiatoribus
1419 2382 1476 2412 sub
1487 2392 1576 2424 pam-

911 2432 985 2474 pino
1001 2433 1135 2463 latentes
1157 2431 1366 2472 fallentesque
1379 2430 1491 2466 relicti,
1507 2437 1578 2473 post

909 2483 1108 2523 colliguntur.

956 2533 1005 2561 ll.
1030 2531 1155 2570 Tempus
1175 2538 1202 2560 et
1223 2531 1253 2560 ιἰι
1277 2529 1396 2570 cunas]
1421 2529 1576 2571 Tempore

910 2580 1003 2611 etiam
1025 2580 1179 2610 frumenta
1198 2585 1380 2615 nascuntur,
1397 2585 1427 2610 et
1450 2578 1489 2610 ad
1511 2589 1577 2610 nia-

910 2629 1067 2660 turitatem
1084 2628 1284 2670 perveniunt.

955 2680 1005 2710 14.
1022 2678 1178 2719 lagidae]
1206 2678 1302 2708 Multi
1323 2676 1447 2708 codices
1461 2677 1505 2708 sic
1521 2676 1575 2708 de-

910 2727 1041 2764 deruntg
1064 2727 1116 2757 alii
1141 2729 1275 2769 rigidam
1296 2737 1354 2758 nec
1377 2735 1480 2768 pauca
1503 2732 1576 2757 sunt
