1760 3172
211 177 297 219 252
602 175 652 216 P.
689 175 901 217 OVIDII
936 175 1218 218 NASONIS

208 292 438 338 Vidimus
465 292 720 353 ingentem
747 291 905 354 glacie
931 291 1204 338 consistere
1230 299 1455 355 pontum,

276 368 589 431 Lubricaque
612 369 840 416 immotas
867 376 998 416 testa
1022 370 1284 432 premebat
1309 386 1481 434 aquas.

207 446 316 494 Nec
341 446 524 494 vidisse
549 453 629 493 sat
653 454 756 503 est;
798 447 976 493 durum
1001 446 1304 494 calcavimus
1334 463 1532 510 aequor;

277 523 528 586 Undaque
552 540 652 570 non
677 524 894 570 udo‘sub
920 524 1049 587 pede
1075 540 1270 571 summa
1293 524 1400 572 fuit.
1541 528 1605 571 40

208 601 292 648 Sic
317 600 408 647 tibi
433 601 533 647 tale
557 600 737 647 fretum
764 600 1035 663 quondam,
1065 599 1310 656 Leandre,
1337 600 1529 657 fuisset,

275 677 388 725 Non
415 678 540 725 foret
566 685 791 741 angustae
820 693 951 725 mors
973 685 1059 725 tua
1083 679 1272 726 crimen
1298 694 1459 742 aquae.

203 754 333 802 Tum
357 771 520 817 neque
545 770 598 801 se
625 755 774 817 pandi
801 762 1012 817 possunt
1036 755 1302 818 delphines
1330 756 1380 801 in
1408 770 1554 802 auras

271 813 521 900 Tolleref
535 838 774 878 conantes
799 831 924 878 dura
947 838 1145 878 coercet
1170 832 1375 895 hyems;

206 907 287 963 Et,
316 908 542 971 quamvis
571 907 758 954 Boreas
777 908 984 970 Jactatis
1005 908 1203 956 insonet
1228 908 1334 963 alis,
1540 910 1603 955 45

272 985 479 1032 Fluctus
504 984 553 1031 in
579 986 786 1033 obsesso
813 986 1010 1048 gurgite
1036 986 1201 1032 nullus
1228 984 1336 1032 erit.

205 1061 520 1125 Inclusaeque
545 1063 659 1124 gelu
685 1063 908 1118 stabunt,
935 1070 990 1110 ut
1016 1079 1274 1118 marmore,
1302 1078 1527 1126 puppes:

273 1139 382 1186 Nec
408 1139 590 1203 poterit
614 1139 798 1201 rigidas
824 1139 1012 1187 findere
1039 1155 1204 1187 remus
1231 1155 1403 1201 aquaS.

204 1216 433 1263 Vidimus
458 1217 508 1262 in
535 1216 693 1279 glacie
718 1217 881 1280 pisces
907 1218 1093 1264 haerere
1119 1216 1326 1279 ligatos;

271 1292 337 1340 Et
361 1309 475 1356 pars
502 1309 566 1340 ex
591 1293 686 1340 illis
711 1300 817 1340 tum
844 1309 1047 1356 quoque
1073 1293 1186 1340 viva
1210 1292 1320 1339 fuit.
1540 1295 1604 1339 50
1620 1342 1657 1369 ,Ι
1694 1352 1699 1364 ,

207 1369 322 1418 Sive
347 1371 496 1431 igitur
521 1370 659 1416 nimii
688 1369 863 1418 Boreae
889 1370 962 1416 vis
990 1385 1122 1417 saeva
1146 1369 1378 1424 marinas,
1467 1401 1522 1430 ,μ
1542 1394 1581 1427 5«

273 1447 389 1494 Sive
415 1447 718 1494 redundatas
744 1447 946 1494 flumine
973 1447 1109 1509 cogit
1133 1461 1291 1509 aquas
1312 1464 1322 1502 ;

204 1523 456 1579 Protinus,
478 1530 676 1586 aequato
702 1523 848 1570 siccis
874 1523 1210 1587 Aquilonibus
1236 1522 1383 1577 Istro,

270 1600 527 1648 Invehitur
551 1600 701 1647 celeri
726 1601 965 1647 barbarus
992 1599 1150 1648 hostis
1176 1616 1335 1662 equo:

206 1677 380 1725 Hostis
406 1693 536 1740 equo
562 1678 772 1741 pollens,
800 1678 1051 1741 longeque
1075 1678 1271 1725 volante
1297 1676 1496 1739 sagitta,
1536 1678 1598 1722 55

269 1754 499 1802 Vicinam
525 1755 625 1802 late
651 1755 986 1818 depopulatur
1010 1754 1234 1801 humum.

206 1831 489 1894 Diffugiunt
513 1831 595 1878 alii
614 1822 654 1893 {s
665 1832 917 1895 nullisque
943 1832 1199 1879 tuentibus
1226 1846 1386 1893 agros,

269 1908 594 1962 Incustoditae
615 1908 915 1972 diripiuntur
939 1925 1061 1972 opes
1079 1927 1089 1965 ;

247 2043 298 2073 37.
324 2041 437 2082 Testa]
465 2041 534 2071 h.e.
546 2041 675 2082 glacies,
694 2052 764 2083 quae
781 2048 869 2072 testae
984 2041 1054 2072 Tres
1082 2042 1184 2071 imbris
1208 2043 1278 2071 torti
1302 2041 1411 2075 radios,
1437 2045 1496 2070 tres
1518 2041 1607 2070 nubis

203 2092 299 2123 instar
311 2091 461 2122 incrustat
477 2100 591 2131 aquam
605 2102 612 2128 ;
639 2091 812 2121 Burmann.
823 2096 870 2121 ta·
1066 2102 1177 2131 aquosrr

203 2152 286 2177 men,
302 2141 375 2182 quia
390 2139 550 2171 insolitum
566 2150 631 2171 esse
648 2145 748 2181 putat,
766 2146 869 2171 restam
982 2142 1183 2175 Addiderunt,
1197 2140 1285 2169 rutili
1302 2145 1361 2169 tres
1376 2140 1466 2180 ignis,
1479 2145 1507 2169 et
1522 2139 1606 2169 alitis

203 2201 255 2232 pro
270 2189 370 2231 glacie
387 2189 503 2224 dicere,
519 2188 644 2230 praefert
657 2188 834 2225 lectionem,
852 2199 868 2219 a
1066 2191 1183 2220 Austri.

203 2240 329 2270 Merula
348 2240 414 2281 jam
437 2244 588 2274 notatam,
615 2245 646 2269 et
669 2249 739 2280 quae
764 2245 811 2269 est
838 2238 868 2269 in
980 2241 1032 2270 55.
1050 2239 1152 2269 Hostis
1162 2249 1234 2278 equo
1243 2237 1384 2277 pollens-J
1404 2236 1604 2267 Sauromatas

202 2288 272 2319 cod.
288 2288 483 2319 Francosurt.
499 2294 611 2318 crusta.
657 2287 804 2318 HARLES.
938 2287 1068 2318 arbitror
1091 2286 1253 2327 designare
1278 2284 1439 2315 Ovidium.
1484 2284 1606 2316 Plinius

245 2340 297 2369 42.
325 2339 466 2379 Angusto?
491 2337 600 2378 aqum]
628 2336 867 2379 Hellespontum
937 2336 1019 2367 enim
1045 2336 1099 2366 lib.
1112 2334 1309 2369 viii.scribit,
1325 2334 1458 2375 Scythas
1481 2334 1603 2376 equita-

201 2387 453 2429 (lesignat,cujus
465 2386 614 2428 angustiae
628 2387 660 2417 in
670 2386 866 2417 latitudinem
937 2391 987 2417 tus
1001 2392 1032 2417 et
1048 2395 1198 2427 equorum
1213 2384 1312 2426 gloria
1327 2389 1474 2426 strepere.

202 2444 274 2469 sunt
289 2436 458 2468 stadim-um
475 2442 604 2478 septem.
979 2436 1031 2466 57.
1059 2434 1218 2475 Nullisque
1242 2433 1422 2473 tuentibus]
1449 2433 1487 2463 In
1502 2432 1603 2475 Epist.

245 2488 296 2517 43.
322 2485 358 2516 Ιη
375 2486 496 2527 auras]
524 2486 606 2516 Nam
622 2485 762 2527 delphini
775 2486 866 2527 (auc—
937 2484 1086 2526 Penelop.
1101 2483 1140 2514 ad
1158 2483 1263 2525 Ulyss.
1280 2494 1344 2514 ver.
1358 2483 1411 2514 89.

202 2545 264 2567 tore
290 2536 408 2574 Plinio)
424 2542 511 2567 tanta
527 2535 556 2565 vi
578 2535 736 2571 exsiliunt,
753 2541 787 2566 ut
801 2535 867 2577 ple·
980 2533 1075 2574 Inque
1091 2540 1142 2563 tua
1161 2538 1300 2574 regnaut,
1314 2532 1407 2562 nullis
1419 2531 1601 2570 prohibenti-

203 2596 332 2627 rumque
341 2585 413 2615 vela
424 2585 551 2615 navium
564 2583 757 2615 transvolent
765 2588 867 2614 vento.
1062 2584 1124 2618 bus,
1138 2584 1228 2613 aula.-

245 2637 296 2667 45.
329 2635 460 2665 Jactatis
488 2634 572 2674 alis]
614 2633 707 2664 Venti
737 2632 819 2663 enim
851 2644 868 2662 a
1027 2632 1144 2663 Viscera
1170 2639 1279 2666 nostra,
1308 2637 1366 2661 tuoe
1391 2630 1601 2659 dilaceramur

202 2684 301 2725 poetis
317 2684 475 2724 finguntur
491 2693 557 2713 esse
574 2682 660 2713 alati.
702 2681 784 2712 Hinc
801 2681 866 2711 Au-
1108 2693 1181 2720 npps.

201 2739 262 2763 ster
278 2733 351 2765 ales.
367 2731 478 2769 Virgil.
494 2733 567 2762 :Em
585 2731 647 2761 viii.
663 2743 690 2761 v.
708 2732 770 2762 4⁴29
786 2741 841 2771 sqq
857 2743 861 2759 :
