1760 3172
414 172 723 215 TRISTIUM
755 171 876 213 LIB.
910 171 991 212 IV.
1026 172 1205 213 ELEG.
1239 172 1321 213 VI.

1482 173 1567 213 291

174 288 284 336 Hoc
311 289 463 336 etiam
489 304 645 336 saevas
671 287 913 352 paulatim
939 286 1134 348 mitigat
1160 287 1283 344 iras3
1509 290 1566 335 15

241 365 352 413 Hoc
374 366 553 413 minuit
577 367 761 422 luctus,
789 371 1070 427 moestaque
1095 365 1247 411 corda
1272 366 1417 412 levat.

174 442 373 491 Cuncta
395 450 562 507 potest
586 443 736 505 igitur
762 442 915 490 tacito
936 442 1065 505 pede
1092 442 1234 505 lapsa
1256 449 1478 490 vetustas

240 520 586 583 Praeterquam
612 537 756 567 curas
784 521 1055 567 adtenuare
1081 535 1235 566 meas.

176 596 247 644 Ut
271 598 431 660 patria
454 613 615 654 careo,
644 597 721 644 bis
747 597 973 660 frugibus
1000 613 1114 652 area
1139 597 1256 644 trita
1281 603 1386 652 est;

243 674 477 722 Dissiluit
502 676 635 722 nudo
662 691 836 738 pressa
859 675 936 722 bis
962 692 1057 722 uva
1081 675 1226 738 pede.
1508 676 1572 719 ‘20

177 751 222 798 N
229 768 286 799 ec
312 752 526 814 quaesita
549 760 717 800 tamen
743 753 905 816 spatio
931 752 1172 816 patientia
1196 753 1344 815 longo
1369 758 1472 808 est3

243 828 496 892 Mensque
517 830 631 876 mali
656 846 859 876 sensum
885 837 1053 877 nostra
1079 830 1294 877 recentis
1321 829 1488 876 habet.

179 905 399 961 Scilicet,
428 913 478 953 et
501 913 695 953 veteres
721 906 918 969 fugiunt
936 908 1061 969 juga
1085 922 1235 954 curva
1255 906 1486 970 juvenci3

245 982 312 1029 Et
336 983 556 1030 domitus
582 983 734 1030 fraeno
760 1000 896 1047 saepe
922 991 1168 1048 repugnat
1193 1000 1372 1046 equus,

177 1059 385 1107 Tristior
410 1066 488 1107 est
513 1060 665 1107 etiam
691 1076 911 1124 praesens
935 1077 1155 1108 aerumna
1180 1060 1371 1124 priore:
1511 1063 1574 1106 ‘³5

1513 1096 1539 1106 .-

249 1137 320 1184 Ut
344 1137 410 1184 sit
433 1138 565 1184 enim
592 1138 686 1185 sibi
712 1154 817 1201 par,
846 1139 1017 1194 crevit,
1047 1147 1096 1185 et
1122 1145 1270 1185 aucta
1295 1154 1432 1185 mora
1457 1144 1550 1184 est.

181 1211 290 1261 Nec
306 1221 408 1261 tam
424 1221 543 1261 nota
553 1215 690 1269 mihi,
705 1231 858 1278 quam
875 1222 1006 1271 sunt,
1022 1216 1153 1262 mala
1167 1222 1336 1262 nostra
1351 1214 1573 1270 fuerunt3

251 1291 353 1338 Sed
378 1292 537 1354 magis
560 1293 671 1348 1100,
700 1309 800 1356 quo
827 1300 943 1341 sunt
962 1293 1255 1355 cognitiora,
1279 1299 1502 1355 gravant.

183 1367 276 1416 Est
301 1385 505 1433 quoque
531 1387 630 1418 non
656 1371 932 1427 minimum,
960 1371 1087 1419 vires
1114 1370 1306 1417 adferre
1332 1375 1578 1424 recentes,

249 1446 359 1494 Nec
386 1455 812 1510 praeconsuintum
834 1449 1073 1512 temporis
1100 1464 1211 1494 esse
1237 1446 1397 1493 malis.

1517 1448 1581 1492 30

184 1523 376 1572 Fortior
400 1525 450 1571 in
474 1525 606 1573 fulva
632 1542 789 1572 novus
817 1533 894 1572 est
917 1527 1132 1572 luctator
1158 1540 1322 1579 arena,

252 1600 416 1656 Quam
443 1604 523 1650 cui
550 1611 668 1651 sunt
689 1605 832 1651 tarda
857 1603 1064 1650 brachia
1087 1603 1220 1649 fessa
1245 1617 1409 1648 mora:

185 1678 389 1742 Integer
414 1688 491 1727 est
515 1681 689 1727 melior
715 1680 885 1727 nitidis
911 1681 1157 1743 gladiator
1176 1679 1225 1725 in
1252 1679 1416 1734 arinis,

254 1756 419 1811 Quam
446 1758 525 1804 0111
552 1759 654 1805 tela
679 1776 769 1805 suo
796 1757 1037 1820 sanguine
1062 1757 1222 1804 tincta
1246 1757 1455 1803 rubent:

188 1832 307 1881 Fert
331 1834 459 1882 bene
486 1835 771 1899 praecipites
798 1836 936 1882 navis
962 1836 1110 1882 modo
1136 1834 1269 1881 facta
1293 1833 1564 1897 procellas;

257 1910 550 1966 Quamlibet
574 1914 758 1975 exiguo
785 1913 992 1961 solvitur
1016 1913 1175 1961 imbre
1200 1919 1361 1960 vetus
1523 1913 1586 1957 36

189 2093 259 2124 loca
273 2099 305 2125 et
317 2094 425 2125 Ovidii
441 2100 473 2126 et
485 2095 627 2132 aliorum,
642 2097 695 2127 ubi
711 2098 748 2128 τὸ
763 2098 857 2128 silices

189 2142 381 2184 adjectivum
396 2144 519 2185 generis
531 2145 698 2176 masculini
715 2146 856 2177 additum

189 2192 295 2228 habet,
318 2199 353 2223 ut
373 2199 482 2224 auctor
507 2194 690 2226 Electorum
717 2197 854 2227 Etonen-

190 2242 270 2273 sium
286 2242 458 2274 adnotavit.
491 2244 642 2275 HARLES.

234 2293 287 2323 23.
303 2292 434 2329 Scilicet,
459 2300 487 2324 et
510 2294 651 2335 veteres]
680 2293 768 2324 Dicit
791 2305 857 2325 ma—

191 2342 258 2372 lum
269 2347 361 2373 vetus
380 2342 439 2373 sibi
458 2342 505 2373 ita
529 2354 638 2374 recens
653 2343 764 2379 videri,
784 2354 860 2385 que·

193 2391 395 2422 madmodum
409 2392 517 2434 jugum
533 2393 717 2435 plerumque
741 2400 771 2424 et
790 2394 860 2423 frae-

194 2450 269 2471 num
290 2440 436 2481 juvencis
460 2447 492 2472 et
515 2441 617 2482 equis,
637 2441 691 2483 qui
718 2442 862 2483 quamvis

194 2489 248 2520 din
270 2489 334 2520 illis
362 2490 486 2521 adsueti
510 2490 636 2527 fuerint,
665 2497 771 2522 tamen
795 2497 862 2521 tan-

195 2549 291 2581 quam
320 2549 435 2569 novam
469 2539 646 2570 molestiam
676 2539 862 2582 plerumque

196 2587 354 2630 rejiciunt.
387 2587 510 2619 mes.

241 2638 293 2668 31.
310 2637 433 2667 Fortior
445 2637 612 2679 insulan]
641 2638 802 2680 Exemplis
817 2648 865 2668 ar-

197 2685 279 2728 guit,
304 2686 404 2717 multo
429 2687 530 2728 magis
549 2697 678 2727 gravare
707 2687 792 2718 mala
812 2698 866 2717 ve-

199 2740 276 2771 tera,
303 2746 398 2776 quam
425 2735 574 2767 recentia.
622 2736 779 2767 Luctator.
804 2737 866 2773 Qui

925 2098 1011 2128 lucta
1027 2096 1119 2132 ludit,
1137 2102 1168 2127 et
1184 2095 1339 2138 palaestra.
1375 2094 1471 2125 Fuere
1486 2100 1590 2124 autem

926 2146 985 2177 tria
1022 2146 1171 2177 athletica,
1201 2144 1386 2178 certamina,
1420 2143 1451 2173 in
1478 2143 1592 2184 quibus

926 2196 1090 2226 certabant
1127 2194 1305 2235 corporibus
1341 2192 1417 2228 suis,
1444 2202 1592 2226 cursores,

927 2244 1061 2286 pugiles,
1086 2250 1116 2274 et
1144 2243 1333 2274 luctatores:
1369 2240 1423 2271 alii
1454 2240 1593 2281 quinque

927 2298 1079 2328 statuunt,
1101 2292 1209 2327 saltus,
1229 2300 1349 2325 cursu5‚
1374 2289 1490 2325 discus,
1503 2289 1593 2330 jacu-

927 2343 1004 2378 lum,
1019 2342 1116 2372 lucta.

973 2392 1025 2421 33.
1043 2390 1158 2420 Nitalis
1184 2387 1314 2428 arenis]
1351 2387 1389 2416 In
1412 2396 1522 2427 campo
1547 2396 1596 2416 re-

930 2446 1035 2470 center
1055 2449 1150 2469 arena
1172 2442 1277 2468 strato.
1324 2434 1389 2466 Alii
1411 2437 1514 2470 armis,
1530 2445 1595 2464 me·

931 2488 1010 2520 lius:
1035 2486 1111 2528 quid
1141 2485 1224 2517 enirn
1250 2490 1322 2516 sunt
1350 2485 1453 2513 nitidae
1477 2483 1597 2513 arenae?

932 2547 1028 2577 quum
1049 2547 1141 2566 arena
1162 2537 1261 2565 nitida
1281 2534 1479 2574 obponantur
1495 2531 1596 2562 foeda-

933 2588 973 2617 tis
988 2585 1152 2626 sanguine,
1169 2584 1234 2615 sive
1250 2583 1398 2624 sanguine
1414 2583 1538 2612 tinctis:
1558 2580 1598 2611 de

934 2635 1049 2677 quibus
1071 2634 1142 2665 vide
1168 2633 1276 2664 Bentl.
1298 2631 1337 2663 ad
1363 2631 1539 2667 Horatium,
1567 2629 1599 2660 ii.

935 2684 997 2714 (id.
1014 2684 1034 2714 i.
1071 2684 1188 2713 Romu.

1068 2782 1132 2811 1‘2
