1760 3172
381 168 692 212 TRISTIUM
723 169 842 211 LIB.
877 169 941 210 II.
976 169 1067 210 EL.
1100 169 1321 211 UNICA.

1466 169 1551 211 195

149 286 249 334 Per
273 301 424 349 quem
450 286 583 333 bella
607 285 754 347 geriS,
773 286 916 348 cujus
938 300 1072 331 nunc
1093 300 1299 348 corpore
1324 301 1544 348 pugnas3

217 362 513 426 Auspicium
541 362 621 408 cui
647 362 736 408 das
758 361 962 423 grande,
992 360 1231 423 Deosque
1257 368 1398 419 tuos3

152 439 476 502 Dimidioque
495 440 566 486 tui
586 454 809 502 praesens
830 455 901 493 es,
920 444 970 484 et
987 437 1206 500 adspicis
1222 439 1394 485 urbem
1414 457 1424 497 3
1461 441 1552 486 175

218 516 438 563 Dimidio
463 517 638 579 procul
661 532 731 571 es,
759 531 992 578 saevaque
1017 515 1151 562 bella
1175 514 1324 577 geris.

155 594 253 641 Hic
276 594 367 642 tibi
395 594 465 640 sic
492 594 663 641 redeat
684 600 918 656 superato
942 592 1100 652 victor
1125 593 1187 639 ab
1212 592 1383 649 hoste3

218 670 381 734 Inque
405 670 653 717 coronatis
679 669 869 731 fulgeat
893 670 1023 716 altus
1051 671 1223 732 equis3

151 747 329 803 Parce,
348 763 546 810 precor;
576 746 869 809 fulmenque
891 755 1049 802 tuum,
1067 746 1171 794 fera
1188 748 1303 802 tela,
1323 747 1553 803 reconde,

218 823 333 872 Heu
357 824 564 870 nimium
590 824 772 871 misero
793 825 998 886 cognita
1022 825 1122 871 tela
1146 824 1266 870 mihi
1286 824 1294 870 !

1462 827 1554 871 180

149 900 326 957 Parce,
347 908 490 965 pater
513 901 687 965 patriae
715 887 858 968 :s'nec
885 903 1098 949 nominis
1125 903 1383 949 immemor
1408 902 1555 965 hujus

219 978 353 1025 Olim
378 978 611 1042 placandi
637 994 780 1042 spem
805 979 923 1042 mihi
951 979 1069 1026 tolle
1088 979 1176 1027 tui.

153 1056 262 1105 Nec
287 1072 479 1120 precor,
506 1063 562 1103 ut
586 1055 788 1104 redeam
808 1045 1087 1120 :squamvis
1113 1057 1303 1120 majora
1326 1056 1496 1120 petitis

219 1133 475 1181 Credibile
501 1140 580 1180 est
605 1149 812 1196 magnos
840 1150 975 1198 saepe
1000 1133 1202 1181 dedisse
1230 1134 1382 1181 Deos.

153 1209 329 1257 Mitius
355 1210 588 1258 exsilium
615 1210 656 1258 si
681 1211 788 1266 das,
816 1211 1124 1274 propiusque
1151 1211 1361 1274 roganti,

1462 1213 1552 1257 185

221 1288 348 1336 Pars
375 1289 468 1336 erit
491 1305 518 1336 e
543 1304 693 1352 poena
717 1304 900 1351 magna
923 1289 1086 1335 levata
1109 1305 1237 1336 mea.

154 1366 348 1413 Ultima
371 1367 641 1430 perpetior,
668 1366 862 1414 medios
888 1367 1143 1429 projectus
1170 1366 1219 1412 in
1245 1366 1442 1419 hostes3

221 1443 330 1491 Nec
358 1443 627 1507 quisquam
654 1443 815 1507 patria
840 1443 1038 1505 longius
1065 1443 1210 1490 exsul
1237 1444 1395 1490 abest.

157 1520 305 1568 Solus
332 1521 395 1569 ad
415 1537 647 1583 egressus
674 1522 856 1568 missus
881 1521 1225 1585 septemplicis
1254 1520 1387 1577 Istri,

222 1598 501 1646 Parrhasiae
528 1598 694 1661 gelido
718 1599 923 1661 virginis
950 1616 1044 1647 axe
1071 1616 1284 1663 premor.

1464 1601 1557 1645 190

154 1675 391 1740 Jazyges,
421 1683 471 1723 et
497 1676 692 1733 Colchi,
721 1676 1051 1740 Metereaque
1076 1677 1239 1732 turba,
1269 1676 1533 1740 Getaeque,

226 1753 446 1801 Danubii
473 1753 652 1801 mediis
674 1753 757 1802 vix
782 1754 1109 1819 prohibentur
1135 1754 1296 1817 aquis,

154 1887 239 1929 cepit
252 1887 389 1928 Augusti
400 1887 560 1930 auspiciis,
572 1893 607 1918 ut
624 1887 733 1919 Florus
747 1888 821 1919 scri-

152 1937 210 1968 bit.

202 1985 274 2016 174.
299 1985 432 2026 Deosque
448 1986 537 2026 tuos]
562 1985 755 2028 Apollinem,
765 1988 822 2018 Ju—

154 2033 233 2064 lium
249 2034 417 2069 Caesarem,
433 2039 465 2064 et
487 2040 617 2066 caeteros
638 2035 735 2071 Deos,
753 2036 821 2067 Au-

154 2083 236 2125 gusti
246 2082 426 2114 familiares.
472 2084 532 2114 Vel
548 2084 582 2115 ἐκ
598 2085 823 2126 παραλλήλου

154 2133 288 2170 dictum,
306 2139 341 2164 ut
355 2133 440 2164 idem
465 2133 633 2175 significet,
649 2135 824 2177 auspicium

155 2187 188 2213 et
202 2182 289 2213 Deos
303 2188 385 2213 tuos,
428 2182 463 2212 M
470 2193 523 2213 En.

201 2232 272 2263 175.
290 2231 570 2272 Dimidioquetui]
594 2232 725 2274 Propter
736 2243 824 2273 egre-

157 2280 245 2322 gium
262 2291 411 2317 amorem,
430 2291 492 2322 quo
505 2281 619 2312 ducem
636 2292 727 2312 suum
742 2282 826 2313 hunc

156 2330 322 2371 Augustus
337 2329 501 2371 diligebat,
513 2336 606 2361 vocat
620 2331 688 2372 ejus
702 2331 828 2362 dimidi-

157 2390 230 2411 um:
253 2384 289 2411 ut
311 2380 421 2410 Horat.
470 2380 644 2422 Virgilium,
668 2382 827 2412 dimidium

157 2431 264 2460 animae
277 2439 353 2460 suae.
398 2429 517 2461 Hssms.

204 2479 276 2509 182.
294 2479 374 2509 Olim
384 2480 529 2518 placandi
544 2490 632 2520 spem,
645 2479 721 2520 δια]
749 2479 825 2510 Sen-

158 2538 210 2558 sus
225 2533 273 2558 est
285 2539 294 2566 ;
317 2538 374 2558 nec
389 2527 551 2559 immemor
567 2529 660 2571 hujus
675 2528 822 2565 nominis,

158 2587 216 2608 nec
232 2577 308 2608 tolle
322 2587 409 2619 spem
422 2577 499 2607 mihi
511 2577 585 2608 olim
600 2578 647 2608 tui
661 2577 808 2620 placandi
817 2589 825 2616 3

158 2632 193 2662 ut
222 2626 377 2669 particula
404 2626 542 2668 negandi
572 2627 621 2658 bis
656 2632 825 2670 repetatur.

162 2676 253 2712 Olim,
270 2674 451 2717 aliquando.
496 2675 589 2707 Cror.

206 2727 278 2757 189.
295 2726 381 2757 Solus
395 2727 434 2757 ad
450 2728 611 2768 ingressus,
622 2725 698 2765 δία]
726 2724 826 2755 Immo

890 1900 1032 1930 egressus,
1050 1888 1132 1930 quod
1157 1887 1298 1930 plerique
1322 1892 1442 1918 veteres
1465 1896 1561 1928 agno—

891 1945 981 1968 scunt
993 1950 1000 1976 3
1016 1937 1123 1968 malim
1136 1944 1241 1968 tamen
1252 1948 1408 1978 egressum,
1422 1942 1456 1967 ut
1467 1948 1560 1967 κακο-

893 1988 997 2028 φωνία
1014 1987 1140 2017 vitetur.
1186 1987 1305 2017 Hfiixs.
1348 1987 1396 2016 Ad
1420 1997 1562 2027 egressus.

891 2036 944 2066 Ad
959 2036 1039 2067 ostia
1055 2047 1109 2078 per
1125 2048 1195 2078 quoe
1208 2036 1377 2067 Danubius
1392 2035 1422 2065 in
1434 2046 1517 2067 mare
1529 2046 1561 2066 se

892 2092 1051 2116 exonerat.

938 2136 1009 2166 190.
1036 2135 1210 2166 Parrhasia>
1230 2134 1384 2175 virginis]
1411 2134 1563 2165 Callistus

893 2195 930 2215 ex
947 2184 1104 2215 Arcadia:
1129 2195 1200 2226 quae
1224 2184 1257 2213 in
1282 2194 1385 2214 ursam
1409 2189 1528 2214 mutata
1545 2194 1564 2214 a

892 2235 982 2271 Jove,
999 2233 1031 2264 in
1053 2233 1273 2276 septemtrione
1296 2233 1399 2263 locata
1416 2232 1492 2263 fuit:
1518 2233 1562 2264 sic

893 2283 979 2314 dicta
995 2294 1013 2314 a
1028 2282 1196 2313 Parrhasia
1210 2283 1287 2312 urbe
1304 2281 1461 2312 Arcadiae.

940 2333 1011 2363 191,
1024 2332 1047 2361 J
1048 2331 1181 2373 osagen]
1209 2332 1228 2362 J
1232 2341 1344 2372 azyges
1357 2330 1465 2372 populi
1476 2330 1562 2361 fuere

894 2381 1094 2423 Scytharum,
1111 2392 1188 2422 quos
1204 2379 1326 2411 Plinius
1345 2379 1453 2410 scribit
1473 2390 1561 2410 cam-

893 2441 948 2472 pos
969 2436 1000 2460 et
1023 2430 1119 2472 plana
1139 2428 1285 2460 tenuisse.
1312 2429 1425 2459 Colchi.
1449 2428 1563 2459 Colchi

894 2480 1036 2519 (auctore
1053 2477 1225 2519 Dionysio)
1240 2478 1324 2509 fuere
1336 2477 1376 2508 ad
1387 2483 1562 2508 extremum

894 2528 998 2564 Ponti,
1033 2528 1175 2559 Caucaso
1213 2533 1317 2558 monte
1353 2526 1562 2563 adhaerentes,

893 2577 968 2607 olim
989 2588 1026 2608 ex
1043 2578 1184 2619 [Egypto
1199 2576 1347 2619 profecti:
1375 2576 1496 2606 Colchos
1511 2585 1564 2606 ae-

893 2626 996 2668 cipere
1020 2626 1115 2656 etiarn
1139 2636 1192 2657 eos
1217 2625 1302 2661 licet,
1328 2625 1382 2666 qui
1409 2625 1561 2656 Medeam

893 2675 1067 2716 fugientem
1088 2674 1256 2717 persecuti,
1273 2685 1370 2716 quum
1392 2674 1481 2705 illam
1505 2674 1560 2706 ad-

894 2724 1085 2766 prehendere
1111 2735 1171 2756 non
1196 2724 1379 2767 potuissent,
1396 2726 1478 2756 circa
1500 2725 1561 2755 To-

976 2780 1004 2809 Ο
1022 2780 1041 2809 2
