1760 3172
324 167 415 208 EX
448 164 659 208 PONTO
694 164 813 206 LIB.
848 163 912 204 II.
943 163 1139 204 EPIST.
1173 163 1265 206 IX.

1401 166 1483 206 431

104 281 424 346 Conspicitur
447 295 704 343 nunquam
729 278 931 325 meliore
957 279 1182 341 potentia
1205 295 1371 335 causa,
1428 283 1485 326 15

169 358 332 414 Quam
358 358 554 421 quoties
578 372 729 404 vanas
755 372 854 403 non
879 355 998 402 sinit
1023 371 1132 403 esse
1158 372 1348 419 preces.

103 435 213 483 Hoc
239 435 368 483 nitor
392 435 475 482 ille
499 434 572 481 tui
597 432 792 496 generis
817 432 1098 480 desiderat:
1127 433 1220 480 hoc
1247 440 1323 480 est

170 512 214 559 A
242 511 448 576 Superis
475 517 594 558 ortae
620 509 892 557 nobilitatis
918 525 1061 573 opus.

103 589 215 637 Hoc
241 589 332 637 tibi
359 595 410 637 et
435 587 728 651 Eumolpus,
751 586 946 649 generis
971 586 1273 633 clarissimus
1300 594 1486 644 auctor,

171 666 238 714 Et
260 667 392 731 prior
418 665 665 729 Eumolpo
693 664 872 711 suadet
898 655 1270 710 Erichthonius.

1424 669 1489 711 20

105 743 215 791 Hoc
240 750 408 792 tecum
435 759 698 790 commune
726 742 864 790 Deo:
894 741 1029 805 quod
1054 748 1266 804 uterque
1291 742 1447 804 rogati

173 821 497 886 Supplicibus
524 821 701 868 vestris
724 819 850 867 ferre
876 818 1047 866 soletis
1072 834 1234 882 opem.

106 898 366 962 Numquid
391 898 498 954 erit,
526 914 680 961 quare
707 898 851 945 solito
877 897 1138 959 dignemur
1161 896 1345 944 honore

172 976 406 1031 Numina,
435 975 475 1022 si
501 976 671 1023 demas
695 976 823 1023 velle
842 976 1016 1038 juvare
1043 973 1214 1021 Deos?

105 1053 134 1100 J
140 1053 340 1118 uppiter
364 1053 522 1100 oranti
548 1054 722 1100 surdas
749 1053 791 1100 si
816 1053 1039 1117 praebeat
1063 1068 1222 1107 aures,
1426 1054 1489 1098 25

171 1130 388 1177 Victima
411 1146 500 1194 pro
525 1131 715 1194 templo
741 1146 828 1177 cur
853 1130 999 1177 cadat
1023 1129 1123 1176 icta
1146 1127 1175 1175 J
1181 1129 1317 1176 ovis?

109 1208 162 1254 Si
187 1223 364 1271 pacem
388 1208 576 1254 nullam
601 1207 794 1255 Pontus
819 1208 940 1255 mihi
966 1213 1168 1272 praestet
1193 1207 1344 1262 eunti,

173 1284 320 1332 Irrita
346 1283 587 1348 Neptuno
611 1301 698 1332 cur
723 1301 815 1348 ego
840 1292 952 1332 tura
976 1284 1163 1332 feram?

107 1362 250 1409 Vana
273 1362 543 1409 laborantis
571 1362 611 1409 si
635 1361 774 1409 fallat
797 1369 914 1409 vota
937 1362 1114 1418 coloni,

172 1438 405 1503 Accipiat
429 1438 643 1502 gravidae
670 1455 757 1487 cur
783 1439 885 1486 suis
911 1446 1028 1486 exta
1054 1438 1246 1485 Ceres?

1429 1441 1493 1484 30

110 1515 219 1564 Nec
244 1516 384 1564 dabit
409 1516 605 1563 intonso
624 1517 856 1579 jugulum
882 1532 1030 1580 caper
1054 1514 1219 1562 hostia
1239 1514 1457 1571 Baccho,

174 1593 349 1642 Musta
372 1595 464 1642 sub
491 1594 707 1642 adducto
732 1595 773 1641 si
798 1594 927 1658 pede
952 1594 1089 1641 nulla
1112 1593 1284 1639 fluant.

154 1697 202 1728 18.
218 1698 244 1727 A
261 1698 384 1737 Superis
397 1704 467 1728 ortae
483 1698 676 1739 nobilitatis]
703 1698 769 1729 No-

107 1746 238 1778 bilitatis
253 1757 271 1777 a
286 1746 357 1777 Diis
371 1746 521 1788 originem
536 1747 693 1778 ducentis.

152 1797 203 1826 20.
215 1795 458 1836 Erichthonius]
471 1795 705 1831 Erichthonius,
715 1807 770 1826 seu

109 1844 318 1880 Erechtheus,
330 1855 383 1875 rex
398 1843 456 1875 fuit
462 1844 669 1881 Athenarum,
677 1856 770 1886 quem

109 1892 255 1925 Minerva
269 1903 286 1924 e
301 1903 370 1924 rure
389 1893 442 1924 ubi
465 1899 557 1924 natus
573 1899 650 1930 erat,
666 1904 771 1925 susce-

110 1941 166 1984 pit,
192 1941 413 1983 educavitque,
441 1947 473 1972 et
501 1942 688 1973 Atheniensi
718 1953 772 1984 po-

109 1991 185 2033 pulo
211 2002 266 2033 pro
290 2002 362 2033 rege
387 1991 536 2022 tradidit:
567 1991 702 2034 ideoque
728 1991 773 2023 illi

111 2051 215 2072 annua
251 2040 393 2072 solennia
428 2041 640 2073 Athenienses
677 2048 774 2083 agunt

111 2095 270 2121 taurorum
282 2101 493 2132 agnorumque
504 2090 674 2122 sacrificiis.
690 2092 774 2123 Vide

112 2139 220 2171 Natal.
236 2139 291 2171 lib.
301 2139 344 2171 iv.
359 2150 429 2182 cap.
440 2143 471 2172 5.

155 2191 208 2220 21.
224 2190 402 2221 Hoc.tecum
417 2201 567 2221 commune
584 2190 683 2230 Deis.]
702 2190 772 2220 Hoc

112 2245 169 2275 est,
198 2238 253 2270 tibi
283 2249 355 2270 cum
384 2239 455 2270 Diis
483 2250 658 2275 commune,
689 2238 773 2280 quod

112 2299 220 2330 preces
256 2288 417 2325 exaudias,
444 2289 707 2331 quemadmodum
743 2294 774 2320 et

112 2338 172 2369 illi.

156 2388 211 2418 27.
238 2387 366 2418 Nullam
388 2387 516 2428 pacem]
544 2387 675 2418 Nullam
690 2392 774 2418 tran-

115 2435 313 2478 quillitatem.
360 2436 441 2467 Mihi
456 2439 552 2468 eunti.
579 2436 662 2467 Mihi
688 2436 774 2467 navi-

115 2485 215 2527 ganti-

159 2535 212 2566 29.
233 2534 265 2564 Si
279 2534 405 2576 fallant
431 2541 499 2565 vota
521 2534 645 2575 coloni]
677 2533 776 2564 Fallat

117 2583 280 2622 meliores;
313 2583 411 2615 Ceres
436 2583 601 2614 nimirum:
634 2583 666 2613 in
691 2583 775 2614 Fast-

118 2631 178 2663 lib.
193 2631 237 2663 iv.
251 2643 315 2663 ver.
328 2633 391 2664 645
404 2645 410 2662 :

161 2681 240 2721 Soepe
258 2692 335 2723 seges
356 2683 460 2721 primis
480 2683 631 2712 dominum
642 2682 776 2723 fallebat

204 2732 237 2760 in
253 2731 357 2761 herbis.
616 2731 734 2761 Hmns.

880 1699 932 1729 30.
947 1699 1083 1737 Accipiet
1096 1698 1239 1738 gravidae,
1255 1695 1331 1736 &c.]
1359 1695 1434 1731 Cur,
1449 1695 1492 1726 in-

837 1748 914 1789 quit,
945 1746 1170 1777 sacrificabitur
1196 1744 1302 1775 Cereri
1338 1755 1442 1786 porca,
1471 1744 1496 1775 si

836 1808 944 1839 preces
967 1796 1171 1837 agricolarum
1193 1794 1350 1825 incassum
1366 1794 1497 1824 funden-

838 1849 910 1878 tur?
956 1847 1023 1876 Suis
1047 1847 1191 1887 gravidae.
1226 1844 1354 1875 Initium
1387 1844 1496 1874 immo-

838 1897 923 1927 landi
938 1907 956 1927 a
971 1896 1061 1926 suillo
1085 1905 1197 1936 genere
1213 1900 1370 1935 sumptum
1392 1893 1498 1924 existi-

838 1952 903 1976 mat
935 1944 1079 1976 Ovidius.
1131 1943 1229 1985 Cujus
1266 1942 1310 1973 rei
1343 1953 1437 1973 causa
1466 1942 1497 1972 in

840 1995 949 2031 Fastis,
967 2000 999 2025 et
1012 1993 1045 2024 in
1061 1994 1193 2024 Metam.
1207 1992 1323 2023 lib.xv.
1338 2002 1402 2022 ver.
1417 1993 1476 2022 112
1490 2004 1496 2021 :

961 2050 965 2053 '
1135 2045 1234 2082 prima
1247 2047 1376 2081 putatur

885 2094 992 2124 Hostia
1016 2104 1064 2123 sus
1086 2094 1224 2123 meruisse
1247 2092 1332 2126 mori,
1362 2093 1431 2131 quia
1456 2102 1496 2121 se-

926 2145 1007 2173 mina
1019 2144 1119 2182 pando

884 2193 1010 2222 Eruet-it
1029 2199 1135 2227 rostro,
1161 2202 1293 2231 spemque
1310 2191 1499 2229 interceperit

924 2243 1009 2271 αηηῂ

840 2291 1041 2321 Mactabatur
1058 2295 1162 2319 autem
1177 2298 1288 2329 porcus
1298 2286 1414 2322 Cereri,
1426 2287 1500 2328 quia

841 2340 899 2370 hoc
917 2339 1032 2369 animal
1052 2337 1192 2379 frugibus
1206 2342 1308 2367 nocet.
1353 2336 1500 2368 Solebant

843 2389 925 2420 enim
942 2387 1076 2418 victimae
1100 2398 1154 2429 pro
1170 2386 1322 2428 qualitate
1338 2385 1499 2417 numinum

842 2437 1015 2469 immolari:
1044 2442 1076 2467 et
1107 2436 1156 2467 vel
1194 2435 1405 2470 caedebantur,
1430 2446 1499 2476 quae

842 2488 956 2517 obsunt
981 2496 1086 2516 eorum
1115 2483 1314 2515 muneribus:
1346 2490 1379 2514 ut
1409 2494 1501 2525 caper

843 2536 965 2571 Libero,
982 2534 1056 2575 quia
1067 2533 1182 2564 vitibus
1194 2538 1296 2568 nocet,
1313 2538 1344 2562 et
1358 2532 1389 2561 in
1403 2534 1500 2563 omni-

843 2585 901 2615 bus
929 2582 1023 2614 sacris
1049 2582 1188 2613 feminini
1216 2581 1337 2623 generis
1365 2580 1500 2612 victimae

844 2634 978 2676 potiores
993 2638 1075 2663 sunt.

887 2684 939 2713 32.
971 2682 1099 2712 Inducta
1135 2682 1188 2711 sub
1222 2679 1321 2720 peda]
1364 2681 1502 2711 Adducto

844 2730 951 2773 scripti
981 2730 1042 2760 fere
1075 2740 1204 2766 omnes3
1234 2734 1337 2759 reete:
1372 2728 1416 2758 sic
1446 2732 1500 2759 ad-
