1760 3172
168 171 253 212 2232

563 169 612 209 Ρ.
646 168 858 210 OVIDII
895 167 1174 210 NASONIS

168 285 317 340 Nam,
345 299 651 346 quamquam
678 283 768 330 soli
795 290 1008 346 possunt
1032 282 1271 345 prodesse
1296 288 1542 344 potentes,

235 360 350 408 Non
376 359 533 423 prosit
557 360 740 423 potius,
769 360 809 406 si
837 359 949 422 quis
975 360 1154 406 obesse
1180 365 1363 422 potest.

168 436 360 499 Effugit
382 436 616 484 hibernas
641 436 861 483 demissa
885 443 1103 483 antenna
1126 435 1387 499 procellas,

236 511 462 575 Lataque
487 513 600 576 plus
627 512 789 576 parvis
811 512 921 559 vela
945 512 1135 559 timoris
1160 512 1362 558 habent.
1510 511 1567 554 10

167 588 420 652 Adspicis,
449 595 504 635 ut
528 604 724 635 summa
746 596 920 636 cortex
946 589 1067 635 levis
1092 588 1286 635 innatet
1310 589 1458 646 unda,

235 663 404 719 Quum
430 680 577 726 grave
603 681 735 712 nexa
760 664 907 711 simul
934 665 1057 712 retia
1082 672 1275 726 mergat
1299 682 1440 712 onus.

170 740 294 788 Haec
320 757 413 804 ego
439 741 497 798 si,
525 742 753 802 monitor,
780 741 999 789 monitus
1025 741 1161 805 prius
1188 741 1296 805 ipse
1320 741 1543 798 fuissem,

235 817 296 864 In
322 834 423 880 qua
446 818 716 865 debueram
741 818 948 865 forsitan
973 818 1095 864 urbe
1119 817 1292 865 forem.

170 893 305 940 Dum
329 901 497 941 tecum
521 894 639 951 vixi,
666 894 786 941 dum
812 910 892 941 me
917 893 1040 941 levis
1066 910 1186 941 aura
1208 894 1414 951 ferebat,
1509 897 1566 941 15

236 969 358 1017 Haec
383 986 495 1018 mea
518 987 607 1034 per
632 971 856 1034 placidas
881 972 1065 1035 cymba
1089 972 1306 1019 cucurrit
1329 987 1504 1035 aquaS.

170 1046 269 1101 Qui
294 1047 429 1094 cadit
453 1048 503 1094 in
527 1048 693 1111 plano,
721 1048 803 1095 vix
829 1049 922 1095 hoc
948 1056 1115 1097 tamen
1141 1049 1305 1097 evenit
1329 1049 1510 1112 ipsum,

239 1122 323 1170 Sic
349 1123 500 1180 cadit,
529 1130 584 1171 ut
608 1131 744 1171 tacta
767 1141 969 1187 surgere
995 1125 1154 1189 possit
1177 1126 1356 1173 humo:

170 1200 238 1247 At
262 1200 413 1248 miser
439 1201 675 1265 Elpenor,
703 1209 838 1249 tecto
864 1203 1101 1266 delapsus
1127 1204 1190 1250 ab
1216 1203 1332 1260 alto,

239 1277 480 1324 Obcurrit
504 1278 608 1340 regi
634 1278 816 1325 debilis
842 1279 1020 1325 umbra
1045 1295 1151 1327 suo.

1503 1283 1568 1326 20

172 1353 306 1408 Quid
330 1354 440 1411 fuit,
468 1362 523 1401 ut
546 1362 681 1403 tutas
709 1355 907 1418 agitarit
932 1356 1171 1403 Daedalus
1197 1357 1329 1413 alas3

239 1431 410 1479 Icarus
436 1431 705 1480 immensas
730 1433 931 1481 nomine
957 1433 1122 1496 signet
1146 1434 1338 1497 aquas?

172 1608 388 1641 mediocritate
403 1619 472 1641 esse
490 1614 667 1642 contentus.
706 1611 836 1642 Bmsn.

170 1658 409 1689 —Prwlustt-ia.
443 1659 599 1690 Praeclara
623 1660 712 1691 atria.
762 1662 838 1692 Plus

171 1709 294 1738 timoris.
318 1708 473 1750 Majorem
490 1707 700 1739 formidinem.

215 1757 245 1786 8.
269 1757 338 1787 Hoc
367 1762 582 1798 pentametron
609 1758 746 1800 reposuit
767 1759 836 1789 Ste-

171 1804 294 1846 phanus
304 1804 475 1836 Animadv.
486 1806 519 1836 in
531 1806 692 1847 Adagium
703 1807 836 1843 Erasmi,

173 1854 287 1885 Procul
302 1868 318 1885 a
335 1855 406 1885 Jove
421 1862 450 1886 et
458 1855 610 1897 fulmine,
625 1866 642 1887 e
657 1855 837 1887 melioribus

171 1903 268 1935 libris.
313 1905 398 1936 Edit.
419 1906 501 1935 enim
518 1910 608 1936 vetus
627 1905 760 1947 aliasque
782 1905 836 1936 de-

171 1952 301 1984 derunt:
321 1954 390 1985 Non
400 1961 546 1994 prosunt:
559 1956 660 1994 potius
669 1956 836 1994 plurimum

170 2004 261 2034 obesse
280 2004 384 2034 solent.
429 2003 537 2045 Atque
561 2003 712 2035 Heinsius
738 2010 836 2034 totum

171 2051 230 2083 hoc
256 2051 425 2089 distichon,
453 2058 614 2094 tamquam
636 2053 762 2084 Nasone
788 2053 835 2083 in-

171 2100 303 2142 dignum
332 2101 452 2142 rejecit,
486 2101 596 2132 Burm.
625 2108 708 2132 recte
735 2101 837 2143 indig-

171 2155 279 2186 nante,
296 2150 349 2191 qui
371 2150 478 2180 docuit
497 2150 604 2181 multis
627 2151 788 2192 exemphs,
805 2156 837 2181 et

169 2205 301 2239 potentes
329 2198 514 2240 simpliciter
543 2210 609 2230 esse
639 2199 756 2230 amicos
781 2211 836 2241 po-

171 2253 274 2279 tentes
297 2258 334 2279 ac
356 2258 486 2289 magnas
508 2248 673 2285 amicitias,
690 2259 768 2289 quas
789 2249 836 2279 su-

171 2297 304 2339 giendas
327 2308 394 2328 esse
416 2303 523 2328 monet
539 2297 685 2334 Ovidius,
707 2303 738 2328 ct
754 2298 836 2329 hunc

173 2346 329 2378 antitheta
351 2346 418 2382 illa,
442 2348 534 2377 obesse
560 2357 596 2377 ac
613 2349 759 2386 prodesse,
783 2347 836 2378 ha-

174 2395 278 2426 buisse
297 2395 329 2426 in
352 2395 485 2431 deliciis,
507 2401 542 2426 ut
560 2395 641 2426 infra
658 2407 687 2426 v.
709 2396 798 2436 Eleg.
816 2395 836 2426 i.

174 2445 227 2475 66.
243 2445 284 2475 xi.
307 2445 442 2476 Metam.
459 2446 533 2476 320.
554 2445 587 2476 ii.
609 2446 743 2477 Metam.
762 2447 836 2477 512.

174 2494 324 2526 HAnLEs.

219 2544 271 2573 11.
311 2544 457 2582 Adspicis,
492 2550 527 2573 ut
563 2543 704 2584 smmum]
747 2544 838 2575 Levis

173 2597 277 2622 cortex
304 2592 384 2622 solet
409 2591 442 2622 in
466 2602 588 2623 summa
611 2602 692 2633 aqua
717 2599 835 2628 natare,

173 2650 231 2672 nec
260 2640 377 2682 mergi:
412 2647 442 2671 at
471 2642 547 2672 retia
575 2652 687 2681 magno
716 2642 835 2683 plumbi

161 2689 310 2732 ,pondere
332 2691 426 2731 mergi
451 2691 563 2722 solent.
612 2691 671 2722 Per
700 2693 834 2722 forficem

905 1618 1010 1643 autem
1023 1612 1136 1648 levem,
1152 1618 1183 1642 et
1198 1611 1338 1642 homines
1359 1617 1490 1650 tenues3
1513 1622 1569 1654 per

901 1662 1057 1700 plumbum
1072 1671 1155 1696 vero,
1168 1667 1310 1702 potentes
1324 1660 1485 1702 designat:
1502 1661 1568 1702 qui,

905 1714 940 1740 ut
964 1709 1140 1751 plumbum,
1166 1709 1305 1750 graviore
1333 1720 1409 1740 casu
1438 1710 1569 1741 clientes

904 1758 1082 1801 praecipites
1097 1758 1225 1789 trahunt
1240 1769 1302 1800 quo
1317 1759 1435 1789 volunt.

951 1808 1002 1837 19.
1040 1808 1081 1838 At
1114 1809 1201 1837 miser
1234 1808 1392 1848 Elpenor]
1432 1809 1568 1850 Elpenor

904 1856 988 1899 apud
999 1856 1113 1887 Circen
1121 1857 1236 1892 ebrius,
1244 1857 1318 1888 dum
1329 1858 1482 1888 sociorum
1491 1865 1568 1890 stre—

904 1907 988 1948 pitus
1011 1906 1194 1936 abeuntium
1218 1906 1317 1942 audit,
1340 1912 1371 1938 et
1390 1908 1474 1938 abire
1497 1919 1567 1950 pro-

904 1960 1004 1997 perat,
1030 1966 1144 1997 pronus
1167 1966 1184 1986 e
1209 1955 1310 1996 longis
1334 1956 1438 1997 lapsus
1463 1957 1568 1995 scalis,

905 2005 1021 2036 collum
1037 2005 1150 2046 fregit;
1175 2005 1302 2036 Homer.
1320 2006 1436 2048 Odyss.
1451 2010 1478 2037 Λ
1496 2019 1502 2037 :

953 2054 1021 2090 Hic,
1042 2056 1152 2085 nimius
1171 2057 1318 2095 quondam
1340 2057 1494 2096 rini,jam
1514 2068 1567 2097 po-

993 2106 1062 2134 cula
1079 2106 1202 2135 damnat
1215 2117 1223 2134 .·

951 2152 1067 2193 Quique
1087 2158 1125 2184 sit
1141 2156 1267 2184 ostendit
1286 2155 1452 2185 sobrietatis
1471 2156 1568 2187 honos.

905 2202 946 2232 Et
960 2202 1078 2243 Odyss.
1096 2206 1124 2234 K
1141 2215 1146 2232 :

950 2252 1064 2282 Mentis
1093 2253 1187 2291 inops,
1216 2253 1366 2293 rictusque
1391 2265 1479 2289 mero,
1510 2266 1568 2285 non

994 2302 1077 2331 utilis
1092 2302 1194 2336 armis,

951 2349 1082 2388 Elpenor
1103 2351 1237 2389 pretium
1262 2353 1346 2380 triste
1371 2352 1495 2382 bibentis
1515 2353 1567 2382 hu-

991 2400 1047 2429 bet.

948 2448 1000 2477 22.
1026 2446 1132 2478 Icarus
1155 2449 1307 2478 immensus
1333 2450 1449 2479 nomine
1470 2451 1567 2490 signet

905 2496 1033 2536 nqu‹1s?]
1065 2496 1211 2527 Diximus
1238 2497 1277 2528 de
1303 2497 1361 2528 hoc
1386 2497 1453 2528 loco
1475 2509 1568 2540 supra

904 2545 961 2575 lib.
984 2544 1006 2575 i.
1024 2546 1071 2575 El.
1088 2545 1107 2575 i.
1124 2557 1187 2576 ver.
1208 2546 1260 2576 90.
1305 2545 1461 2587 Superiori
1478 2557 1567 2577 versu

905 2593 975 2634 lege
991 2596 1117 2635 agitarit
1136 2605 1189 2636 pro
1203 2597 1347 2635 agitaret,
1360 2602 1393 2626 ut
1408 2597 1455 2636 τῷ
1470 2598 1567 2637 signe-t

906 2643 1016 2674 melius
1032 2643 1062 2674 id
1078 2643 1275 2685 respoudeat.
1321 2644 1440 2675 Ilssixs.
