1760 3172
432 182 741 226 TRISTIUM
774 181 898 224 LIB.
932 180 1015 222 IV.
1048 180 1229 223 ELEG.
1264 182 1328 222 X.

1491 181 1577 222 299

182 300 296 347 Jam
321 299 451 346 feror
475 299 524 346 in
551 314 761 363 pugnas,
790 304 839 344 et
864 297 1084 343 nondum
1111 312 1298 343 cornua
1322 297 1506 353 sumsi;

250 378 358 424 Nec
384 378 503 424 mihi
529 377 757 424 sumendi
783 391 936 423 causa
961 374 1023 420 sit
1049 374 1149 420 ulla
1173 374 1337 421 velim.

183 455 359 502 Circus
386 456 547 521 adhuc
573 461 738 502 cessat
755 473 764 511 3
782 447 997 517 f'spargit
1020 459 1189 499 tamen
1216 466 1330 498 acer
1355 466 1557 497 arenam

246 525 535 594 TaurUS‚s¹‘'et
558 531 737 579 infesto
756 519 862 594 j'am
888 530 1016 593 pede
1042 529 1210 592 pulsat
1233 528 1456 574 humum.
1512 531 1577 574 30

180 608 291 656 Hoc
330 600 547 672 quodue,
584 625 734 672 quam
765 607 913 663 volui,
942 606 1054 670 plus
1088 613 1192 653 est:
1233 620 1374 661 cane,
1406 604 1572 660 Musa,

380 693 631 750 receptus,

250 763 383 811 Dum
409 763 527 812 licet
550 764 665 811 huic
692 779 873 810 nomen
898 761 1212 809 dissimulare
1238 776 1400 807 suum.

661 1090 991 1139 ELEGIA
1031 1091 1095 1137 X.

179 1234 308 1282 ILLE
336 1250 445 1296 ego,
473 1234 560 1297 qui
584 1233 778 1288 fuerim,
805 1239 1090 1279 tenerorum
1116 1232 1251 1277 lusor
1276 1245 1516 1284 amorum,

246 1310 410 1365 Quem
434 1312 576 1373 legiS,
605 1318 658 1358 ut
683 1310 833 1366 noris,
857 1309 1048 1373 accipe,
1076 1308 1360 1373 posteritas.

182 1388 354 1435 Sulmo
381 1388 500 1435 mihi
527 1389 687 1452 patria
712 1395 804 1444 est,
833 1387 1012 1450 gelidis
1039 1386 1319 1434 uberrimus
1346 1384 1511 1440 undis,

247 1465 409 1513 Millia
434 1466 520 1529 qui
546 1466 716 1513 novies
742 1465 897 1512 distat
922 1465 984 1512 ab
1010 1465 1132 1511 urbe
1155 1464 1360 1510 decem:

180 1542 361 1590 Editus
386 1543 467 1590 hic
494 1559 587 1606 ego
614 1560 752 1600 sum3
795 1558 1008 1598 necnon,
1037 1549 1092 1588 ut
1116 1549 1343 1604 tempora
1369 1539 1518 1594 Ποῖ-ᾖς,
1548 1542 1576 1586 5

247 1620 415 1675 Quum
441 1621 626 1669 cecidit
649 1620 750 1668 fato
775 1621 951 1667 consul
977 1626 1190 1681 uterque
1216 1618 1339 1682 pari.

219 1799 272 1829 27.
290 1798 331 1828 Et
344 1801 475 1829 nondum
486 1809 600 1829 cornua
615 1798 733 1838 sumsi.]
752 1799 840 1829 Non-

176 1847 252 1878 dum
272 1847 368 1878 sumsi
383 1847 539 1878 calamum
556 1853 588 1878 et
603 1847 755 1883 chartam,
772 1848 841 1888 qui-

174 1897 234 1928 bus
250 1902 280 1927 te
294 1902 410 1938 petam,
426 1903 461 1926 ut
476 1895 621 1927 cornibus
637 1901 746 1926 taurus
761 1896 841 1927 feras

175 1945 209 1977 in
226 1956 320 1977 arena
335 1956 440 1977 secum
457 1945 687 1987 depugnantes.

219 1996 272 2027 29.
297 1995 404 2026 Circus
418 1996 518 2025 adhuc
540 1995 661 2035 cessum]
689 1994 841 2025 Nondum

175 2050 283 2076 taurus
319 2045 352 2075 in
377 2045 468 2076 Circo
505 2044 655 2075 irritatur.
714 2044 842 2085 Effigies

175 2094 260 2125 enim
283 2094 444 2125 hominum
468 2105 506 2125 ex
532 2093 617 2124 foeno
639 2099 725 2125 veste
749 2094 842 2124 rubra

175 2149 331 2186 cooperto,
347 2144 411 2174 fieri
427 2143 581 2179 solebant,
599 2143 713 2184 quibus
736 2142 841 2184 objec-

175 2194 214 2225 tis
237 2193 278 2224 ad
301 2193 514 2235 spectaculum
536 2193 740 2235 praebendum
761 2193 842 2223 tauri

173 2243 376 2275 irritarentur.
405 2243 519 2274 Postea
533 2242 578 2273 ita
592 2242 685 2273 luxus
700 2242 842 2278 inolevit,

175 2299 211 2324 ut
246 2293 420 2324 Phoeniciis
455 2292 594 2323 vestibus
630 2292 678 2323 usi
715 2290 842 2323 fuerint.

176 2342 301 2384 Spargit
333 2348 431 2372 tamen
459 2353 528 2372 acer
556 2352 680 2372 arenam
712 2341 841 2372 Taurus.

174 2391 295 2422 Tamen
311 2402 378 2422 sese
401 2397 508 2422 taurus
531 2389 686 2433 paulatim
703 2390 743 2421 ad
762 2401 841 2432 pug-

175 2450 249 2471 nam
273 2440 436 2471 accendit:
462 2440 576 2482 quibus
591 2440 694 2471 verbis
715 2438 843 2469 inimico

175 2488 259 2520 idem
275 2489 412 2520 minatur
427 2499 459 2520 se
473 2489 587 2520 facere.
626 2489 745 2519 mes.

219 2539 273 2569 31.
296 2538 468 2580 Receptus,
493 2548 548 2568 seu
570 2537 710 2579 receptui
732 2547 844 2567 canere

175 2586 321 2623 dicimus,
335 2597 431 2628 quum
446 2587 530 2617 tubae
545 2587 634 2628 signo
654 2585 810 2617 exercitus
826 2596 843 2616 e

174 2635 283 2677 praelio
298 2642 473 2666 revocatur.

219 2685 272 2715 32.
297 2684 379 2715 Dum
397 2685 465 2716 licet
482 2683 577 2724 huia]
604 2684 676 2714 Non
700 2683 844 2714 laedendo

178 2744 227 2764 me
244 2733 385 2765 ulterius.

954 1799 984 1828 3.
1009 1798 1111 1827 Sulmo
1141 1797 1214 1828 mihi
1239 1796 1342 1835 patria
1373 1794 1444 1834 est.]
1471 1794 1579 1824 Sulmo

910 1846 1060 1888 oppidum
1077 1845 1134 1876 fuit
1147 1844 1287 1886 Pelignae
1302 1844 1448 1884 regionis.

953 1896 983 1926 4.
1010 1896 1112 1925 Millia
1137 1897 1187 1935 qui
1211 1897 1310 1924 novies
1333 1895 1425 1923 distat
1446 1893 1483 1923 ab
1506 1894 1579 1923 urbe

908 1944 1033 1984 decem]
1060 1943 1230 1985 Perspicue
1254 1954 1291 1974 ex
1317 1942 1376 1973 hoc
1400 1942 1469 1972 loco
1492 1948 1580 1983 patet

909 1994 1052 2025 breviora
1076 1993 1234 2029 milliaria,
1261 2003 1355 2034 quam
1384 2002 1467 2022 nunc
1493 1997 1578 2027 sunt,

910 2044 1085 2085 antiquitus
1114 2043 1219 2074 fuisse.
1278 2042 1460 2073 Sulmonem
1494 2041 1579 2071 enim

910 2104 971 2123 non
1002 2104 1052 2127 xc,
1079 2092 1135 2123 sed
1162 2092 1213 2122 vix
1244 2092 1371 2123 tandem
1402 2092 1454 2121 lxx
1479 2091 1580 2121 millia

908 2153 1056 2184 passuum
1073 2152 1156 2172 nunc
1174 2142 1279 2172 Roma
1294 2141 1414 2175 abesse,
1431 2145 1578 2181 opportu-

910 2202 948 2222 ne
964 2191 1015 2222 hic
1032 2190 1236 2222 indicandum
1250 2189 1336 2221 duxi.
1371 2189 1579 2230 Cognoscitur

909 2241 1004 2272 etiam
1025 2252 1062 2272 ex
1080 2240 1158 2271 libro
1181 2240 1281 2281 primo
1307 2239 1345 2269 de
1371 2238 1462 2269 Bello
1481 2237 1578 2274 civili,

910 2290 963 2321 ubi
979 2291 1087 2321 Caesar
1109 2289 1291 2320 Sulmonem
1315 2286 1454 2318 Corfinio
1469 2287 1578 2328 (cujus

908 2339 1000 2370 hodie
1009 2340 1061 2369 vix
1072 2338 1208 2369 minimae
1221 2342 1386 2379 supersunt
1397 2334 1578 2377 parietinae)

909 2388 1095 2419 viimillium
1106 2387 1271 2418 intervallo
1281 2386 1391 2417 abesse
1405 2385 1464 2422 ait3
1480 2395 1578 2426 quum

910 2437 1002 2468 hodie
1018 2437 1068 2467 vix
1090 2437 1230 2478 quinque
1247 2435 1361 2466 distare
1385 2439 1506 2465 certum
1523 2433 1576 2465 sit.

910 2486 1028 2516 anm.

954 2536 984 2565 6.
1011 2534 1111 2568 Quum.
1127 2532 1315 2575 ceeiditjitto
1334 2531 1436 2561 consul
1453 2536 1579 2571 uterque

909 2584 1007 2624 puri]
1045 2582 1185 2613 Hirtium
1214 2587 1245 2612 et
1274 2581 1409 2611 Pansam
1434 2579 1579 2610 consules

911 2632 1066 2674 designat,
1083 2631 1136 2673 qui
1153 2630 1237 2673 apud
1255 2630 1413 2661 Mutinam
1434 2639 1577 2670 pugnan-

912 2688 961 2713 tes
986 2687 1096 2713 contra
1117 2679 1302 2716 Antonium,
1332 2689 1405 2720 pop.
1423 2689 1499 2709 rom.
1523 2678 1577 2709 ho—

912 2737 990 2762 stem
1003 2729 1193 2772 judicatum,
1210 2729 1404 2761 ceciderunt.
