1760 3172
404 158 715 202 TRISTIUM
747 159 867 200 LIB.
903 158 984 199 IV.
1019 157 1200 200 ELEG.
1235 157 1299 198 ΙΙ.

1465 158 1551 199 273

153 274 229 323 Tu
255 290 457 338 quoque
489 291 588 321 non
619 275 813 329 melius,
842 289 993 336 quam
1027 280 1142 319 sunt
1167 288 1279 319 mea
1302 278 1545 335 tempora,

222 350 498 399 Interdicta
522 351 660 407 mihi,
687 351 911 406 consule,
938 350 1116 405 Roma,
1144 349 1278 396 boni.
1326 350 1548 411 [carmen

632 674 960 722 ELEGIA
1003 648 1082 721 Π.

155 816 185 864 J
192 833 275 864 AM
301 816 407 867 fera
432 815 718 863 Caesaribus
747 815 1033 870 Germania,
1062 822 1197 862 totus
1225 823 1279 862 ut
1305 816 1456 871 orbis,

223 893 373 941 Victa
396 899 539 957 potes
565 893 698 939 flexo
724 891 1052 938 succubuisse
1078 907 1209 953 genu
1230 909 1239 939 ε

156 971 377 1034 Altaque
401 970 628 1017 velentur
653 968 864 1016 fortasse
891 967 1089 1014 Palatia
1114 968 1290 1025 sertis3

224 1046 461 1110 Turaque
487 1047 538 1093 in
562 1046 677 1108 igne
703 1052 897 1099 sonent,
926 1044 1251 1108 inficiantque
1267 1045 1440 1102 ‘diem3

159 1123 510 1187 Candidaque,
538 1124 757 1171 adducta
780 1122 966 1169 collum
991 1138 1233 1185 percussa
1258 1123 1439 1177 securi,
1525 1128 1554 1172 5

225 1202 445 1250 Victima
467 1217 718 1266 purpureo
745 1199 986 1262 sanguine
1013 1199 1174 1261 tingat
1198 1200 1406 1246 humum
1427 1217 1435 1246 :

206 1385 280 1416 105.
307 1384 422 1421 Roma,
452 1396 523 1427 quae
554 1385 631 1416 mihi
660 1385 828 1417 interdieta

159 1444 204 1470 es,
230 1444 358 1465 carmen
381 1445 498 1471 meum,
522 1435 608 1477 quod
631 1446 694 1466 non
716 1435 829 1466 melius

159 1489 219 1520 est,
235 1494 330 1525 quam
341 1489 482 1527 tempora
498 1495 578 1521 mea,
596 1495 626 1515 n.
643 1484 828 1519 miserrima,

160 1532 244 1575 aequi
259 1532 398 1575 bonique
412 1533 568 1565 consules.
603 1533 752 1565 HARLES.

208 1632 236 1661 1.
259 1631 312 1662 De
337 1629 454 1661 Tiberii
483 1629 683 1672 expeditione
712 1630 827 1662 intelli-

161 1679 300 1721 gendum
329 1684 388 1715 est,
417 1690 480 1710 non
510 1680 618 1710 Drusi.
664 1680 747 1710 Nam
778 1680 828 1711 hic

160 1727 284 1769 aliquot
303 1728 393 1759 annis
413 1734 485 1760 ante
510 1729 542 1759 in
558 1729 725 1760 Germanis
747 1729 829 1771 peri—

161 1783 230 1808 erat
254 1788 349 1819 quam
370 1783 464 1820 poeta
485 1778 642 1819 relegatus
663 1778 732 1809 fuit.
777 1779 829 1809 Ti-

161 1826 266 1857 berius
281 1832 385 1858 autem
395 1827 535 1868 proximo
547 1832 618 1868 post
629 1826 753 1857 cladem
765 1829 830 1858 Va-

163 1875 282 1907 rianam
303 1886 397 1912 anno,
414 1882 450 1907 ut
465 1876 632 1907 Suetonius
650 1882 757 1907 auctor
772 1883 830 1913 est,

163 1930 273 1956 contra
298 1925 472 1956 Germanos
500 1925 659 1966 profectus
688 1931 745 1962 est,
775 1926 829 1957 ubi

163 1973 325 2005 biennium
347 1979 567 2010 commoratus,
584 1984 620 2004 ac
638 1974 757 2016 proeliis
773 1975 831 2005 ali-

165 2027 241 2064 quot
264 2022 368 2059 factis,
390 2022 528 2053 Romam
550 2022 643 2053 rediit
669 2023 709 2053 ad
735 2034 830 2065 agen-

164 2072 240 2103 dum
260 2071 466 2113 triumphum,
491 2082 584 2112 quem
609 2072 719 2103 eodem
740 2083 832 2109 anno,

166 2132 230 2163 quo
248 2121 353 2152 Varus
378 2121 501 2152 occisus
526 2128 585 2158 est,
609 2121 649 2152 de
674 2121 834 2152 Dalmatis

163 2176 197 2201 et
216 2175 282 2201 toto
299 2169 410 2212 Illyrio
424 2176 582 2201 meruerat
599 2182 606 2200 ι
631 2170 687 2201 sed
703 2177 780 2207 tum,
795 2172 834 2202 ob

169 2219 294 2251 cladem
312 2229 330 2251 a
351 2219 519 2251 Germanis
539 2226 702 2262 acceptam
723 2226 837 2252 moesta

166 2270 255 2306 urbe,
267 2268 431 2301 distulerat
443 2281 451 2308 3
469 2269 524 2311 qui
538 2270 716 2311 triumphus
727 2276 836 2311 quarto

167 2327 188 2348 a
202 2317 294 2349 clade
308 2317 450 2348 Variana
465 2328 548 2348 anno
568 2324 657 2348 actus
672 2324 729 2355 est,
745 2324 779 2349 ut
795 2329 833 2349 ex

168 2367 281 2398 eodem
306 2366 456 2397 Suetonio
477 2367 618 2409 adparet,
641 2378 738 2408 quum
762 2368 834 2398 toti—

167 2416 241 2448 dem
251 2416 319 2458 jam
332 2426 428 2447 annos
438 2422 531 2458 poeta
546 2417 578 2447 in
590 2416 700 2448 exsilio
714 2417 834 2448 fuisset.

165 2466 253 2497 Nam
268 2461 337 2496 libr.
353 2464 392 2496 de
408 2465 510 2495 Ponto
522 2465 543 2495 i.
560 2465 608 2496 El.
619 2466 640 2496 i.
691 2465 733 2496 Ut
749 2477 834 2496 careo

168 2516 257 2552 vobis,
267 2514 381 2556 inquit,
398 2514 553 2555 Scythicas
567 2517 707 2557 detrusus
721 2518 753 2546 in
769 2527 835 2546 oros

172 2564 326 2598 Quattuor
350 2569 527 2594 auctumnos
543 2564 645 2594 Pleias
668 2571 733 2595 orta
747 2565 832 2606 ficit.

169 2613 212 2643 Et
223 2623 294 2643 mox
310 2611 503 2654 triumphum
519 2623 603 2648 eum,
614 2613 654 2644 de
667 2625 729 2655 quo
743 2614 834 2645 modo

170 2661 317 2697 diximus,
347 2660 510 2692 describit.
560 2661 639 2692 Haec
670 2662 834 2704 Micyllus,

171 2709 225 2750 qui
249 2715 363 2751 praeter
392 2719 430 2740 ea
460 2716 520 2740 tres
548 2709 732 2753 triumphos,
759 2721 836 2752 quos

216 2758 376 2791 voL.11.

896 1385 983 1416 Naso
999 1384 1030 1415 in
1042 1383 1090 1414 his
1104 1389 1134 1414 et
1148 1384 1180 1414 in
1193 1382 1280 1413 libris
1296 1393 1311 1413 e
1329 1383 1429 1413 Ponto
1442 1382 1564 1424 scriptis

896 1440 1060 1469 memorat,
1079 1433 1201 1475 copiose
1223 1432 1374 1473 explicuit
1392 1438 1423 1463 et
1444 1443 1481 1463 ex
1501 1432 1563 1462 his-

897 1483 974 1513 toria
988 1483 1119 1524 antiqua
1134 1481 1225 1512 docte
1242 1480 1420 1511 illustravit.
1452 1481 1563 1511 HA‘RL.

941 1533 974 1562 2.
988 1530 1209 1571 Procubuissa]
1230 1530 1279 1560 Sic
1293 1540 1309 1560 e
1322 1530 1461 1570 quinque
1473 1529 1564 1560 codd.

898 1580 1058 1622 eleganter
1069 1587 1205 1621 apteque
1221 1578 1378 1619 rescripsit
1393 1578 1502 1608 Burni.
1519 1589 1566 1609 re—

898 1629 976 1670 liqui
994 1628 1113 1659 habent
1128 1629 1328 1658 sut-cubuisse.
1356 1626 1444 1657 Prior
1460 1633 1565 1658 autem

897 1678 991 1709 lectio
1016 1677 1143 1719 respicit
1167 1677 1206 1707 ad
1228 1676 1383 1711 habitum,
1409 1687 1470 1718 quo
1492 1676 1565 1707 victi

898 1740 986 1770 reges
1002 1734 1033 1759 et
1048 1734 1158 1769 gentes
1180 1727 1213 1757 in
1232 1728 1368 1757 nummis
1387 1727 1468 1757 flexo
1483 1737 1565 1768 genu

898 1778 1117 1820 procumbunt.
1162 1776 1245 1807 Vide
1274 1775 1386 1806 Oiselii
1415 1776 1567 1806 Thesaur.

899 1827 1058 1857 Numism.
1085 1826 1149 1856 tab.
1176 1826 1218 1856 24
1243 1832 1273 1855 et
1295 1826 1347 1855 25.
1375 1824 1429 1855 ubi
1461 1825 1566 1866 plures

899 1875 1019 1906 nummi
1050 1875 1082 1905 in
1110 1874 1291 1905 memoriam
1324 1873 1455 1904 devictae
1487 1874 1566 1905 Ger-

897 1924 1011 1955 maniae
1028 1929 1211 1954 occurrunt.
1251 1923 1338 1953 Inter
1355 1922 1417 1952 alia
1434 1923 1498 1952 tab.
1513 1924 1566 1953 24.

898 1985 945 2005 nr.
965 1975 1013 2004 10.
1038 1979 1085 2004 est
1110 1973 1289 2004 Germanus
1312 1972 1457 2013 captivus
1481 1977 1566 2002 utro-

900 2034 961 2066 que
975 2022 1123 2054 bracchio
1140 2028 1171 2053 et
1185 2021 1326 2052 cruribus
1340 2021 1453 2056 nuduS,
1464 2027 1570 2052 cetera

901 2072 1051 2104 adstricta
1065 2078 1151 2102 veste
1177 2071 1322 2107 amictus,
1343 2070 1474 2112 supplex
1497 2081 1569 2101 cum

901 2129 990 2153 scuto
1013 2122 1148 2163 oblongo
1164 2123 1196 2151 in
1210 2121 1356 2151 manibus
1376 2119 1408 2149 in
1424 2119 1570 2150 dextrum

904 2183 986 2213 genu
1000 2171 1176 2214 procumbit
1188 2177 1259 2201 ante
1271 2170 1490 2210 imperatorem
1502 2170 1569 2200 Do-

904 2221 1070 2252 mitianum
1085 2221 1276 2250 laureatum.
1308 2218 1460 2248 HARLEs.

948 2271 978 2301 4.
1000 2270 1139 2309 Turaque
1170 2270 1201 2298 in
1230 2269 1300 2309 igne
1324 2266 1454 2305 sonent]
1484 2266 1570 2296 Tura

903 2319 998 2350 etiam
1024 2323 1200 2348 crementur
1223 2316 1255 2346 in
1278 2315 1404 2356 templis
1429 2315 1569 2345 Deorum

902 2366 1135 2398 immortalium.
1152 2365 1356 2406 Inficiuntqzze
1367 2365 1455 2394 diem.
1473 2364 1569 2394 Diem

903 2417 987 2448 sumo
1006 2416 1172 2446 obscurum
1194 2414 1338 2449 reddant,
1356 2420 1386 2444 et
1402 2413 1568 2443 offuscent.

946 2468 981 2496 5.
1009 2466 1152 2495 Adducta
1184 2463 1313 2503 securi.]
1354 2462 1511 2497 Reduc-ta,
1536 2467 1570 2492 ut

902 2514 1045 2556 graviore
1082 2513 1202 2544 incidat
1232 2512 1389 2555 pondere3
1420 2511 1509 2552 Virg.
1536 2523 1568 2542 v.

903 2565 966 2595 478
981 2576 986 2593 :

1119 2614 1266 2653 durosque
1283 2613 1408 2642 reducta

949 2663 1088 2692 Libravit
1114 2664 1220 2692 dextra
1240 2661 1336 2692 media
1358 2661 1437 2691 inter
1457 2670 1570 2690 cornua

991 2717 1095 2742 cestus.

1036 2760 1062 2789 T
