1760 3172
239 151 324 191 476

635 149 684 189 P.
719 149 930 190 0V1D11
966 149 1245 191 NASONIS

244 265 469 329 Purpura
493 281 625 328 saepe
651 273 762 312 tuos
788 264 982 326 fulgens
1009 265 1240 328 praetexit
1266 266 1504 322 amictus3

307 343 409 389 Sed
434 359 530 389 non
559 342 836 390 Sarmatica
858 342 1064 410 tingitur
1088 343 1172 389 illa
1194 359 1360 389 manu.

239 421 437 467 Vellera
461 420 584 467 dura
607 419 771 467 ferunt
795 413 1111 483 pecudes,·'et
1136 420 1358 467 Palladis
1384 421 1454 468 uti

306 497 428 546 Arte
453 497 728 545 Tomitanae
754 514 853 545 non
877 498 1097 546 didicere
1122 515 1293 546 nurus.
1574 502 1630 545 10

242 575 448 623 Femina
471 592 561 639 pro
586 576 700 623 lana
725 575 954 624 Cerealia
977 592 1183 624 munera
1207 575 1404 638 frangit,

309 652 683 717 Subpositoque
708 669 907 716 gravem
934 652 1116 701 vertice
1143 659 1308 716 portat
1334 668 1534 716 aquam.

242 729 355 777 Non
380 731 459 778 hic
483 731 763 795 pampineis
789 731 1017 778 amicitur
1039 730 1223 777 vitibus
1244 730 1436 777 ulmus:

308 807 461 855 Nulla
484 815 718 872 premunt
742 824 904 855 ramos
929 807 1150 872 pondere
1174 823 1324 871 poma
1350 823 1456 854 suo.

240 885 423 933 Tristia
447 884 693 933 deformes
718 885 916 948 pariunt
940 884 1190 932 absinthia
1215 884 1395 948 campi,
1576 887 1631 930 15

306 963 560 1026 Terraque
585 963 648 1010 de
672 962 836 1010 fructu
862 978 1014 1026 quam
1040 963 1106 1010 sit
1130 979 1298 1010 amara
1322 963 1489 1009 docet.

243 1042 327 1089 Nil
351 1041 501 1103 igitur
525 1047 631 1087 tota
654 1039 805 1087 Ponti
830 1039 1031 1102 regione
1056 1039 1258 1097 sinistri,

307 1117 453 1172 Quod
478 1133 590 1165 mea
613 1117 852 1165 sedulitas
878 1118 1074 1166 mittere
1102 1125 1289 1183 posset,
1316 1124 1439 1165 erat.

242 1197 430 1244 Clausa
451 1204 619 1245 tamen
644 1196 756 1243 misi
785 1196 1028 1260 Scythica
1051 1196 1141 1244 tibi
1166 1196 1269 1244 tela
1292 1195 1552 1260 pharetra:

307 1274 482 1331 Hoste,
510 1291 701 1338 precor,
729 1274 850 1322 fiant
873 1275 960 1322 illa
983 1281 1190 1322 cruenta
1214 1281 1316 1320 tuo.
1568 1275 1632 1318 20

242 1351 348 1399 Hos
364 1352 515 1399 habet
529 1352 636 1398 haec
653 1353 888 1410 calamos,
906 1353 996 1400 hos
1012 1353 1119 1400 haec
1135 1352 1287 1399 habet
1305 1366 1390 1398 ora
1410 1349 1628 1396 libellos:

307 1429 431 1477 Haec
456 1429 590 1492 viget
614 1429 663 1476 in
688 1430 885 1488 nostris,
912 1429 1154 1487 Maxime,
1183 1427 1333 1475 Musa
1356 1426 1494 1474 locis.

241 1507 364 1561 Quae
391 1522 680 1570 quanquam
712 1507 907 1555 misisse
938 1507 1112 1572 pudet,
1140 1506 1260 1570 quia
1287 1520 1438 1570 parva
1460 1503 1631 1551 viden-

307 1583 383 1632 Tu
408 1591 577 1631 tamen
601 1585 725 1641 haec,
743 1600 929 1647 quaeso,
947 1584 1152 1632 consule
1173 1583 1328 1630 missa
1343 1581 1476 1630 boni.
1514 1582 1632 1643 [tur‚

242 1727 336 1758 mittit
359 1728 430 1758 loca
453 1727 509 1758 illa
533 1727 622 1759 arari.
668 1727 768 1765 Quasi
797 1727 902 1759 dicat:

239 1778 271 1808 Si
284 1777 314 1808 in
328 1777 387 1808 hac
403 1776 528 1819 regione
543 1787 605 1807 non
620 1783 749 1819 possunt
763 1776 905 1808 homines

240 1837 348 1868 agrum
370 1827 471 1857 colere
486 1827 525 1857 ob
541 1826 687 1857 hostilem
703 1826 856 1862 timorem,
872 1833 904 1858 et

239 1875 440 1912 incursiones,
453 1876 552 1907 multo
567 1876 670 1906 minus
689 1886 756 1907 eam
774 1877 812 1907 ob
829 1887 903 1907 cau-

241 1935 307 1956 sam
321 1930 450 1966 possunt
464 1935 526 1955 aera
542 1924 658 1955 fodere.

285 1976 315 2005 8.
340 1975 508 2005 Sarmatica
532 1974 652 2014 marim]
679 1973 729 2004 Sic
752 1974 833 2005 bene
855 1985 902 2005 re-

242 2023 366 2066 scripsit
398 2024 507 2054 Burm.
536 2033 630 2065 quem
657 2023 740 2059 vide,
765 2034 782 2054 e
810 2024 903 2055 codd.

241 2074 383 2104 Francos.
393 2079 424 2104 et
439 2073 559 2104 duobus
573 2072 652 2103 aliis.
667 2072 697 2103 h.
715 2084 743 2103 e.
756 2083 816 2103 non
831 2078 903 2103 sunt

240 2122 375 2153 artifices
389 2122 422 2152 in
440 2121 605 2158 Sarmatia,
622 2121 675 2163 qui
691 2121 832 2163 tinguere
848 2132 902 2153 no-

241 2171 300 2202 rint
315 2182 495 2214 purpuram.
530 2172 644 2202 Manus
657 2176 761 2202 autem
781 2171 819 2202 de
829 2182 902 2213 ope-

241 2222 325 2252 ribus
351 2221 505 2252 artificum
531 2221 756 2263 cujuscumque
779 2221 903 2262 generis

240 2271 312 2313 poni
330 2276 437 2301 notum
451 2276 508 2301 est.
552 2271 703 2302 Harmas.

283 2321 315 2351 9.
343 2321 404 2350 Ars
441 2320 590 2351 Palladis.
627 2325 674 2351 est
716 2319 901 2356 lanificium,

240 2369 329 2410 cujus
352 2368 506 2399 inventrix
530 2368 636 2399 Pallas
656 2368 750 2400 fuisse
774 2368 901 2401 dicitur.

241 2419 374 2449 Metam.
399 2418 440 2449 vi.
464 2418 530 2449 fab.
561 2419 581 2449 i.
630 2420 746 2450 Cereal.
776 2431 902 2450 munera

230 2467 371 2509 frangit,
383 2468 413 2499 h.
426 2479 454 2499 e.
466 2467 554 2499 molit
567 2468 766 2500 frumentum.
790 2468 902 2500 HARL.

1018 1730 1069 1760 16.
1094 1726 1191 1759 Ludit
1219 1732 1312 1769 poeta
1335 1735 1418 1756 more
1441 1735 1496 1756 suo
1518 1723 1549 1754 in
1570 1734 1635 1754 arn-

971 1778 1068 1819 bigua
1084 1777 1167 1808 vocis
1187 1788 1292 1807 amara
1307 1774 1546 1817 significatione,
1562 1784 1631 1815 pro-

971 1827 1038 1869 pria
1060 1832 1092 1858 et
1116 1826 1267 1858 translata
1287 1835 1342 1867 pro
1367 1823 1460 1860 tristi,
1476 1822 1578 1854 invisa
1603 1827 1635 1853 et

971 1877 1113 1908 molesta.
1159 1876 1251 1906 Musa
1278 1875 1312 1906 h.
1337 1885 1365 1906 e.
1389 1879 1472 1904 artes
1501 1872 1633 1914 Scytha-

971 1936 1049 1957 rum.
1094 1926 1243 1956 Hmimss.

1017 1976 1067 2006 17.
1092 1976 1185 2005 Ponti
1201 1973 1349 2014 sinistri]
1376 1972 1516 2004 Ponticae
1537 1971 1636 2013 regio-

971 2024 1018 2055 nis
1032 2024 1183 2063 infelicis3
1206 2023 1247 2054 ad
1268 2024 1381 2054 laevam
1403 2021 1520 2053 Euxini
1540 2021 1636 2052 maris

970 2074 1049 2106 sitae.

1012 2124 1065 2154 20.
1091 2123 1183 2154 Fiant
1206 2121 1361 2161 crumina]
1395 2120 1510 2151 cruore
1531 2118 1635 2149 hostili

971 2171 1128 2208 madeant,
1144 2182 1240 2213 quum
1256 2171 1288 2201 in
1303 2170 1445 2212 praelium
1460 2168 1529 2200 ibis.

1012 2223 1065 2252 21.
1093 2222 1157 2252 Hos
1184 2220 1338 2260 calamos]
1373 2219 1450 2249 IIaec
1475 2216 1632 2249 scribendi

970 2271 1194 2302 instrumenta:
1230 2281 1303 2301 nam
1332 2267 1468 2300 Romani
1502 2266 1632 2298 calamis

970 2319 1128 2359 scribunt3
1145 2320 1269 2362 Scythae
1281 2330 1352 2350 vero
1362 2317 1491 2360 sagittas
1502 2317 1632 2352 faciunt,

970 2380 1048 2411 quas
1063 2369 1202 2411 quotidie
1218 2373 1365 2405 tractant,
1380 2374 1414 2398 ut
1429 2378 1483 2398 nos
1498 2366 1632 2397 Romani

970 2419 1064 2451 libros
1077 2426 1109 2451 et
1122 2420 1271 2451 calamos.
