<?xml version="1.0" encoding="UTF-8"?>
<!DOCTYPE html PUBLIC "-//W3C//DTD XHTML 1.0 Transitional//EN"
    "http://www.w3.org/TR/xhtml1/DTD/xhtml1-transitional.dtd">
<html xmlns="http://www.w3.org/1999/xhtml" xml:lang="en" lang="en">
 <head>
  <title>
</title>
<meta http-equiv="Content-Type" content="text/html;charset=utf-8" />
  <meta name='ocr-system' content='tesseract 3.04.00' />
  <meta name='ocr-capabilities' content='ocr_page ocr_carea ocr_par ocr_line ocrx_word'/>
</head>
<body>
  <div class='ocr_page' id='page_1' title='image "./povidiinasonisop02oviduoft_0157.png"; bbox 0 0 1760 3172; ppageno 0'>
   <div class='ocr_carea' id='block_1_1' title="bbox 400 186 1251 229">
    <p class='ocr_par' dir='ltr' id='par_1_1' title="bbox 400 186 1251 229">
     <span class='ocr_line' id='line_1_1' title="bbox 400 186 1251 229; baseline 0.002 -3"><span class='ocrx_word' id='word_1_1' title='bbox 400 186 711 228; x_wconf 88' lang='lat' dir='ltr'>TRISTIUM</span> <span class='ocrx_word' id='word_1_2' title='bbox 745 186 864 227; x_wconf 89' lang='lat' dir='ltr'><strong>LIB.</strong></span> <span class='ocrx_word' id='word_1_3' title='bbox 901 186 937 227; x_wconf 94' lang='grc' dir='ltr'>Ι.</span> <span class='ocrx_word' id='word_1_4' title='bbox 970 187 1151 229; x_wconf 87' lang='lat' dir='ltr'><strong>ELEG.</strong></span> <span class='ocrx_word' id='word_1_5' title='bbox 1187 188 1251 228; x_wconf 92' lang='lat' dir='ltr'>II.</span> 
     </span>
    </p>
   </div>
   <div class='ocr_carea' id='block_1_2' title="bbox 1439 189 1523 231">
    <p class='ocr_par' dir='ltr' id='par_1_2' title="bbox 1439 189 1523 231">
     <span class='ocr_line' id='line_1_2' title="bbox 1439 189 1523 231; baseline 0.024 -2"><span class='ocrx_word' id='word_1_6' title='bbox 1439 189 1523 231; x_wconf 79' lang='lat'>147</span> 
     </span>
    </p>
   </div>
   <div class='ocr_carea' id='block_1_3' title="bbox 126 299 1519 822">
    <p class='ocr_par' dir='ltr' id='par_1_3' title="bbox 126 299 1519 434">
     <span class='ocr_line' id='line_1_3' title="bbox 126 299 1519 365; baseline 0.003 -19"><span class='ocrx_word' id='word_1_7' title='bbox 126 299 462 363; x_wconf 84' lang='lat' dir='ltr'>Quocumque</span> <span class='ocrx_word' id='word_1_8' title='bbox 489 301 753 365; x_wconf 79' lang='lat' dir='ltr'>adspicias,</span> <span class='ocrx_word' id='word_1_9' title='bbox 776 302 897 348; x_wconf 85' lang='lat' dir='ltr'>nihil</span> <span class='ocrx_word' id='word_1_10' title='bbox 918 308 996 348; x_wconf 90' lang='lat' dir='ltr'>est</span> <span class='ocrx_word' id='word_1_11' title='bbox 1015 302 1110 348; x_wconf 87' lang='lat' dir='ltr'>nisi</span> <span class='ocrx_word' id='word_1_12' title='bbox 1136 310 1319 365; x_wconf 88' lang='lat' dir='ltr'>pontus</span> <span class='ocrx_word' id='word_1_13' title='bbox 1345 310 1395 350; x_wconf 90' lang='lat' dir='ltr'>et</span> <span class='ocrx_word' id='word_1_14' title='bbox 1420 319 1519 359; x_wconf 88' lang='lat' dir='ltr'>aer,</span> 
     </span>
     <span class='ocr_line' id='line_1_4' title="bbox 196 375 1372 434; baseline 0.003 -12"><span class='ocrx_word' id='word_1_15' title='bbox 196 375 454 424; x_wconf 85' lang='lat' dir='ltr'>Fluctibus</span> <span class='ocrx_word' id='word_1_16' title='bbox 479 378 559 425; x_wconf 94' lang='lat' dir='ltr'>hic</span> <span class='ocrx_word' id='word_1_17' title='bbox 584 378 805 434; x_wconf 87' lang='lat' dir='ltr'>tumidis,</span> <span class='ocrx_word' id='word_1_18' title='bbox 833 379 1051 425; x_wconf 91' lang='lat' dir='ltr'>nubibus</span> <span class='ocrx_word' id='word_1_19' title='bbox 1078 379 1161 425; x_wconf 92' lang='lat' dir='ltr'>ille</span> <span class='ocrx_word' id='word_1_20' title='bbox 1187 379 1372 426; x_wconf 80' lang='lat' dir='ltr'>minax.</span> 
     </span>
    </p>

    <p class='ocr_par' dir='ltr' id='par_1_4' title="bbox 126 452 1518 594">
     <span class='ocr_line' id='line_1_5' title="bbox 126 452 1518 516; baseline 0.004 -18"><span class='ocrx_word' id='word_1_21' title='bbox 126 452 263 499; x_wconf 82' lang='lat' dir='ltr'><strong>Inter</strong></span> <span class='ocrx_word' id='word_1_22' title='bbox 280 461 546 516; x_wconf 89' lang='lat' dir='ltr'>utrumque</span> <span class='ocrx_word' id='word_1_23' title='bbox 571 454 788 502; x_wconf 87' lang='lat' dir='ltr'>fremunt</span> <span class='ocrx_word' id='word_1_24' title='bbox 812 455 1013 501; x_wconf 86' lang='lat' dir='ltr'>immani</span> <span class='ocrx_word' id='word_1_25' title='bbox 1039 455 1238 502; x_wconf 86' lang='lat' dir='ltr'>turbine</span> <span class='ocrx_word' id='word_1_26' title='bbox 1263 456 1422 502; x_wconf 86' lang='lat' dir='ltr'>venti:</span> <span class='ocrx_word' id='word_1_27' title='bbox 1455 460 1518 503; x_wconf 79' lang='lat'>‘25</span> 
     </span>
     <span class='ocr_line' id='line_1_6' title="bbox 194 528 1285 594; baseline 0.002 -19"><span class='ocrx_word' id='word_1_28' title='bbox 194 528 387 585; x_wconf 84' lang='lat' dir='ltr'>Nescit,</span> <span class='ocrx_word' id='word_1_29' title='bbox 410 531 491 577; x_wconf 88' lang='lat' dir='ltr'>cui</span> <span class='ocrx_word' id='word_1_30' title='bbox 516 531 717 578; x_wconf 90' lang='lat' dir='ltr'>domino</span> <span class='ocrx_word' id='word_1_31' title='bbox 742 538 930 594; x_wconf 85' lang='lat' dir='ltr'>pareat,</span> <span class='ocrx_word' id='word_1_32' title='bbox 958 531 1096 577; x_wconf 88' lang='lat' dir='ltr'>unda</span> <span class='ocrx_word' id='word_1_33' title='bbox 1120 531 1285 578; x_wconf 84' lang='lat' dir='ltr'>maris.</span> 
     </span>
    </p>

    <p class='ocr_par' dir='ltr' id='par_1_5' title="bbox 127 605 1462 748">
     <span class='ocr_line' id='line_1_7' title="bbox 127 605 1462 671; baseline 0.002 -19"><span class='ocrx_word' id='word_1_34' title='bbox 127 605 258 653; x_wconf 87' lang='lat' dir='ltr'>Nam</span> <span class='ocrx_word' id='word_1_35' title='bbox 283 607 430 654; x_wconf 89' lang='lat' dir='ltr'>modo</span> <span class='ocrx_word' id='word_1_36' title='bbox 455 624 705 671; x_wconf 89' lang='lat' dir='ltr'>purpureo</span> <span class='ocrx_word' id='word_1_37' title='bbox 729 608 857 655; x_wconf 88' lang='lat' dir='ltr'>vires</span> <span class='ocrx_word' id='word_1_38' title='bbox 883 608 1018 670; x_wconf 83' lang='lat' dir='ltr'>capit</span> <span class='ocrx_word' id='word_1_39' title='bbox 1045 607 1209 655; x_wconf 87' lang='lat' dir='ltr'>Eurus</span> <span class='ocrx_word' id='word_1_40' title='bbox 1236 608 1298 654; x_wconf 89' lang='lat' dir='ltr'>ab</span> <span class='ocrx_word' id='word_1_41' title='bbox 1324 615 1462 666; x_wconf 84' lang='lat' dir='ltr'>ortu3</span> 
     </span>
     <span class='ocr_line' id='line_1_8' title="bbox 193 682 1402 748; baseline 0.002 -19"><span class='ocrx_word' id='word_1_42' title='bbox 193 682 240 728; x_wconf 96' lang='lat' dir='ltr'>N</span> <span class='ocrx_word' id='word_1_43' title='bbox 246 699 342 730; x_wconf 91' lang='lat' dir='ltr'>unc</span> <span class='ocrx_word' id='word_1_44' title='bbox 368 684 628 748; x_wconf 87' lang='lat' dir='ltr'>Zephyrus</span> <span class='ocrx_word' id='word_1_45' title='bbox 654 700 763 731; x_wconf 88' lang='lat' dir='ltr'>sero</span> <span class='ocrx_word' id='word_1_46' title='bbox 788 700 996 747; x_wconf 87' lang='lat' dir='ltr'>vespere</span> <span class='ocrx_word' id='word_1_47' title='bbox 1021 684 1204 730; x_wconf 87' lang='lat' dir='ltr'>missus</span> <span class='ocrx_word' id='word_1_48' title='bbox 1232 685 1402 732; x_wconf 86' lang='lat' dir='ltr'>adest:</span> 
     </span>
    </p>

    <p class='ocr_par' dir='ltr' id='par_1_6' title="bbox 126 756 1465 822">
     <span class='ocr_line' id='line_1_9' title="bbox 126 756 1465 822; baseline 0.003 -17"><span class='ocrx_word' id='word_1_49' title='bbox 126 756 275 806; x_wconf 93' lang='lat' dir='ltr'>Nunc</span> <span class='ocrx_word' id='word_1_50' title='bbox 300 760 495 822; x_wconf 84' lang='lat' dir='ltr'>gelidus</span> <span class='ocrx_word' id='word_1_51' title='bbox 521 762 656 809; x_wconf 87' lang='lat' dir='ltr'>sicca</span> <span class='ocrx_word' id='word_1_52' title='bbox 683 761 870 808; x_wconf 87' lang='lat' dir='ltr'>Boreas</span> <span class='ocrx_word' id='word_1_53' title='bbox 897 762 1170 808; x_wconf 84' lang='lat' dir='ltr'>bacchatur</span> <span class='ocrx_word' id='word_1_54' title='bbox 1195 762 1258 808; x_wconf 87' lang='lat' dir='ltr'>ab</span> <span class='ocrx_word' id='word_1_55' title='bbox 1284 761 1465 820; x_wconf 81' lang='lat' dir='ltr'>Arct03</span> 
     </span>
    </p>
   </div>
   <div class='ocr_carea' id='block_1_4' title="bbox 194 835 1311 902">
    <p class='ocr_par' dir='ltr' id='par_1_7' title="bbox 194 835 1311 902">
     <span class='ocr_line' id='line_1_10' title="bbox 194 835 1311 902; baseline 0.003 -20"><span class='ocrx_word' id='word_1_56' title='bbox 194 835 344 884; x_wconf 91' lang='lat' dir='ltr'>Nunc</span> <span class='ocrx_word' id='word_1_57' title='bbox 369 837 531 884; x_wconf 90' lang='lat' dir='ltr'>Notus</span> <span class='ocrx_word' id='word_1_58' title='bbox 557 839 765 886; x_wconf 87' lang='lat' dir='ltr'>adversa</span> <span class='ocrx_word' id='word_1_59' title='bbox 788 839 960 902; x_wconf 77' lang='lat' dir='ltr'>praelia</span> <span class='ocrx_word' id='word_1_60' title='bbox 982 838 1144 885; x_wconf 84' lang='lat' dir='ltr'>fronte</span> <span class='ocrx_word' id='word_1_61' title='bbox 1171 839 1311 900; x_wconf 81' lang='lat' dir='ltr'>gerit.</span> 
     </span>
    </p>
   </div>
   <div class='ocr_carea' id='block_1_5' title="bbox 1456 842 1520 886">
    <p class='ocr_par' dir='ltr' id='par_1_8' title="bbox 1456 842 1520 886">
     <span class='ocr_line' id='line_1_11' title="bbox 1456 842 1520 886; baseline 0 0"><span class='ocrx_word' id='word_1_62' title='bbox 1456 842 1520 886; x_wconf 87' lang='lat'>30</span> 
     </span>
    </p>
   </div>
   <div class='ocr_carea' id='block_1_6' title="bbox 127 890 1519 1132">
    <p class='ocr_par' dir='ltr' id='par_1_9' title="bbox 127 890 1519 1132">
     <span class='ocr_line' id='line_1_12' title="bbox 127 890 1519 979; baseline 0.004 -21"><span class='ocrx_word' id='word_1_63' title='bbox 127 911 315 959; x_wconf 90' lang='lat' dir='ltr'>Rector</span> <span class='ocrx_word' id='word_1_64' title='bbox 338 913 389 960; x_wconf 93' lang='lat' dir='ltr'>in</span> <span class='ocrx_word' id='word_1_65' title='bbox 414 913 602 961; x_wconf 89' lang='lat' dir='ltr'>incerto</span> <span class='ocrx_word' id='word_1_66' title='bbox 623 921 700 962; x_wconf 86' lang='lat' dir='ltr'>est</span> <span class='ocrx_word' id='word_1_67' title='bbox 718 890 878 970; x_wconf 66' lang='lat' dir='ltr'>:snec,</span> <span class='ocrx_word' id='word_1_68' title='bbox 897 915 1018 978; x_wconf 90' lang='lat' dir='ltr'>quid</span> <span class='ocrx_word' id='word_1_69' title='bbox 1043 915 1278 977; x_wconf 81' lang='lat' dir='ltr'>fugiatve,</span> <span class='ocrx_word' id='word_1_70' title='bbox 1303 923 1519 979; x_wconf 80' lang='lat' dir='ltr'>petatve,</span> 
     </span>
     <span class='ocr_line' id='line_1_13' title="bbox 194 981 1327 1056; baseline 0.004 -22"><span class='ocrx_word' id='word_1_71' title='bbox 194 988 390 1037; x_wconf 91' lang='lat' dir='ltr'>Invenit</span> <span class='ocrx_word' id='word_1_72' title='bbox 410 981 707 1056; x_wconf 56' lang='lat' dir='ltr'>fsambiguis</span> <span class='ocrx_word' id='word_1_73' title='bbox 734 1007 811 1038; x_wconf 88' lang='lat' dir='ltr'>ars</span> <span class='ocrx_word' id='word_1_74' title='bbox 837 998 1008 1054; x_wconf 86' lang='lat' dir='ltr'>stupet</span> <span class='ocrx_word' id='word_1_75' title='bbox 1032 992 1142 1055; x_wconf 88' lang='lat' dir='ltr'>ipsa</span> <span class='ocrx_word' id='word_1_76' title='bbox 1167 991 1327 1038; x_wconf 87' lang='lat' dir='ltr'>malis.</span> 
     </span>
     <span class='ocr_line' id='line_1_14' title="bbox 127 1064 1476 1132; baseline 0.004 -22"><span class='ocrx_word' id='word_1_77' title='bbox 127 1064 334 1113; x_wconf 83' lang='lat' dir='ltr'>Scilicet</span> <span class='ocrx_word' id='word_1_78' title='bbox 357 1065 661 1126; x_wconf 74' lang='lat' dir='ltr'>occidimus3</span> <span class='ocrx_word' id='word_1_79' title='bbox 702 1085 794 1116; x_wconf 90' lang='lat' dir='ltr'>nec</span> <span class='ocrx_word' id='word_1_80' title='bbox 821 1084 953 1132; x_wconf 90' lang='lat' dir='ltr'>spes,</span> <span class='ocrx_word' id='word_1_81' title='bbox 983 1069 1075 1115; x_wconf 84' lang='lat' dir='ltr'>nisi</span> <span class='ocrx_word' id='word_1_82' title='bbox 1103 1084 1245 1124; x_wconf 86' lang='lat' dir='ltr'>vana,</span> <span class='ocrx_word' id='word_1_83' title='bbox 1274 1069 1476 1116; x_wconf 86' lang='lat' dir='ltr'>salutis:</span> 
     </span>
    </p>
   </div>
   <div class='ocr_carea' id='block_1_7' title="bbox 193 1141 1367 1207">
    <p class='ocr_par' dir='ltr' id='par_1_10' title="bbox 193 1141 1367 1207">
     <span class='ocr_line' id='line_1_15' title="bbox 193 1141 1367 1207; baseline 0.003 -19"><span class='ocrx_word' id='word_1_84' title='bbox 193 1141 431 1207; x_wconf 91' lang='lat' dir='ltr'>Dumque</span> <span class='ocrx_word' id='word_1_85' title='bbox 455 1144 647 1207; x_wconf 87' lang='lat' dir='ltr'>loquor,</span> <span class='ocrx_word' id='word_1_86' title='bbox 673 1145 839 1192; x_wconf 90' lang='lat' dir='ltr'>vultus</span> <span class='ocrx_word' id='word_1_87' title='bbox 865 1145 1031 1193; x_wconf 88' lang='lat' dir='ltr'>obruit</span> <span class='ocrx_word' id='word_1_88' title='bbox 1054 1145 1188 1192; x_wconf 88' lang='lat' dir='ltr'>unda</span> <span class='ocrx_word' id='word_1_89' title='bbox 1213 1161 1367 1192; x_wconf 87' lang='lat' dir='ltr'>ineos.</span> 
     </span>
    </p>
   </div>
   <div class='ocr_carea' id='block_1_8' title="bbox 124 1291 793 2763">
    <p class='ocr_par' dir='ltr' id='par_1_11' title="bbox 124 1291 793 1718">
     <span class='ocr_line' id='line_1_16' title="bbox 124 1291 790 1335; baseline 0.006 -13"><span class='ocrx_word' id='word_1_90' title='bbox 124 1291 208 1323; x_wconf 87' lang='lat' dir='ltr'>enim</span> <span class='ocrx_word' id='word_1_91' title='bbox 220 1294 447 1335; x_wconf 83' lang='lat' dir='ltr'>separationem</span> <span class='ocrx_word' id='word_1_92' title='bbox 463 1300 561 1333; x_wconf 85' lang='lat' dir='ltr'>notat,</span> <span class='ocrx_word' id='word_1_93' title='bbox 571 1301 607 1326; x_wconf 86' lang='lat' dir='ltr'>ut</span> <span class='ocrx_word' id='word_1_94' title='bbox 623 1295 718 1326; x_wconf 78' lang='lat' dir='ltr'>etiam</span> <span class='ocrx_word' id='word_1_95' title='bbox 731 1295 790 1326; x_wconf 85' lang='lat' dir='ltr'>hoc</span> 
     </span>
     <span class='ocr_line' id='line_1_17' title="bbox 125 1341 791 1385; baseline 0.006 -13"><span class='ocrx_word' id='word_1_96' title='bbox 125 1341 210 1381; x_wconf 66' lang='lat' dir='ltr'>loco,</span> <span class='ocrx_word' id='word_1_97' title='bbox 225 1343 378 1385; x_wconf 84' lang='lat' dir='ltr'>separatis</span> <span class='ocrx_word' id='word_1_98' title='bbox 386 1343 534 1375; x_wconf 86' lang='lat' dir='ltr'>fluctibus</span> <span class='ocrx_word' id='word_1_99' title='bbox 544 1345 633 1375; x_wconf 90' lang='lat' dir='ltr'>navis</span> <span class='ocrx_word' id='word_1_100' title='bbox 647 1345 791 1376; x_wconf 86' lang='lat' dir='ltr'>demersa</span> 
     </span>
     <span class='ocr_line' id='line_1_18' title="bbox 125 1391 789 1436; baseline 0.006 -15"><span class='ocrx_word' id='word_1_101' title='bbox 125 1396 158 1421; x_wconf 90' lang='lat' dir='ltr'>et</span> <span class='ocrx_word' id='word_1_102' title='bbox 183 1391 216 1422; x_wconf 90' lang='lat' dir='ltr'>in</span> <span class='ocrx_word' id='word_1_103' title='bbox 239 1392 340 1423; x_wconf 87' lang='lat' dir='ltr'>valles</span> <span class='ocrx_word' id='word_1_104' title='bbox 366 1393 458 1434; x_wconf 82' lang='lat' dir='ltr'>quasi</span> <span class='ocrx_word' id='word_1_105' title='bbox 479 1393 604 1436; x_wconf 85' lang='lat' dir='ltr'>dejecta</span> <span class='ocrx_word' id='word_1_106' title='bbox 628 1394 789 1425; x_wconf 86' lang='lat' dir='ltr'>subsidet:</span> 
     </span>
     <span class='ocr_line' id='line_1_19' title="bbox 126 1442 792 1486; baseline 0.005 -15"><span class='ocrx_word' id='word_1_107' title='bbox 126 1442 271 1472; x_wconf 82' lang='lat' dir='ltr'>deducere</span> <span class='ocrx_word' id='word_1_108' title='bbox 300 1447 405 1473; x_wconf 87' lang='lat' dir='ltr'>autem</span> <span class='ocrx_word' id='word_1_109' title='bbox 435 1449 482 1474; x_wconf 88' lang='lat' dir='ltr'>est</span> <span class='ocrx_word' id='word_1_110' title='bbox 511 1454 530 1474; x_wconf 92' lang='lat' dir='ltr'>a</span> <span class='ocrx_word' id='word_1_111' title='bbox 555 1454 678 1474; x_wconf 87' lang='lat' dir='ltr'>summa</span> <span class='ocrx_word' id='word_1_112' title='bbox 704 1450 792 1486; x_wconf 89' lang='lat' dir='ltr'>parte</span> 
     </span>
     <span class='ocr_line' id='line_1_20' title="bbox 127 1490 793 1524; baseline 0.005 -4"><span class='ocrx_word' id='word_1_113' title='bbox 127 1490 251 1521; x_wconf 89' lang='lat' dir='ltr'>trahere</span> <span class='ocrx_word' id='word_1_114' title='bbox 265 1491 317 1522; x_wconf 90' lang='lat' dir='ltr'>vel</span> <span class='ocrx_word' id='word_1_115' title='bbox 339 1492 494 1523; x_wconf 88' lang='lat' dir='ltr'>scindere.</span> <span class='ocrx_word' id='word_1_116' title='bbox 516 1493 606 1524; x_wconf 85' lang='lat' dir='ltr'>Conf.</span> <span class='ocrx_word' id='word_1_117' title='bbox 627 1494 736 1523; x_wconf 91' lang='lat' dir='ltr'>Burm.</span> <span class='ocrx_word' id='word_1_118' title='bbox 753 1493 793 1523; x_wconf 88' lang='lat' dir='ltr'>ad</span> 
     </span>
     <span class='ocr_line' id='line_1_21' title="bbox 127 1538 791 1572; baseline 0.005 -3"><span class='ocrx_word' id='word_1_119' title='bbox 127 1538 224 1569; x_wconf 89' lang='lat' dir='ltr'>Ovid.</span> <span class='ocrx_word' id='word_1_120' title='bbox 238 1540 346 1570; x_wconf 89' lang='lat' dir='ltr'>Amor.</span> <span class='ocrx_word' id='word_1_121' title='bbox 371 1540 393 1571; x_wconf 91' lang='lat' dir='ltr'>i.</span> <span class='ocrx_word' id='word_1_122' title='bbox 412 1541 442 1571; x_wconf 93' lang='lat'>7.</span> <span class='ocrx_word' id='word_1_123' title='bbox 467 1551 543 1572; x_wconf 92' lang='lat' dir='ltr'>vers.</span> <span class='ocrx_word' id='word_1_124' title='bbox 561 1542 613 1571; x_wconf 84' lang='lat'>48.</span> <span class='ocrx_word' id='word_1_125' title='bbox 635 1544 671 1572; x_wconf 87' lang='lat' dir='ltr'>cle</span> <span class='ocrx_word' id='word_1_126' title='bbox 686 1548 791 1572; x_wconf 90' lang='lat' dir='ltr'>autem</span> 
     </span>
     <span class='ocr_line' id='line_1_22' title="bbox 126 1588 789 1632; baseline 0.005 -14"><span class='ocrx_word' id='word_1_127' title='bbox 126 1593 158 1618; x_wconf 90' lang='lat' dir='ltr'>et</span> <span class='ocrx_word' id='word_1_128' title='bbox 172 1589 215 1624; x_wconf 85' lang='lat' dir='ltr'>di,</span> <span class='ocrx_word' id='word_1_129' title='bbox 231 1588 263 1618; x_wconf 90' lang='lat' dir='ltr'>in</span> <span class='ocrx_word' id='word_1_130' title='bbox 277 1589 365 1619; x_wconf 90' lang='lat' dir='ltr'>libris</span> <span class='ocrx_word' id='word_1_131' title='bbox 380 1600 463 1632; x_wconf 89' lang='lat' dir='ltr'>saepe</span> <span class='ocrx_word' id='word_1_132' title='bbox 480 1590 641 1626; x_wconf 82' lang='lat' dir='ltr'>confundi,</span> <span class='ocrx_word' id='word_1_133' title='bbox 654 1591 720 1632; x_wconf 89' lang='lat' dir='ltr'>jam</span> <span class='ocrx_word' id='word_1_134' title='bbox 735 1592 789 1622; x_wconf 91' lang='lat' dir='ltr'>ob-</span> 
     </span>
     <span class='ocr_line' id='line_1_23' title="bbox 125 1637 789 1682; baseline 0.003 -14"><span class='ocrx_word' id='word_1_135' title='bbox 125 1637 245 1669; x_wconf 82' lang='lat' dir='ltr'>servavi</span> <span class='ocrx_word' id='word_1_136' title='bbox 272 1637 313 1669; x_wconf 88' lang='lat' dir='ltr'>ad</span> <span class='ocrx_word' id='word_1_137' title='bbox 342 1638 471 1670; x_wconf 86' lang='lat' dir='ltr'>Cellarii</span> <span class='ocrx_word' id='word_1_138' title='bbox 501 1640 650 1681; x_wconf 84' lang='lat' dir='ltr'>Orthogr.</span> <span class='ocrx_word' id='word_1_139' title='bbox 677 1652 707 1682; x_wconf 91' lang='lat' dir='ltr'>p.</span> <span class='ocrx_word' id='word_1_140' title='bbox 737 1642 789 1672; x_wconf 83' lang='lat'>25.</span> 
     </span>
     <span class='ocr_line' id='line_1_24' title="bbox 125 1686 274 1718; baseline 0.007 -1"><span class='ocrx_word' id='word_1_141' title='bbox 125 1686 274 1718; x_wconf 66' lang='lat' dir='ltr'>Hmmzs.</span> 
     </span>
    </p>

    <p class='ocr_par' dir='ltr' id='par_1_12' title="bbox 169 1737 697 1778">
     <span class='ocr_line' id='line_1_25' title="bbox 169 1737 697 1778; baseline 0.002 -10"><span class='ocrx_word' id='word_1_142' title='bbox 169 1738 222 1768; x_wconf 87' lang='lat'>24.</span> <span class='ocrx_word' id='word_1_143' title='bbox 248 1737 409 1778; x_wconf 83' lang='lat' dir='ltr'>Tumidis.]</span> <span class='ocrx_word' id='word_1_144' title='bbox 428 1739 574 1769; x_wconf 80' lang='lat' dir='ltr'>Tumidus</span> <span class='ocrx_word' id='word_1_145' title='bbox 588 1739 697 1769; x_wconf 85' lang='lat' dir='ltr'>Burm.</span> 
     </span>
    </p>

    <p class='ocr_par' dir='ltr' id='par_1_13' title="bbox 126 1786 791 2015">
     <span class='ocr_line' id='line_1_26' title="bbox 169 1786 790 1818; baseline 0.002 -1"><span class='ocrx_word' id='word_1_146' title='bbox 169 1787 222 1818; x_wconf 84' lang='lat'>25.</span> <span class='ocrx_word' id='word_1_147' title='bbox 245 1786 394 1817; x_wconf 74' lang='lat' dir='ltr'>Fremant</span> <span class='ocrx_word' id='word_1_148' title='bbox 409 1788 534 1817; x_wconf 71' lang='lat' dir='ltr'>immani</span> <span class='ocrx_word' id='word_1_149' title='bbox 550 1798 703 1817; x_wconf 83' lang='lat' dir='ltr'>murmure</span> <span class='ocrx_word' id='word_1_150' title='bbox 720 1798 790 1818; x_wconf 71' lang='lat' dir='ltr'>ven-</span> 
     </span>
     <span class='ocr_line' id='line_1_27' title="bbox 126 1835 791 1877; baseline 0 -11"><span class='ocrx_word' id='word_1_151' title='bbox 126 1836 180 1877; x_wconf 72' lang='lat' dir='ltr'>ti.]</span> <span class='ocrx_word' id='word_1_152' title='bbox 220 1835 354 1867; x_wconf 74' lang='lat' dir='ltr'>Turbine</span> <span class='ocrx_word' id='word_1_153' title='bbox 381 1836 551 1867; x_wconf 89' lang='lat' dir='ltr'>duodecim</span> <span class='ocrx_word' id='word_1_154' title='bbox 579 1842 721 1875; x_wconf 84' lang='lat' dir='ltr'>veteres;</span> <span class='ocrx_word' id='word_1_155' title='bbox 755 1842 791 1868; x_wconf 87' lang='lat' dir='ltr'>ut</span> 
     </span>
     <span class='ocr_line' id='line_1_28' title="bbox 127 1885 788 1928; baseline 0 -12"><span class='ocrx_word' id='word_1_156' title='bbox 127 1885 211 1928; x_wconf 88' lang='lat' dir='ltr'>apud</span> <span class='ocrx_word' id='word_1_157' title='bbox 234 1885 323 1926; x_wconf 88' lang='lat' dir='ltr'>Virg.</span> <span class='ocrx_word' id='word_1_158' title='bbox 340 1886 425 1916; x_wconf 66' lang='lat' dir='ltr'>&#39;AEn.</span> <span class='ocrx_word' id='word_1_159' title='bbox 449 1885 506 1916; x_wconf 87' lang='lat' dir='ltr'>lib.</span> <span class='ocrx_word' id='word_1_160' title='bbox 527 1886 568 1916; x_wconf 92' lang='lat' dir='ltr'>vi.</span> <span class='ocrx_word' id='word_1_161' title='bbox 595 1887 679 1917; x_wconf 85' lang='lat'>594:</span> <span class='ocrx_word' id='word_1_162' title='bbox 709 1898 788 1926; x_wconf 79' lang='lat' dir='ltr'>prce-</span> 
     </span>
     <span class='ocr_line' id='line_1_29' title="bbox 126 1935 789 1976; baseline 0.002 -11"><span class='ocrx_word' id='word_1_163' title='bbox 126 1936 301 1975; x_wconf 80' lang='lat' dir='ltr'>cipitemque</span> <span class='ocrx_word' id='word_1_164' title='bbox 341 1936 466 1965; x_wconf 80' lang='lat' dir='ltr'>immani</span> <span class='ocrx_word' id='word_1_165' title='bbox 513 1935 632 1965; x_wconf 80' lang='lat' dir='ltr'>turbine</span> <span class='ocrx_word' id='word_1_166' title='bbox 676 1937 789 1976; x_wconf 71' lang='lat' dir='ltr'>adegit.</span> 
     </span>
     <span class='ocr_line' id='line_1_30' title="bbox 127 1984 245 2015; baseline 0.008 -1"><span class='ocrx_word' id='word_1_167' title='bbox 127 1984 245 2015; x_wconf 71' lang='lat' dir='ltr'>Hzms.</span> 
     </span>
    </p>

    <p class='ocr_par' dir='ltr' id='par_1_14' title="bbox 127 2033 792 2615">
     <span class='ocr_line' id='line_1_31' title="bbox 171 2033 790 2074; baseline 0 -10"><span class='ocrx_word' id='word_1_168' title='bbox 171 2033 488 2074; x_wconf 63' lang='lat' dir='ltr'>Minox—fremunt]</span> <span class='ocrx_word' id='word_1_169' title='bbox 517 2034 631 2065; x_wconf 87' lang='lat' dir='ltr'>Poetas</span> <span class='ocrx_word' id='word_1_170' title='bbox 640 2034 731 2065; x_wconf 84' lang='lat' dir='ltr'>rebus</span> <span class='ocrx_word' id='word_1_171' title='bbox 743 2034 790 2065; x_wconf 87' lang='lat' dir='ltr'>in·-</span> 
     </span>
     <span class='ocr_line' id='line_1_32' title="bbox 128 2082 792 2124; baseline 0 -10"><span class='ocrx_word' id='word_1_172' title='bbox 128 2082 274 2114; x_wconf 86' lang='lat' dir='ltr'>animatis</span> <span class='ocrx_word' id='word_1_173' title='bbox 293 2093 342 2119; x_wconf 91' lang='lat' dir='ltr'>ea,</span> <span class='ocrx_word' id='word_1_174' title='bbox 369 2094 440 2124; x_wconf 83' lang='lat' dir='ltr'>quae</span> <span class='ocrx_word' id='word_1_175' title='bbox 463 2083 503 2114; x_wconf 91' lang='lat' dir='ltr'>de</span> <span class='ocrx_word' id='word_1_176' title='bbox 527 2084 620 2114; x_wconf 86' lang='lat' dir='ltr'>rebus</span> <span class='ocrx_word' id='word_1_177' title='bbox 645 2083 792 2114; x_wconf 85' lang='lat' dir='ltr'>animatis</span> 
     </span>
     <span class='ocr_line' id='line_1_33' title="bbox 128 2132 791 2175; baseline 0 -12"><span class='ocrx_word' id='word_1_178' title='bbox 128 2132 248 2175; x_wconf 86' lang='lat' dir='ltr'>proprie</span> <span class='ocrx_word' id='word_1_179' title='bbox 258 2132 321 2163; x_wconf 90' lang='lat' dir='ltr'>dici</span> <span class='ocrx_word' id='word_1_180' title='bbox 332 2138 472 2174; x_wconf 89' lang='lat' dir='ltr'>possunt,</span> <span class='ocrx_word' id='word_1_181' title='bbox 486 2133 670 2168; x_wconf 86' lang='lat' dir='ltr'>attribuere,</span> <span class='ocrx_word' id='word_1_182' title='bbox 684 2133 791 2163; x_wconf 86' lang='lat' dir='ltr'>multis</span> 
     </span>
     <span class='ocr_line' id='line_1_34' title="bbox 128 2182 789 2224; baseline 0 -11"><span class='ocrx_word' id='word_1_183' title='bbox 128 2182 281 2224; x_wconf 86' lang='lat' dir='ltr'>exemplis</span> <span class='ocrx_word' id='word_1_184' title='bbox 295 2182 335 2213; x_wconf 86' lang='lat' dir='ltr'>ad</span> <span class='ocrx_word' id='word_1_185' title='bbox 351 2182 469 2213; x_wconf 86' lang='lat' dir='ltr'>Catull.</span> <span class='ocrx_word' id='word_1_186' title='bbox 486 2182 528 2213; x_wconf 90' lang='lat' dir='ltr'>iv.</span> <span class='ocrx_word' id='word_1_187' title='bbox 540 2183 614 2213; x_wconf 88' lang='grc'><strong>611.</strong></span> <span class='ocrx_word' id='word_1_188' title='bbox 630 2182 662 2213; x_wconf 88' lang='lat' dir='ltr'>in</span> <span class='ocrx_word' id='word_1_189' title='bbox 675 2183 789 2214; x_wconf 86' lang='lat' dir='ltr'>Chres-</span> 
     </span>
     <span class='ocr_line' id='line_1_35' title="bbox 129 2230 790 2273; baseline -0.002 -10"><span class='ocrx_word' id='word_1_190' title='bbox 129 2238 202 2263; x_wconf 89' lang='lat' dir='ltr'>tom.</span> <span class='ocrx_word' id='word_1_191' title='bbox 213 2232 269 2262; x_wconf 86' lang='lat' dir='ltr'>lat.</span> <span class='ocrx_word' id='word_1_192' title='bbox 279 2230 405 2273; x_wconf 88' lang='lat' dir='ltr'>poetica</span> <span class='ocrx_word' id='word_1_193' title='bbox 416 2231 519 2262; x_wconf 88' lang='lat' dir='ltr'>docui.</span> <span class='ocrx_word' id='word_1_194' title='bbox 542 2231 691 2262; x_wconf 48' lang='lat' dir='ltr'>Hirmas.</span> <span class='ocrx_word' id='word_1_195' title='bbox 721 2231 790 2263; x_wconf 91' lang='lat' dir='ltr'>Hoc</span> 
     </span>
     <span class='ocr_line' id='line_1_36' title="bbox 128 2280 791 2322; baseline -0.003 -9"><span class='ocrx_word' id='word_1_196' title='bbox 128 2282 195 2313; x_wconf 91' lang='lat' dir='ltr'>vult</span> <span class='ocrx_word' id='word_1_197' title='bbox 208 2280 289 2312; x_wconf 87' lang='lat' dir='ltr'>illud</span> <span class='ocrx_word' id='word_1_198' title='bbox 303 2280 481 2311; x_wconf 84' lang='lat' dir='ltr'>Aristotelis</span> <span class='ocrx_word' id='word_1_199' title='bbox 492 2285 512 2298; x_wconf 83' lang='grc'>“</span> <span class='ocrx_word' id='word_1_200' title='bbox 524 2282 588 2322; x_wconf 82' lang='grc' dir='ltr'>πρὸ</span> <span class='ocrx_word' id='word_1_201' title='bbox 601 2281 791 2322; x_wconf 86' lang='grc' dir='ltr'>ὀμματῶν.”</span> 
     </span>
     <span class='ocr_line' id='line_1_37' title="bbox 127 2329 789 2371; baseline -0.002 -9"><span class='ocrx_word' id='word_1_202' title='bbox 127 2330 200 2362; x_wconf 84' lang='lat' dir='ltr'>vide</span> <span class='ocrx_word' id='word_1_203' title='bbox 214 2330 311 2361; x_wconf 84' lang='lat' dir='ltr'>Rhet.</span> <span class='ocrx_word' id='word_1_204' title='bbox 325 2330 346 2360; x_wconf 92' lang='lat' dir='ltr'>l.</span> <span class='ocrx_word' id='word_1_205' title='bbox 356 2331 386 2361; x_wconf 88' lang='grc'>3.</span> <span class='ocrx_word' id='word_1_206' title='bbox 410 2329 430 2359; x_wconf 92' lang='grc' dir='ltr'><em>Ι</em></span> <span class='ocrx_word' id='word_1_207' title='bbox 431 2332 540 2361; x_wconf 81' lang='lat' dir='ltr'>mmani</span> <span class='ocrx_word' id='word_1_208' title='bbox 551 2332 680 2361; x_wconf 83' lang='lat' dir='ltr'>turbine.</span> <span class='ocrx_word' id='word_1_209' title='bbox 695 2331 789 2371; x_wconf 85' lang='lat' dir='ltr'>Mag-</span> 
     </span>
     <span class='ocr_line' id='line_1_38' title="bbox 128 2379 788 2422; baseline -0.002 -11"><span class='ocrx_word' id='word_1_210' title='bbox 128 2391 170 2411; x_wconf 84' lang='lat' dir='ltr'>na</span> <span class='ocrx_word' id='word_1_211' title='bbox 197 2385 361 2411; x_wconf 86' lang='lat' dir='ltr'>ventorum</span> <span class='ocrx_word' id='word_1_212' title='bbox 397 2379 606 2416; x_wconf 83' lang='lat' dir='ltr'>volubilitate,</span> <span class='ocrx_word' id='word_1_213' title='bbox 634 2390 692 2422; x_wconf 77' lang='lat' dir='ltr'>nec</span> <span class='ocrx_word' id='word_1_214' title='bbox 721 2379 788 2410; x_wconf 89' lang='lat' dir='ltr'>sine</span> 
     </span>
     <span class='ocr_line' id='line_1_39' title="bbox 128 2427 789 2471; baseline -0.002 -11"><span class='ocrx_word' id='word_1_215' title='bbox 128 2430 258 2471; x_wconf 80' lang='lat' dir='ltr'>fragore,</span> <span class='ocrx_word' id='word_1_216' title='bbox 267 2427 410 2471; x_wconf 81' lang='lat' dir='ltr'>proxima</span> <span class='ocrx_word' id='word_1_217' title='bbox 419 2439 552 2470; x_wconf 88' lang='lat' dir='ltr'>quaeque</span> <span class='ocrx_word' id='word_1_218' title='bbox 566 2434 789 2470; x_wconf 86' lang='lat' dir='ltr'>prosternente.</span> 
     </span>
     <span class='ocr_line' id='line_1_40' title="bbox 128 2477 788 2521; baseline -0.002 -12"><span class='ocrx_word' id='word_1_219' title='bbox 128 2478 284 2521; x_wconf 86' lang='lat' dir='ltr'>Apuleius</span> <span class='ocrx_word' id='word_1_220' title='bbox 296 2477 337 2508; x_wconf 84' lang='lat' dir='ltr'>de</span> <span class='ocrx_word' id='word_1_221' title='bbox 351 2477 492 2508; x_wconf 90' lang='lat' dir='ltr'>Mundo:</span> <span class='ocrx_word' id='word_1_222' title='bbox 512 2477 611 2508; x_wconf 82' lang='lat' dir='ltr'>Turbo</span> <span class='ocrx_word' id='word_1_223' title='bbox 625 2480 703 2508; x_wconf 77' lang='lat' dir='ltr'>enim</span> <span class='ocrx_word' id='word_1_224' title='bbox 713 2480 788 2509; x_wconf 80' lang='lat' dir='ltr'>dici-</span> 
     </span>
     <span class='ocr_line' id='line_1_41' title="bbox 130 2527 788 2568; baseline 0.003 -11"><span class='ocrx_word' id='word_1_225' title='bbox 130 2533 193 2564; x_wconf 81' lang='lat' dir='ltr'>tur,</span> <span class='ocrx_word' id='word_1_226' title='bbox 205 2529 256 2567; x_wconf 76' lang='lat' dir='ltr'>qui</span> <span class='ocrx_word' id='word_1_227' title='bbox 264 2527 546 2568; x_wconf 75' lang='lat' dir='ltr'>‘repentinisflabris</span> <span class='ocrx_word' id='word_1_228' title='bbox 557 2528 688 2566; x_wconf 81' lang='lat' dir='ltr'>prosilit,</span> <span class='ocrx_word' id='word_1_229' title='bbox 700 2534 788 2568; x_wconf 84' lang='lat' dir='ltr'>atque</span> 
     </span>
     <span class='ocr_line' id='line_1_42' title="bbox 128 2577 452 2615; baseline -0.003 -8"><span class='ocrx_word' id='word_1_230' title='bbox 128 2578 271 2607; x_wconf 78' lang='lat' dir='ltr'>universa</span> <span class='ocrx_word' id='word_1_231' title='bbox 281 2577 452 2615; x_wconf 74' lang='lat' dir='ltr'>perturbat.</span> 
     </span>
    </p>

    <p class='ocr_par' dir='ltr' id='par_1_15' title="bbox 130 2624 790 2763">
     <span class='ocr_line' id='line_1_43' title="bbox 172 2624 789 2665; baseline 0 -9"><span class='ocrx_word' id='word_1_232' title='bbox 172 2625 226 2656; x_wconf 85' lang='lat'>26.</span> <span class='ocrx_word' id='word_1_233' title='bbox 250 2624 364 2661; x_wconf 80' lang='lat' dir='ltr'>Nescit,</span> <span class='ocrx_word' id='word_1_234' title='bbox 383 2627 433 2655; x_wconf 79' lang='lat' dir='ltr'>cui</span> <span class='ocrx_word' id='word_1_235' title='bbox 450 2625 595 2665; x_wconf 64' lang='lat' dir='ltr'>domina]</span> <span class='ocrx_word' id='word_1_236' title='bbox 623 2624 707 2655; x_wconf 61' lang='lat' dir='ltr'>Hinc</span> <span class='ocrx_word' id='word_1_237' title='bbox 727 2624 789 2656; x_wconf 93' lang='lat' dir='ltr'>Lu-</span> 
     </span>
     <span class='ocr_line' id='line_1_44' title="bbox 130 2673 790 2710; baseline 0 -6"><span class='ocrx_word' id='word_1_238' title='bbox 130 2683 227 2705; x_wconf 91' lang='lat' dir='ltr'>canus</span> <span class='ocrx_word' id='word_1_239' title='bbox 259 2673 382 2704; x_wconf 88' lang='lat' dir='ltr'>videtur</span> <span class='ocrx_word' id='word_1_240' title='bbox 409 2683 466 2704; x_wconf 87' lang='lat' dir='ltr'>sua</span> <span class='ocrx_word' id='word_1_241' title='bbox 493 2673 650 2710; x_wconf 85' lang='lat' dir='ltr'>habuisse,</span> <span class='ocrx_word' id='word_1_242' title='bbox 675 2673 731 2704; x_wconf 88' lang='lat' dir='ltr'>lib.</span> <span class='ocrx_word' id='word_1_243' title='bbox 761 2685 790 2704; x_wconf 91' lang='lat' dir='ltr'>v.</span> 
     </span>
     <span class='ocr_line' id='line_1_45' title="bbox 131 2722 790 2763; baseline -0.003 -9"><span class='ocrx_word' id='word_1_244' title='bbox 131 2732 209 2754; x_wconf 81' lang='lat' dir='ltr'>verS.</span> <span class='ocrx_word' id='word_1_245' title='bbox 232 2723 311 2759; x_wconf 80' lang='lat'>602,</span> <span class='ocrx_word' id='word_1_246' title='bbox 336 2722 377 2753; x_wconf 85' lang='lat' dir='ltr'>Et</span> <span class='ocrx_word' id='word_1_247' title='bbox 404 2723 527 2753; x_wconf 81' lang='lat' dir='ltr'>dubium</span> <span class='ocrx_word' id='word_1_248' title='bbox 550 2724 673 2763; x_wconf 73' lang='lat' dir='ltr'>pendet,</span> <span class='ocrx_word' id='word_1_249' title='bbox 705 2730 790 2753; x_wconf 76' lang='lat' dir='ltr'>vento</span> 
     </span>
    </p>
   </div>
   <div class='ocr_carea' id='block_1_9' title="bbox 1457 1148 1520 1192">
    <p class='ocr_par' dir='ltr' id='par_1_16' title="bbox 1457 1148 1520 1192">
     <span class='ocr_line' id='line_1_46' title="bbox 1457 1148 1520 1192; baseline 0 0"><span class='ocrx_word' id='word_1_250' title='bbox 1457 1148 1520 1192; x_wconf 81' lang='lat'>34</span> 
     </span>
    </p>
   </div>
   <div class='ocr_carea' id='block_1_10' title="bbox 848 1295 1527 2712">
    <p class='ocr_par' dir='ltr' id='par_1_17' title="bbox 856 1295 1525 1425">
     <span class='ocr_line' id='line_1_47' title="bbox 857 1295 1525 1336; baseline -0.001 -10"><span class='ocrx_word' id='word_1_251' title='bbox 857 1299 907 1327; x_wconf 83' lang='lat' dir='ltr'>cui</span> <span class='ocrx_word' id='word_1_252' title='bbox 931 1298 1080 1332; x_wconf 81' lang='lat' dir='ltr'>concidat,</span> <span class='ocrx_word' id='word_1_253' title='bbox 1103 1307 1222 1336; x_wconf 77' lang='lat' dir='ltr'>oequor,·</span> <span class='ocrx_word' id='word_1_254' title='bbox 1255 1295 1320 1331; x_wconf 89' lang='lat' dir='ltr'>ubi,</span> <span class='ocrx_word' id='word_1_255' title='bbox 1346 1297 1397 1326; x_wconf 81' lang='lat' dir='ltr'>cui</span> <span class='ocrx_word' id='word_1_256' title='bbox 1416 1302 1525 1335; x_wconf 83' lang='lat' dir='ltr'>pareat</span> 
     </span>
     <span class='ocr_line' id='line_1_48' title="bbox 856 1345 1524 1387; baseline 0.001 -12"><span class='ocrx_word' id='word_1_257' title='bbox 856 1345 1025 1387; x_wconf 86' lang='lat' dir='ltr'>legendum</span> <span class='ocrx_word' id='word_1_258' title='bbox 1047 1355 1125 1381; x_wconf 86' lang='lat' dir='ltr'>esse,</span> <span class='ocrx_word' id='word_1_259' title='bbox 1151 1345 1259 1376; x_wconf 85' lang='lat' dir='ltr'>docuit</span> <span class='ocrx_word' id='word_1_260' title='bbox 1283 1345 1461 1376; x_wconf 86' lang='lat' dir='ltr'>Broukhus.</span> <span class='ocrx_word' id='word_1_261' title='bbox 1483 1345 1524 1376; x_wconf 87' lang='lat' dir='ltr'>ad</span> 
     </span>
     <span class='ocr_line' id='line_1_49' title="bbox 856 1394 1107 1425; baseline 0 -1"><span class='ocrx_word' id='word_1_262' title='bbox 856 1394 975 1425; x_wconf 91' lang='lat' dir='ltr'>Tibull.</span> <span class='ocrx_word' id='word_1_263' title='bbox 992 1394 1012 1424; x_wconf 86' lang='lat' dir='ltr'>i.</span> <span class='ocrx_word' id='word_1_264' title='bbox 1029 1405 1060 1424; x_wconf 90' lang='lat' dir='ltr'>x.</span> <span class='ocrx_word' id='word_1_265' title='bbox 1076 1395 1107 1424; x_wconf 88' lang='lat'>9.</span> 
     </span>
    </p>

    <p class='ocr_par' dir='ltr' id='par_1_18' title="bbox 900 1442 1481 1483">
     <span class='ocr_line' id='line_1_50' title="bbox 900 1442 1481 1483; baseline -0.003 -9"><span class='ocrx_word' id='word_1_266' title='bbox 900 1445 954 1474; x_wconf 80' lang='lat'>28.</span> <span class='ocrx_word' id='word_1_267' title='bbox 978 1444 1049 1474; x_wconf 81' lang='lat' dir='ltr'>Sero</span> <span class='ocrx_word' id='word_1_268' title='bbox 1065 1443 1208 1483; x_wconf 61' lang='lat' dir='ltr'>vespere]</span> <span class='ocrx_word' id='word_1_269' title='bbox 1246 1443 1336 1473; x_wconf 81' lang='lat' dir='ltr'>Sacro</span> <span class='ocrx_word' id='word_1_270' title='bbox 1350 1442 1481 1473; x_wconf 88' lang='lat' dir='ltr'>Junian.</span> 
     </span>
    </p>

    <p class='ocr_par' dir='ltr' id='par_1_19' title="bbox 856 1492 1527 1868">
     <span class='ocr_line' id='line_1_51' title="bbox 901 1492 1527 1533; baseline 0.002 -11"><span class='ocrx_word' id='word_1_271' title='bbox 901 1494 956 1523; x_wconf 78' lang='lat'>29.</span> <span class='ocrx_word' id='word_1_272' title='bbox 983 1493 1067 1523; x_wconf 79' lang='lat' dir='ltr'>Sicca</span> <span class='ocrx_word' id='word_1_273' title='bbox 1093 1493 1214 1533; x_wconf 64' lang='lat' dir='ltr'>Arcto]</span> <span class='ocrx_word' id='word_1_274' title='bbox 1252 1492 1291 1523; x_wconf 89' lang='lat' dir='ltr'>Id</span> <span class='ocrx_word' id='word_1_275' title='bbox 1320 1498 1377 1527; x_wconf 85' lang='lat' dir='ltr'>est,</span> <span class='ocrx_word' id='word_1_276' title='bbox 1402 1494 1527 1532; x_wconf 58' lang='lat' dir='ltr'>(equoris</span> 
     </span>
     <span class='ocr_line' id='line_1_52' title="bbox 858 1541 1526 1582; baseline 0 -10"><span class='ocrx_word' id='word_1_277' title='bbox 858 1549 987 1582; x_wconf 58' lang='lat' dir='ltr'>experte,</span> <span class='ocrx_word' id='word_1_278' title='bbox 1010 1548 1045 1572; x_wconf 89' lang='lat' dir='ltr'>ut</span> <span class='ocrx_word' id='word_1_279' title='bbox 1069 1541 1145 1572; x_wconf 86' lang='lat' dir='ltr'>alibi</span> <span class='ocrx_word' id='word_1_280' title='bbox 1165 1541 1303 1582; x_wconf 90' lang='lat' dir='ltr'>loquitur</span> <span class='ocrx_word' id='word_1_281' title='bbox 1316 1554 1324 1579; x_wconf 83' lang='lat'>;</span> <span class='ocrx_word' id='word_1_282' title='bbox 1347 1541 1395 1572; x_wconf 90' lang='lat' dir='ltr'>vel</span> <span class='ocrx_word' id='word_1_283' title='bbox 1418 1551 1526 1572; x_wconf 89' lang='lat' dir='ltr'>revera</span> 
     </span>
     <span class='ocr_line' id='line_1_53' title="bbox 856 1590 1525 1630; baseline 0 -8"><span class='ocrx_word' id='word_1_284' title='bbox 856 1591 952 1627; x_wconf 85' lang='lat' dir='ltr'>sicca,</span> <span class='ocrx_word' id='word_1_285' title='bbox 978 1596 1013 1622; x_wconf 82' lang='lat' dir='ltr'>ut</span> <span class='ocrx_word' id='word_1_286' title='bbox 1038 1593 1127 1622; x_wconf 79' lang='lat' dir='ltr'>siccos</span> <span class='ocrx_word' id='word_1_287' title='bbox 1155 1592 1318 1630; x_wconf 80' lang='lat' dir='ltr'>Aquilones</span> <span class='ocrx_word' id='word_1_288' title='bbox 1347 1590 1439 1626; x_wconf 83' lang='lat' dir='ltr'>dixit,</span> <span class='ocrx_word' id='word_1_289' title='bbox 1469 1591 1525 1622; x_wconf 89' lang='lat' dir='ltr'>lib.</span> 
     </span>
     <span class='ocr_line' id='line_1_54' title="bbox 858 1639 1521 1682; baseline -0.002 -12"><span class='ocrx_word' id='word_1_290' title='bbox 858 1640 902 1670; x_wconf 91' lang='lat' dir='ltr'>iii.</span> <span class='ocrx_word' id='word_1_291' title='bbox 932 1641 1021 1682; x_wconf 85' lang='lat' dir='ltr'>Eleg.</span> <span class='ocrx_word' id='word_1_292' title='bbox 1051 1652 1081 1671; x_wconf 85' lang='lat' dir='ltr'>x.</span> <span class='ocrx_word' id='word_1_293' title='bbox 1111 1641 1173 1678; x_wconf 80' lang='lat'>533</span> <span class='ocrx_word' id='word_1_294' title='bbox 1208 1639 1373 1674; x_wconf 84' lang='lat' dir='ltr'>Manilius,</span> <span class='ocrx_word' id='word_1_295' title='bbox 1402 1639 1457 1670; x_wconf 91' lang='lat' dir='ltr'>lib.</span> <span class='ocrx_word' id='word_1_296' title='bbox 1487 1640 1521 1669; x_wconf 83' lang='lat' dir='ltr'>i:</span> 
     </span>
     <span class='ocr_line' id='line_1_55' title="bbox 860 1689 1525 1729; baseline -0.002 -10"><span class='ocrx_word' id='word_1_297' title='bbox 860 1691 948 1719; x_wconf 80' lang='lat' dir='ltr'>Alter</span> <span class='ocrx_word' id='word_1_298' title='bbox 961 1691 996 1719; x_wconf 87' lang='lat' dir='ltr'>ub</span> <span class='ocrx_word' id='word_1_299' title='bbox 1008 1691 1118 1720; x_wconf 61' lang='lat' dir='ltr'>excelso</span> <span class='ocrx_word' id='word_1_300' title='bbox 1129 1691 1291 1719; x_wconf 82' lang='lat' dir='ltr'>decurrens</span> <span class='ocrx_word' id='word_1_301' title='bbox 1303 1690 1386 1718; x_wconf 82' lang='lat' dir='ltr'>limes</span> <span class='ocrx_word' id='word_1_302' title='bbox 1400 1689 1525 1729; x_wconf 77' lang='lat' dir='ltr'>Olympo</span> 
     </span>
     <span class='ocr_line' id='line_1_56' title="bbox 860 1738 1524 1778; baseline 0.002 -11"><span class='ocrx_word' id='word_1_303' title='bbox 860 1738 1010 1778; x_wconf 80' lang='lat' dir='ltr'>Serpentis</span> <span class='ocrx_word' id='word_1_304' title='bbox 1022 1741 1159 1773; x_wconf 78' lang='lat' dir='ltr'>caudam,</span> <span class='ocrx_word' id='word_1_305' title='bbox 1172 1740 1263 1768; x_wconf 81' lang='lat' dir='ltr'>siccas</span> <span class='ocrx_word' id='word_1_306' title='bbox 1279 1744 1306 1768; x_wconf 85' lang='lat' dir='ltr'>et</span> <span class='ocrx_word' id='word_1_307' title='bbox 1322 1739 1432 1768; x_wconf 73' lang='lat' dir='ltr'>dividit</span> <span class='ocrx_word' id='word_1_308' title='bbox 1447 1739 1524 1768; x_wconf 83' lang='lat' dir='ltr'>Arc-</span> 
     </span>
     <span class='ocr_line' id='line_1_57' title="bbox 859 1787 1524 1828; baseline 0.002 -10"><span class='ocrx_word' id='word_1_309' title='bbox 859 1794 911 1818; x_wconf 77' lang='lat' dir='ltr'>tos.</span> <span class='ocrx_word' id='word_1_310' title='bbox 933 1789 1009 1819; x_wconf 89' lang='lat' dir='ltr'>Tres</span> <span class='ocrx_word' id='word_1_311' title='bbox 1019 1794 1123 1818; x_wconf 90' lang='lat' dir='ltr'>tamen</span> <span class='ocrx_word' id='word_1_312' title='bbox 1132 1787 1255 1828; x_wconf 85' lang='lat' dir='ltr'>antiqui</span> <span class='ocrx_word' id='word_1_313' title='bbox 1267 1787 1409 1827; x_wconf 76' lang='lat' dir='ltr'>Scythica</span> <span class='ocrx_word' id='word_1_314' title='bbox 1420 1788 1524 1819; x_wconf 84' lang='lat' dir='ltr'>Arcto.</span> 
     </span>
     <span class='ocr_line' id='line_1_58' title="bbox 859 1838 980 1868; baseline 0.008 -1"><span class='ocrx_word' id='word_1_315' title='bbox 859 1838 980 1868; x_wconf 63' lang='lat' dir='ltr'>mes.</span> 
     </span>
    </p>

    <p class='ocr_par' dir='ltr' id='par_1_20' title="bbox 848 1887 1526 2513">
     <span class='ocr_line' id='line_1_59' title="bbox 902 1887 1525 1925; baseline -0.005 -7"><span class='ocrx_word' id='word_1_316' title='bbox 902 1889 954 1918; x_wconf 86' lang='lat'>30.</span> <span class='ocrx_word' id='word_1_317' title='bbox 992 1887 1084 1917; x_wconf 80' lang='lat' dir='ltr'>Nunc</span> <span class='ocrx_word' id='word_1_318' title='bbox 1124 1887 1222 1916; x_wconf 80' lang='lat' dir='ltr'>Notus</span> <span class='ocrx_word' id='word_1_319' title='bbox 1259 1888 1383 1916; x_wconf 72' lang='lat' dir='ltr'>adversa</span> <span class='ocrx_word' id='word_1_320' title='bbox 1417 1887 1525 1925; x_wconf 76' lang='lat' dir='ltr'>proelz’a</span> 
     </span>
     <span class='ocr_line' id='line_1_60' title="bbox 848 1928 1526 1977; baseline 0.001 -13"><span class='ocrx_word' id='word_1_321' title='bbox 848 1936 958 1977; x_wconf 77' lang='lat' dir='ltr'>fronte</span> <span class='ocrx_word' id='word_1_322' title='bbox 972 1936 1080 1977; x_wconf 82' lang='lat' dir='ltr'>gerit.]</span> <span class='ocrx_word' id='word_1_323' title='bbox 1108 1935 1159 1965; x_wconf 84' lang='lat' dir='ltr'>Sic</span> <span class='ocrx_word' id='word_1_324' title='bbox 1185 1928 1308 1965; x_wconf 61' lang='lat' dir='ltr'>venturi</span> <span class='ocrx_word' id='word_1_325' title='bbox 1320 1936 1424 1974; x_wconf 77' lang='lat' dir='ltr'>praelz&#39;u</span> <span class='ocrx_word' id='word_1_326' title='bbox 1444 1937 1526 1965; x_wconf 74' lang='lat' dir='ltr'>venti</span> 
     </span>
     <span class='ocr_line' id='line_1_61' title="bbox 858 1983 1525 2026; baseline -0.001 -11"><span class='ocrx_word' id='word_1_327' title='bbox 858 1985 947 2026; x_wconf 83' lang='lat' dir='ltr'>Virg.</span> <span class='ocrx_word' id='word_1_328' title='bbox 973 1984 1067 2021; x_wconf 82' lang='lat' dir='ltr'>Quod</span> <span class='ocrx_word' id='word_1_329' title='bbox 1086 1984 1228 2024; x_wconf 59' lang='lat' dir='ltr'>Hischyl.</span> <span class='ocrx_word' id='word_1_330' title='bbox 1244 1983 1374 2025; x_wconf 85' lang='lat' dir='ltr'>pulchre</span> <span class='ocrx_word' id='word_1_331' title='bbox 1398 1983 1430 2013; x_wconf 93' lang='lat' dir='ltr'>in</span> <span class='ocrx_word' id='word_1_332' title='bbox 1449 1984 1525 2014; x_wconf 93' lang='lat' dir='ltr'>Pro-</span> 
     </span>
     <span class='ocr_line' id='line_1_62' title="bbox 858 2032 1525 2075; baseline 0 -12"><span class='ocrx_word' id='word_1_333' title='bbox 858 2034 1118 2075; x_wconf 49' lang='grc' dir='ltr'>φρήν-σκιρτᾷ</span> <span class='ocrx_word' id='word_1_334' title='bbox 1131 2032 1156 2063; x_wconf 78' lang='grc' dir='ltr'>δ’</span> <span class='ocrx_word' id='word_1_335' title='bbox 1169 2032 1525 2074; x_wconf 61' lang='grc' dir='ltr'>ὰιιὲμων-Πνεύματα</span> 
     </span>
     <span class='ocr_line' id='line_1_63' title="bbox 859 2080 1524 2119; baseline 0 -7"><span class='ocrx_word' id='word_1_336' title='bbox 859 2081 998 2114; x_wconf 82' lang='grc' dir='ltr'>πάντων</span> <span class='ocrx_word' id='word_1_337' title='bbox 1031 2082 1075 2119; x_wconf 75' lang='grc' dir='ltr'>εἰς</span> <span class='ocrx_word' id='word_1_338' title='bbox 1100 2080 1404 2119; x_wconf 73' lang='grc' dir='ltr'>ἅλληλα-Στάσιν</span> <span class='ocrx_word' id='word_1_339' title='bbox 1433 2081 1524 2113; x_wconf 83' lang='grc' dir='ltr'>ἀντί-</span> 
     </span>
     <span class='ocr_line' id='line_1_64' title="bbox 859 2130 1524 2172; baseline 0 -10"><span class='ocrx_word' id='word_1_340' title='bbox 859 2144 968 2164; x_wconf 86' lang='grc' dir='ltr'>πνουν</span> <span class='ocrx_word' id='word_1_341' title='bbox 979 2131 1253 2172; x_wconf 67' lang='grc' dir='ltr'>ἀποδεικνύμενα.</span> <span class='ocrx_word' id='word_1_342' title='bbox 1286 2132 1394 2170; x_wconf 73' lang='lat' dir='ltr'>Alpini</span> <span class='ocrx_word' id='word_1_343' title='bbox 1411 2130 1524 2168; x_wconf 75' lang='lat' dir='ltr'>Boreoe,</span> 
     </span>
     <span class='ocr_line' id='line_1_65' title="bbox 858 2181 1526 2221; baseline -0.001 -10"><span class='ocrx_word' id='word_1_344' title='bbox 858 2193 941 2211; x_wconf 73' lang='lat' dir='ltr'>nunc</span> <span class='ocrx_word' id='word_1_345' title='bbox 964 2182 1045 2216; x_wconf 78' lang='lat' dir='ltr'>hinc,</span> <span class='ocrx_word' id='word_1_346' title='bbox 1063 2192 1145 2211; x_wconf 80' lang='lat' dir='ltr'>nunc</span> <span class='ocrx_word' id='word_1_347' title='bbox 1155 2181 1288 2221; x_wconf 78' lang='lat' dir='ltr'>flatibus</span> <span class='ocrx_word' id='word_1_348' title='bbox 1311 2182 1526 2211; x_wconf 78' lang='lat' dir='ltr'>illinc—inter</span> 
     </span>
     <span class='ocr_line' id='line_1_66' title="bbox 858 2229 1525 2270; baseline 0 -10"><span class='ocrx_word' id='word_1_349' title='bbox 858 2242 886 2261; x_wconf 85' lang='lat' dir='ltr'>se</span> <span class='ocrx_word' id='word_1_350' title='bbox 911 2237 1055 2267; x_wconf 44' lang='lat' dir='ltr'>certunm·</span> <span class='ocrx_word' id='word_1_351' title='bbox 1088 2230 1180 2270; x_wconf 78' lang='lat' dir='ltr'>Virg.</span> <span class='ocrx_word' id='word_1_352' title='bbox 1206 2229 1248 2260; x_wconf 90' lang='lat' dir='ltr'>iv.</span> <span class='ocrx_word' id='word_1_353' title='bbox 1275 2230 1353 2259; x_wconf 85' lang='lat' dir='ltr'>AEn.</span> <span class='ocrx_word' id='word_1_354' title='bbox 1382 2230 1457 2259; x_wconf 82' lang='lat'>442.</span> <span class='ocrx_word' id='word_1_355' title='bbox 1486 2230 1525 2260; x_wconf 91' lang='lat' dir='ltr'>Id</span> 
     </span>
     <span class='ocr_line' id='line_1_67' title="bbox 859 2277 1525 2321; baseline 0 -11"><span class='ocrx_word' id='word_1_356' title='bbox 859 2280 943 2321; x_wconf 87' lang='lat' dir='ltr'>quod</span> <span class='ocrx_word' id='word_1_357' title='bbox 963 2291 1000 2310; x_wconf 89' lang='lat' dir='ltr'>ex</span> <span class='ocrx_word' id='word_1_358' title='bbox 1017 2279 1147 2321; x_wconf 90' lang='lat' dir='ltr'>perenni</span> <span class='ocrx_word' id='word_1_359' title='bbox 1163 2279 1263 2309; x_wconf 84' lang='lat' dir='ltr'>sonte:</span> <span class='ocrx_word' id='word_1_360' title='bbox 1289 2277 1346 2315; x_wconf 78' lang='grc' dir='ltr'>Ὡς</span> <span class='ocrx_word' id='word_1_361' title='bbox 1368 2277 1392 2308; x_wconf 74' lang='grc' dir='ltr'>δ’</span> <span class='ocrx_word' id='word_1_362' title='bbox 1411 2279 1525 2321; x_wconf 77' lang='grc' dir='ltr'>ἄνεμοι</span> 
     </span>
     <span class='ocr_line' id='line_1_68' title="bbox 857 2327 1524 2370; baseline -0.001 -11"><span class='ocrx_word' id='word_1_363' title='bbox 857 2328 915 2360; x_wconf 74' lang='grc' dir='ltr'>δύο</span> <span class='ocrx_word' id='word_1_364' title='bbox 936 2330 1070 2362; x_wconf 82' lang='grc' dir='ltr'>Πόντον</span> <span class='ocrx_word' id='word_1_365' title='bbox 1089 2328 1236 2370; x_wconf 79' lang='grc' dir='ltr'>ὀρίνετον</span> <span class='ocrx_word' id='word_1_366' title='bbox 1257 2327 1443 2368; x_wconf 84' lang='grc' dir='ltr'>ἰχθυόεντα,</span> <span class='ocrx_word' id='word_1_367' title='bbox 1466 2331 1524 2359; x_wconf 88' lang='grc' dir='ltr'>Βο-</span> 
     </span>
     <span class='ocr_line' id='line_1_69' title="bbox 854 2375 1521 2420; baseline -0.001 -11"><span class='ocrx_word' id='word_1_368' title='bbox 854 2378 928 2420; x_wconf 81' lang='grc' dir='ltr'>ρέης</span> <span class='ocrx_word' id='word_1_369' title='bbox 955 2379 1007 2409; x_wconf 82' lang='grc' dir='ltr'>καὶ</span> <span class='ocrx_word' id='word_1_370' title='bbox 1039 2377 1187 2420; x_wconf 79' lang='grc' dir='ltr'>Ζέφυρος,</span> <span class='ocrx_word' id='word_1_371' title='bbox 1216 2378 1262 2408; x_wconf 86' lang='grc' dir='ltr'>τώ</span> <span class='ocrx_word' id='word_1_372' title='bbox 1290 2389 1323 2408; x_wconf 85' lang='grc' dir='ltr'>τε</span> <span class='ocrx_word' id='word_1_373' title='bbox 1352 2375 1521 2419; x_wconf 69' lang='grc' dir='ltr'>Θρῄκηθεν</span> 
     </span>
     <span class='ocr_line' id='line_1_70' title="bbox 855 2426 1523 2467; baseline -0.003 -8"><span class='ocrx_word' id='word_1_374' title='bbox 855 2429 961 2467; x_wconf 83' lang='grc' dir='ltr'>ἄητον</span> <span class='ocrx_word' id='word_1_375' title='bbox 985 2428 1136 2458; x_wconf 84' lang='grc' dir='ltr'>Ἐλθόντ’</span> <span class='ocrx_word' id='word_1_376' title='bbox 1168 2426 1340 2464; x_wconf 78' lang='grc' dir='ltr'>ἐξαπίνης,</span> <span class='ocrx_word' id='word_1_377' title='bbox 1367 2427 1427 2457; x_wconf 70' lang='grc' dir='ltr'>ἃς.</span> <span class='ocrx_word' id='word_1_378' title='bbox 1457 2427 1523 2457; x_wconf 86' lang='lat' dir='ltr'>Ho-</span> 
     </span>
     <span class='ocr_line' id='line_1_71' title="bbox 856 2476 1300 2513; baseline -0.005 -6"><span class='ocrx_word' id='word_1_379' title='bbox 856 2488 969 2513; x_wconf 90' lang='lat' dir='ltr'>merus,</span> <span class='ocrx_word' id='word_1_380' title='bbox 983 2476 1077 2507; x_wconf 84' lang='lat' dir='ltr'>Iliad.</span> <span class='ocrx_word' id='word_1_381' title='bbox 1092 2476 1113 2507; x_wconf 89' lang='lat' dir='ltr'>i.</span> <span class='ocrx_word' id='word_1_382' title='bbox 1129 2486 1148 2506; x_wconf 86' lang='lat' dir='ltr'>a</span> <span class='ocrx_word' id='word_1_383' title='bbox 1162 2486 1253 2506; x_wconf 90' lang='lat' dir='ltr'>versu</span> <span class='ocrx_word' id='word_1_384' title='bbox 1270 2476 1300 2505; x_wconf 86' lang='lat'>4.</span> 
     </span>
    </p>

    <p class='ocr_par' dir='ltr' id='par_1_21' title="bbox 855 2523 1523 2712">
     <span class='ocr_line' id='line_1_72' title="bbox 900 2523 1523 2564; baseline -0.005 -7"><span class='ocrx_word' id='word_1_385' title='bbox 900 2527 953 2557; x_wconf 89' lang='lat'>33.</span> <span class='ocrx_word' id='word_1_386' title='bbox 978 2525 1042 2556; x_wconf 83' lang='lat' dir='ltr'>Nec</span> <span class='ocrx_word' id='word_1_387' title='bbox 1065 2536 1126 2564; x_wconf 79' lang='lat' dir='ltr'>spes</span> <span class='ocrx_word' id='word_1_388' title='bbox 1146 2531 1187 2555; x_wconf 84' lang='lat' dir='ltr'>est</span> <span class='ocrx_word' id='word_1_389' title='bbox 1205 2526 1273 2554; x_wconf 82' lang='lat' dir='ltr'>ulla</span> <span class='ocrx_word' id='word_1_390' title='bbox 1292 2523 1429 2564; x_wconf 70' lang='lat' dir='ltr'>salutis]</span> <span class='ocrx_word' id='word_1_391' title='bbox 1458 2523 1523 2555; x_wconf 90' lang='lat' dir='ltr'>Nec</span> 
     </span>
     <span class='ocr_line' id='line_1_73' title="bbox 855 2572 1522 2615; baseline -0.003 -9"><span class='ocrx_word' id='word_1_392' title='bbox 855 2586 927 2615; x_wconf 82' lang='lat' dir='ltr'>spes,</span> <span class='ocrx_word' id='word_1_393' title='bbox 937 2577 994 2605; x_wconf 78' lang='lat' dir='ltr'>uisi</span> <span class='ocrx_word' id='word_1_394' title='bbox 1009 2586 1099 2610; x_wconf 80' lang='lat' dir='ltr'>vana,</span> <span class='ocrx_word' id='word_1_395' title='bbox 1109 2575 1217 2604; x_wconf 80' lang='lat' dir='ltr'>salutis</span> <span class='ocrx_word' id='word_1_396' title='bbox 1228 2572 1420 2604; x_wconf 87' lang='lat' dir='ltr'>Combianus</span> <span class='ocrx_word' id='word_1_397' title='bbox 1430 2573 1522 2610; x_wconf 87' lang='lat' dir='ltr'>liber,</span> 
     </span>
     <span class='ocr_line' id='line_1_74' title="bbox 856 2620 1521 2663; baseline -0.002 -9"><span class='ocrx_word' id='word_1_398' title='bbox 856 2625 955 2655; x_wconf 89' lang='lat' dir='ltr'>multo</span> <span class='ocrx_word' id='word_1_399' title='bbox 976 2622 1187 2654; x_wconf 87' lang='lat' dir='ltr'>numerosius:</span> <span class='ocrx_word' id='word_1_400' title='bbox 1211 2622 1356 2662; x_wconf 84' lang='lat' dir='ltr'>legebam</span> <span class='ocrx_word' id='word_1_401' title='bbox 1375 2620 1521 2663; x_wconf 79' lang='lat' dir='ltr'>aliquan-</span> 
     </span>
     <span class='ocr_line' id='line_1_75' title="bbox 856 2671 1420 2712; baseline -0.005 -8"><span class='ocrx_word' id='word_1_402' title='bbox 856 2673 909 2709; x_wconf 88' lang='lat' dir='ltr'>do,</span> <span class='ocrx_word' id='word_1_403' title='bbox 927 2684 977 2703; x_wconf 80' lang='lat' dir='ltr'>nes</span> <span class='ocrx_word' id='word_1_404' title='bbox 999 2683 1059 2712; x_wconf 83' lang='lat' dir='ltr'>spes</span> <span class='ocrx_word' id='word_1_405' title='bbox 1074 2683 1162 2712; x_wconf 81' lang='lat' dir='ltr'>super</span> <span class='ocrx_word' id='word_1_406' title='bbox 1177 2672 1243 2702; x_wconf 86' lang='lat' dir='ltr'>ulla</span> <span class='ocrx_word' id='word_1_407' title='bbox 1258 2671 1353 2702; x_wconf 81' lang='lat' dir='ltr'>saluti</span> <span class='ocrx_word' id='word_1_408' title='bbox 1367 2677 1420 2702; x_wconf 85' lang='lat' dir='ltr'>est.</span> 
     </span>
    </p>
   </div>
   <div class='ocr_carea' id='block_1_11' title="bbox 945 2775 1006 2805">
    <p class='ocr_par' dir='ltr' id='par_1_22' title="bbox 945 2775 1006 2805">
     <span class='ocr_line' id='line_1_76' title="bbox 945 2775 1006 2805; baseline -0.016 0"><span class='ocrx_word' id='word_1_409' title='bbox 945 2775 1006 2805; x_wconf 83' lang='lat' dir='ltr'>L2</span> 
     </span>
    </p>
   </div>
  </div>
 </body>
</html>
