1760 3172
235 186 320 229 148

628 184 679 224 Ρ.
713 182 927 225 OVIDlI
961 181 1242 224 NASONIS

242 301 508 365 Opprimet
538 299 663 346 hanc
703 298 918 345 animam
948 289 1484 367 fluctusif‘frustraque
1517 312 1627 359 pre-

310 377 411 425 Ore
438 383 698 424 necaturas
725 374 1028 438 accipiemus
1055 388 1229 436 aquas.

1472 373 1628 433 canu]

238 454 306 501 At
330 454 412 518 pia
435 454 503 500 nil
528 453 661 500 aliud
686 467 837 515 quam
863 466 942 497 me
966 450 1102 497 dolet
1126 450 1299 497 exsule
1325 451 1507 513 conjux
1527 468 1536 498 :

306 529 418 577 Hoc
442 545 592 577 unum
617 529 771 576 nostri
797 528 991 590 scitque
1017 526 1273 589 gemitque
1299 527 1430 574 mali.

240 606 418 654 Nescit
442 607 489 653 in
517 607 758 653 immenso
774 605 951 668 jactari
978 620 1186 668 corpora
1209 612 1391 667 pont03

306 683 484 731 Nescit
508 683 587 746 agi
612 681 801 738 ventis;
842 681 1003 729 nescit
1027 681 1204 728 adesse
1229 696 1418 728 necem.
1563 684 1628 728 40

239 760 303 807 Di
319 761 463 815 bene,
477 760 612 822 quod
627 775 724 806 non
742 775 851 806 sum
867 774 1064 806 mecum
1080 758 1415 806 conscendere
1432 774 1626 822 passuS,

305 837 384 884 Ne
410 836 529 884 mihi
555 852 686 884 mors
711 835 891 882 misero
917 835 993 881 bis
1020 834 1257 898 patienda
1279 833 1430 881 foret!

236 914 306 961 At
328 930 477 969 nunc,
505 921 560 960 ut
584 929 801 977 peream,
829 912 1065 976 quoniam
1090 920 1227 959 caret
1250 911 1335 959 illa
1357 911 1560 975 periclo,

304 990 525 1038 Dimidia
549 998 684 1038 certe
710 996 849 1052 parte
875 996 1130 1052 superstes
1157 1004 1256 1036 ero.
1356 990 1363 995 “
1563 990 1626 1034 44

236 1066 334 1114 Hei
359 1067 505 1114 mihi!
547 1082 698 1130 quam
724 1066 873 1115 celeri
898 1067 1180 1114 micuerunt
1204 1065 1375 1113 nubila
1398 1065 1624 1113 flamma!

303 1143 532 1198 Quantus
558 1144 620 1191 ab
644 1144 845 1191 aetherio
870 1152 1106 1207 personat
1130 1160 1223 1192 axc
1245 1143 1433 1205 fragor!

236 1219 345 1268 Nec
372 1220 526 1267 levius
552 1221 762 1267 laterum
788 1221 970 1269 tabulae
996 1221 1236 1268 feriuntur
1261 1221 1323 1267 ab
1350 1220 1512 1275 undis,

301 1296 465 1351 Quam
491 1312 638 1359 grave
662 1296 855 1343 balistae
882 1297 1064 1344 moenia
1087 1297 1254 1361 pulsat
1278 1312 1420 1343 onus.

236 1372 335 1427 Qui
359 1373 494 1420 venit
517 1372 597 1419 hic
623 1373 823 1429 fluctus,
849 1373 1031 1421 fluctus
1057 1373 1394 1438 supereminet
1417 1389 1590 1421 omnes
1611 1390 1623 1429 ;

301 1449 556 1497 Posterior
579 1465 709 1497 nono
735 1458 828 1505 est,
856 1451 1225 1514 undecimoque
1251 1450 1398 1513 prior.
1562 1452 1626 1497 50

235 1525 282 1572 N
289 1542 345 1573 ec
372 1527 525 1574 letum
550 1527 729 1574 timeo:
770 1543 927 1589 genus
953 1535 1031 1575 est
1053 1526 1336 1574 miserabile
1360 1525 1463 1573 leti.

302 1603 502 1651 Demite
527 1603 854 1666 naufragium,
882 1620 1014 1651 mors
1040 1605 1161 1650 mihi
1185 1619 1364 1650 munus
1389 1602 1498 1650 erit.

277 1736 330 1767 36.
346 1735 405 1766 Ore
416 1742 578 1767 necaturas
587 1738 764 1776 accipiemus
773 1737 893 1777 aquas.]

233 1785 322 1816 Bona
330 1785 446 1816 locutio
455 1797 463 1823 3
477 1785 522 1816 sic
532 1785 620 1826 Virg.
628 1786 669 1816 vi.
681 1786 807 1818 AEneid.
816 1787 894 1817 413:

280 1835 403 1864 Gemuit
418 1836 471 1864 sub
485 1836 617 1873 pondere
631 1836 736 1875 cymba

320 1884 440 1919 Sutilis,
457 1890 485 1914 et
507 1885 633 1914 multam
657 1886 770 1924 accepit
790 1887 894 1915 rimosa

357 1934 502 1972 paludem
514 1945 524 1969 ,-

235 1986 266 2011 et
282 1980 326 2011 iii.
342 1982 417 2012 AEn.
433 1982 507 2012 242.

276 2030 334 2061 Sed
349 2041 440 2071 neque
452 2033 509 2061 vim
520 2032 631 2070 plumis
643 2032 750 2067 ullam,
762 2042 814 2062 nec
831 2032 896 2061 rul-

360 2090 433 2110 nera
450 2086 534 2121 tergo

318 2128 496 2168 Accipiunt.

276 2177 328 2207 41.
355 2177 381 2206 Ο
400 2177 498 2218 bena]
527 2177 570 2207 Di
591 2178 660 2208 bene
678 2184 748 2209 octo
767 2184 821 2209 aut
841 2189 890 2209 no·

231 2235 301 2257 vem
317 2235 355 2256 ex
371 2226 573 2264 melioribus3
596 2227 640 2257 ita
655 2227 783 2263 Statius,
799 2227 894 2258 Clau-

231 2275 354 2311 dianus,
366 2275 535 2312 Ausonius,
547 2281 579 2306 et
594 2275 648 2307 alii
662 2288 669 2306 :
695 2276 850 2317 quomodo
864 2283 894 2308 et

233 2323 276 2355 Di
292 2325 398 2355 melius
411 2330 443 2356 et
461 2324 504 2354 Di
520 2326 652 2356 meliora.
696 2325 816 2357 Hmss.

275 2375 328 2404 43.
351 2375 393 2404 At
411 2385 491 2404 nunc
515 2380 548 2404 ut
562 2374 710 2414 peream]
739 2374 893 2411 Quamvis

230 2422 393 2463 naufragio
402 2422 478 2452 mihi
489 2422 554 2453 vita
567 2422 732 2458 adimatur,
742 2422 891 2454 incolumi

231 2482 301 2502 mea
316 2482 422 2506 uxore,
438 2473 543 2502 vivere
560 2471 688 2513 quidem
710 2471 785 2502 mihi
803 2472 889 2504 vide-

230 2521 335 2551 debor.
382 2520 474 2552 Cior.

273 2571 326 2601 48.
357 2570 458 2602 Grave
485 2581 559 2602 onus
591 2570 732 2611 balistam]
773 2570 892 2602 Gravia

229 2619 367 2660 pondera
393 2625 424 2650 et
447 2630 534 2656 saxa,
559 2630 630 2662 quae
654 2619 814 2652 vibrantur
832 2620 889 2651 ba-

228 2667 316 2698 listis.
361 2668 417 2699 Est
431 2675 537 2700 autem
550 2670 669 2705 balista,
685 2674 887 2705 tormentum,

230 2726 291 2757 quo
301 2726 376 2747 saxa
388 2717 506 2758 majora
517 2723 546 2747 et
556 2717 697 2758 graviora
707 2717 887 2748 mittuntur:

964 1736 1036 1768 vide
1053 1737 1177 1768 Vitruv.
1200 1736 1256 1768 lib.
1275 1747 1307 1767 x.
1332 1746 1402 1778 cap.
1421 1736 1480 1774 16;
1511 1735 1626 1777 Veget.

964 1787 1019 1817 lib.
1034 1786 1076 1818 iv.
1092 1796 1161 1828 cap.
1177 1787 1230 1816 22.
1380 1822 1389 1830 θ

1008 1836 1060 1866 50.
1086 1836 1237 1866 Posterior
1257 1846 1332 1866 mmo
1345 1841 1398 1870 est,
1413 1835 1626 1875 undecimoque

962 1884 1077 1925 priam]
1107 1884 1253 1915 Fluctum
1266 1883 1426 1925 intelligit,
1441 1893 1533 1925 quem
1549 1894 1624 1925 poe-

963 1940 1002 1964 tae
1033 1935 1179 1964 decimum
1207 1933 1271 1964 sive
1295 1935 1493 1964 decumanum
1516 1933 1624 1974 appel-

964 1982 1042 2018 lant,
1058 1982 1112 2024 qui
1135 1981 1291 2013 maximus
1309 1992 1375 2013 esse
1396 1982 1485 2013 solet.
1530 1982 1623 2013 Unde

962 2033 1156 2062 decumanam
1185 2031 1280 2062 etiam
1307 2037 1423 2071 portam
1452 2031 1484 2062 in
1514 2033 1624 2062 castris

962 2080 1142 2116 maximam,
1164 2085 1195 2111 et
1219 2080 1258 2111 ab
1284 2080 1370 2112 hoste
1395 2090 1547 2116 aversam,
1568 2090 1623 2122 ap·

961 2129 1061 2171 pellat
1090 2129 1216 2160 Livius:
1257 2129 1327 2160 vide
1354 2135 1386 2160 et
1414 2129 1561 2161 Politian.
1590 2130 1622 2161 in

962 2178 1143 2210 Miscellan.
1157 2179 1199 2209 vi.

1005 2228 1057 2259 51.
1083 2228 1150 2258 Non
1168 2229 1259 2258 letum
1280 2228 1392 2268 timea]
1421 2228 1484 2258 Nec
1502 2228 1621 2270 scripti.

963 2275 1080 2308 Htrxs.
1105 2277 1209 2308 Genus
1219 2283 1259 2307 est
1270 2278 1433 2308 miserabile
1442 2279 1504 2308 leti.
1516 2278 1621 2310 Grave

963 2326 1046 2356 enim
1063 2327 1116 2366 (ut
1130 2325 1223 2357 docet
1237 2326 1408 2364 Homerus)
1423 2327 1523 2368 perire
1544 2337 1621 2358 nau-

962 2373 1080 2415 fragio:
1106 2373 1181 2415 quia
1204 2375 1309 2406 anima
1330 2374 1424 2415 ignea
1446 2380 1504 2411 est,
1519 2382 1550 2406 et
1566 2386 1620 2407 ex-

960 2422 1078 2463 stingui
1092 2422 1214 2454 videtur
1228 2423 1260 2454 in
1271 2434 1363 2465 aqua,
1378 2424 1533 2455 elemento
1547 2434 1620 2455 con-

959 2471 1073 2509 trasio;
1098 2478 1165 2502 tum
1181 2472 1255 2513 quia
1273 2473 1316 2504 sic
1338 2472 1505 2504 morientes
1522 2473 1617 2515 pisci-

960 2521 1018 2552 bus
1033 2532 1105 2553 esca
1117 2521 1206 2557 flunt,
1219 2532 1275 2553 nec
1287 2523 1409 2554 tumulo
1419 2523 1620 2556 mandantur.

960 2570 1077 2601 AMAR.
1103 2571 1184 2602 Vide
1195 2577 1227 2602 et
1238 2571 1367 2603 Aristot.
1382 2571 1458 2603 Eth.
1475 2571 1548 2603 Nic.
1564 2572 1619 2604 lib.

959 2620 989 2649 3.
1003 2629 1031 2650 c.
1048 2620 1078 2650 6.

1001 2669 1054 2700 52.
1080 2667 1162 2698 Mors
1179 2668 1252 2698 mihi
1267 2679 1376 2699 munus
1389 2668 1474 2709 erin]
1498 2669 1619 2701 Seneca

958 2717 988 2747 in
1005 2717 1120 2758 Agam.
1142 2717 1221 2747 Mar-s
1237 2718 1308 2747 mihi
1323 2720 1381 2748 erit
1398 2720 1553 2749 securitas.
