1760 3172
403 184 592 226 ARTIS
623 183 981 226 AMATORIAE
1015 184 1135 225 LIB.
1169 184 1260 226 ΙΙΙ.
1472 184 1530 224 55

129 299 220 347 Illo
245 300 515 364 praecipue,
544 316 606 347 ne
631 300 699 346 sis
724 315 935 355 morosa,
963 305 1138 346 caveto

191 376 437 441 Tempore
459 393 470 425 ε
509 393 602 424 nec
627 377 794 440 lapsas
821 392 956 440 saepe
982 376 1171 423 resolve
1198 391 1383 423 comas.

126 453 256 501 Tuta
279 455 344 501 sit
368 454 606 501 ornatrix.
645 453 743 510 odi,
772 470 885 517 quae
912 453 1103 501 sauciat
1126 468 1212 500 ora

192 530 474 594 Unguibus,
501 538 553 578 et
575 531 718 594 rapta
742 531 948 578 brachia
971 530 1080 593 figit
1104 545 1214 577 acu.
1418 532 1517 576 240

127 606 366 665 Devovet,
394 615 446 656 et
468 608 683 655 dominae
707 608 868 670 tangit
891 615 1045 671 caput
1068 606 1180 654 illa:
1222 605 1472 668 simulque

193 684 366 733 Plorat
389 686 452 733 ad
476 686 660 734 invisas
686 686 1069 748 sanguinolenta
1092 700 1280 732 comas.

128 761 254 817 Quae
291 763 420 810 male
446 763 624 810 crinita
647 763 1029 818 est„custodem
1050 762 1100 809 in
1124 761 1294 809 limine
1319 767 1500 825 ponat3

195 838 473 891 Orneturve
503 839 661 887 Bonae
687 855 886 903 semper
909 839 959 886 in
985 839 1093 886 aede
1118 838 1261 886 Deae.

132 916 310 964 Dictus
336 908 472 965 eram
497 917 696 965 cuidam
722 917 890 964 subito
915 917 1112 965 venisse
1136 917 1346 980 puellae3
1427 918 1526 962 245

196 993 419 1042 Turbida
442 1011 700 1060 perversas
726 995 889 1043 induit
912 995 998 1043 illa
1021 1011 1208 1043 comas.

130 1069 374 1119 Hostibus
399 1073 594 1120 eveniat
617 1079 720 1120 tam
745 1072 863 1119 foedi
888 1088 1068 1120 caussa
1092 1071 1325 1136 pudoris;

196 1147 358 1212 Inque
383 1165 536 1196 nurus
562 1149 777 1197 Parthas
803 1150 1025 1197 dedecus
1050 1150 1173 1196 illud
1200 1156 1296 1196 eat.
1374 1148 1490 1211 [pus
1514 1163 1523 1194 :

131 1225 298 1289 Turpe
313 1242 468 1290 pecus
484 1227 738 1275 mutilum:
770 1233 916 1291 turpe
933 1235 1010 1275 est
1031 1228 1137 1274 sine
1154 1226 1377 1290 gramine
1393 1240 1525 1271 cam-

196 1302 264 1350 Et
288 1303 394 1351 sine
418 1303 592 1352 fronde
616 1303 782 1352 frutex
803 1323 814 1362 ;
856 1313 906 1353 et
930 1306 1036 1352 sine
1062 1305 1197 1352 crine
1222 1310 1390 1367 caput.
1429 1304 1528 1349 250

134 1379 251 1427 Non
275 1381 396 1427 mihi
421 1380 643 1438 venistis,
675 1382 890 1439 Semele,
920 1383 1132 1438 Ledeve,
1160 1381 1431 1429 docendae:

198 1456 399 1521 Perque
423 1458 605 1507 fretum
630 1459 770 1517 falso,
801 1461 992 1517 Sidoni,
1019 1467 1163 1508 vecta
1186 1460 1330 1507 bove.

132 1533 236 1582 Aut
260 1534 473 1593 Helene,
501 1553 653 1601 quam
678 1554 778 1585 non
807 1539 978 1594 stulte,
1007 1537 1253 1593 Menelae,
1281 1536 1531 1600 reposcis3

199 1611 276 1659 Tu
302 1629 506 1678 quoque
531 1630 631 1662 non
656 1616 824 1673 stulte,
852 1615 999 1664 Troie
1024 1623 1208 1680 raptor,
1235 1614 1409 1661 habes.

133 1688 300 1737 Turba
323 1690 552 1739 docenda
575 1693 726 1749 venit,
753 1693 975 1757 pulchrae
1001 1700 1277 1757 turpesque
1302 1690 1499 1755 puellae,

200 1766 454 1832 Pluraque
480 1778 597 1818 sunt
622 1786 821 1834 semper
846 1769 1096 1818 deteriora
1119 1769 1281 1816 bonis.
1434 1770 1530 1814 256

135 1843 383 1892 Formosae
409 1846 572 1893 minus
599 1847 717 1894 artis
743 1862 891 1911 opem
915 1853 1272 1911 praeceptaque
1297 1851 1474 1892 curant
1495 1862 1506 1892 ς

201 1919 295 1968 Est
317 1922 414 1970 illis
440 1939 531 1971 sua
554 1925 662 1979 dos,
690 1924 847 1971 forma
872 1924 977 1971 sine
1003 1931 1108 1972 arte
1134 1929 1330 1987 potens.

138 1999 269 2048 Cum
293 2016 429 2048 mare
453 2002 788 2066 compositum
810 2009 902 2059 est,
927 2017 1132 2050 securus
1159 2000 1325 2047 navita
1350 2005 1532 2054 cessat,

203 2077 335 2125 Cum
358 2085 534 2136 tumet,
563 2079 760 2127 auxiliis
787 2079 984 2127 adsidet
1008 2078 1090 2125 ille
1117 2077 1237 2124 suis.
1434 2079 1533 2122 260

180 2242 255 2273 244.
280 2242 452 2274 Orneturve
464 2242 554 2274 Bonae
570 2255 681 2286 semper
695 2247 727 2275 in
743 2247 804 2275 oede

140 2290 238 2332 Deae.]
263 2291 336 2328 Quo
350 2291 490 2323 maribus
503 2292 589 2323 adire
602 2304 665 2324 non
676 2294 804 2325 licebat.

139 2340 223 2371 Hinc
247 2340 404 2378 Tibullus,
427 2341 485 2372 lib.
510 2341 534 2372 i.
559 2343 651 2384 Eleg.
674 2343 729 2374 vii.
751 2345 804 2374 22.

140 2389 233 2421 Sacra
246 2390 336 2421 Bonae
349 2392 479 2422 maribus
496 2403 553 2422 non
569 2394 709 2423 adeunda
722 2393 804 2424 Deae.

140 2438 162 2478 ἡ
187 2440 258 2478 θεὸς
278 2441 450 2482 γυναικεία
474 2441 595 2472 Graecis
621 2442 706 2484 apud
732 2443 805 2473 Ma-

142 2489 293 2526 crobium‚
308 2490 366 2521 lib.
383 2491 405 2522 i.
419 2501 490 2533 cap.
509 2492 559 2522 11.
576 2491 610 2522 in
631 2492 805 2523 Saturnali-

139 2537 200 2569 bus
214 2538 339 2576 dicitur‚
355 2540 409 2581 qui
424 2540 526 2571 multa
544 2541 584 2571 de
605 2540 719 2582 opertis
739 2541 807 2582 ejus

141 2587 237 2619 sacris
253 2587 286 2618 in
305 2589 409 2620 lucem
427 2589 554 2632 profert.
601 2591 680 2621 Haec
700 2591 809 2621 Fauna

144 2635 243 2667 Fatua
270 2638 371 2669 Fauni
399 2649 477 2670 uxor
503 2644 534 2670 et
558 2650 652 2670 soror.
690 2640 809 2671 mes.

142 2684 254 2716 Douza
264 2686 333 2717 haec
346 2687 390 2718 ita
406 2688 563 2730 capiebat,
579 2699 641 2719 non
657 2688 745 2730 quasi
763 2700 808 2719 re-

139 2744 214 2766 vera
234 2734 267 2768 in
284 2736 352 2768 aede
372 2737 470 2770 Bonae
487 2738 567 2769 Deae
587 2749 620 2770 se
638 2744 738 2775 ornet,
756 2739 811 2770 sed

873 2244 962 2286 quasi
984 2242 1069 2274 domi
1095 2254 1127 2274 se
1149 2242 1250 2273 ornari
1273 2240 1485 2276 dissimulans,
1506 2241 1538 2270 in

872 2293 990 2335 templo
1000 2304 1032 2324 se
1049 2303 1116 2323 esse
1128 2291 1330 2322 Amatoribus
1339 2289 1538 2331 persuadeat,

873 2342 927 2374 ubi
947 2342 1122 2384 periculum
1146 2351 1208 2372 non
1227 2346 1303 2375 erat,
1320 2350 1358 2370 ne
1377 2350 1396 2369 a
1415 2339 1539 2380 procaci

873 2393 966 2423 turba
987 2391 1043 2421 illa
1066 2391 1220 2433 juvenum
1243 2388 1540 2430 deprehenderetur,

874 2448 908 2473 ut
934 2441 1049 2483 quibus
1075 2441 1121 2471 fas
1144 2451 1206 2471 non
1233 2445 1299 2470 erat
1322 2438 1378 2468 illo
1404 2437 1541 2468 introire.

874 2502 932 2533 ego
951 2491 1154 2533 explicarem,
1179 2494 1304 2519 ornetur
1328 2487 1412 2517 domi
1436 2486 1468 2516 in
1493 2497 1542 2517 se-

875 2546 961 2571 creta
983 2545 1082 2581 parte,
1106 2545 1269 2579 tamquam
1292 2537 1324 2566 in
1348 2536 1416 2567 aede
1442 2537 1540 2567 Bonae

877 2589 968 2625 Deae,
997 2594 1029 2618 et
1056 2587 1213 2618 neminem
1241 2585 1398 2616 admittat.
1445 2585 1542 2615 Orne-

877 2645 986 2679 ται-(μω
1002 2637 1138 2668 Palatin.
1155 2643 1185 2667 et
1201 2637 1352 2667 Bernens.
1398 2636 1518 2666 Bmm.

921 2688 995 2719 252.
1022 2687 1110 2717 Falso
1133 2685 1227 2726 bora]
1255 2685 1349 2715 Flavo
1370 2685 1547 2716 Palatinus.

879 2737 974 2770 male.
993 2737 1057 2768 vid.
1073 2737 1094 2768 i.
1110 2736 1216 2767 Amor.
1233 2735 1277 2767 iii.
1293 2736 1349 2767 23.

965 2791 992 2821 Ε
1014 2791 1032 2820 4
