1760 3172
186 168 270 209 ⁶228

582 168 631 208 Ρ.
665 167 877 209 0V1D11
914 167 1194 209 NASONIS

194 284 245 329 Si
266 285 372 344 jain
397 283 597 330 deficiat
623 284 890 346 subpresso
918 282 1088 345 lingua
1114 283 1297 346 palato,

258 360 356 406 Vix
382 360 622 407 instillato
648 359 959 407 restituenda
985 375 1150 415 mero;

195 436 406 484 Nuntiet
430 437 527 483 huc
555 436 734 498 aliquis
760 436 1014 482 dominam
1038 435 1250 490 venisse,
1278 449 1561 495 resurgam;

261 513 494 576 Spesque
519 513 590 560 tui
617 512 758 559 nobis
785 527 937 559 causa
961 512 1140 573 vigoris
1166 511 1273 557 erit.

195 589 326 651 Ergo
353 607 444 653 ego
471 607 580 637 sum
606 590 717 636 vitae
743 589 953 635 dubius:
995 596 1049 634 tu
1074 587 1278 634 forsitan
1304 587 1404 634 illic
1527 589 1590 633 25

259 666 289 711 J
297 667 547 713 ucunduin
574 666 728 712 nostri
755 664 926 712 nescia
949 671 1147 727 tempus
1174 663 1314 726 agis?

196 742 309 789 Non
336 744 458 805 agis,
488 742 721 789 adfirmo:
762 742 936 803 liquet,
962 757 991 787 o
1016 740 1287 795 carissima,
1315 739 1474 793 nobis,

261 819 481 883 Tempus
508 820 586 882 agi
614 819 719 866 sine
745 835 823 865 me
850 835 948 865 non
974 818 1067 865 nisi
1095 817 1238 864 triste
1264 817 1371 863 tibi.

197 896 250 943 Si
277 903 446 943 tamen
471 895 697 958 implevit
721 910 833 942 mea
858 911 980 950 sors,
1009 910 1135 957 quos
1161 893 1352 949 debuit,
1380 908 1552 947 annos,

264 973 330 1019 Et
355 973 475 1019 mihi
499 973 696 1020 vivendi
722 980 825 1019 tam
850 972 948 1018 cito
973 971 1085 1017 finis
1111 971 1281 1026 adest3

1528 971 1593 1015 30

197 1051 452 1106 Quantum
478 1055 597 1104 erat,
626 1066 653 1096 ο
680 1048 862 1113 magni,
889 1048 1108 1111 perituro
1134 1062 1354 1110 parcere,
1384 1045 1514 1101 Divi,

266 1126 336 1172 Ut
360 1127 539 1173 saltem
565 1126 725 1189 patria
749 1126 1117 1172 contumularer
1141 1124 1318 1171 humo!

195 1202 289 1249 Vel
316 1218 463 1265 poena
482 1203 531 1248 in
556 1202 728 1249 mortis
754 1209 952 1265 tempus
978 1202 1134 1248 dilata
1156 1200 1347 1256 fuisset,

264 1277 357 1326 Vel
383 1278 706 1342 praecepisset
730 1294 862 1325 mors
887 1285 1152 1341 properata
1172 1277 1356 1340 fugam.

200 1355 401 1417 Integer
425 1355 552 1402 hanc
578 1355 717 1418 potui
742 1371 900 1419 nuper
923 1355 1053 1402 bene
1078 1355 1286 1402 reddere
1310 1355 1500 1401 lucem:
1529 1354 1594 1398 35

268 1430 427 1479 Exsul
454 1439 508 1479 ut
532 1432 829 1488 occiderem,
857 1449 986 1479 nunc
1013 1432 1133 1478 mihi
1156 1432 1257 1478 vita
1280 1431 1397 1478 data
1420 1437 1512 1478 est.

201 1507 325 1555 Tam
352 1509 523 1571 procul
549 1509 730 1571 ignotis
756 1509 906 1571 igitur
931 1509 1196 1556 moriemur
1220 1508 1269 1555 in
1294 1507 1409 1563 oris,

268 1584 334 1632 Et
357 1585 478 1632 fient
502 1586 610 1650 ipso
635 1586 795 1634 tristia
819 1586 919 1634 fata
943 1586 1052 1632 loco
1073 1586 1090 1632 ?

245 1767 296 1796 21.
335 1766 366 1796 Si
384 1769 453 1806 jam
483 1767 629 1807 deficiam,
658 1769 865 1807 subpressaque

201 1816 308 1857 linguat
322 1815 449 1855 palata]
476 1815 578 1845 Locus
600 1822 782 1857 corruptus;
808 1826 865 1846 nec

198 1865 312 1905 juvant
337 1865 407 1895 libri
427 1870 558 1896 veteres.
603 1865 729 1895 Scribe:
755 1864 865 1904 Sijam

201 1915 323 1954 deficiat
346 1915 495 1953 subpresso
524 1915 631 1955 lingua
660 1915 783 1953 palatog
816 1913 866 1943 vel

202 1963 234 1992 Si
264 1974 307 1993 me
333 1963 476 2003 dificia,-
515 1962 594 2004 regit
621 1962 703 1993 enim
735 1962 767 1992 id
798 1972 865 1992 ver-

200 2012 276 2042 bum
302 2011 415 2042 Ovidio
435 2022 558 2053 semper
579 2016 727 2052 quartum
747 2020 866 2042 casum.

204 2061 324 2091 lexxs.

248 2109 411 2151 Vcrpoort.
445 2109 595 2151 explicat‚
630 2111 799 2150 languente
836 2115 867 2140 ct

203 2164 328 2200 propter
348 2164 459 2189 aestum
482 2169 515 2189 se
539 2169 599 2189 non
619 2159 752 2199 amplius
772 2158 866 2199 adpe-

203 2206 312 2237 riente.
329 2207 436 2237 Burm.
453 2213 560 2238 contra
579 2218 764 2246 suppressum
781 2209 868 2246 pula-

205 2262 266 2285 tum
298 2266 358 2285 non
383 2255 489 2294 novit3
522 2267 617 2297 queue
644 2255 791 2286 emendat
815 2258 867 2286 suh

192 2304 293 2344 fesso.-
326 2315 388 2335 non
413 2304 495 2334 male
521 2304 659 2345 quidem,
685 2303 740 2335 sed
765 2304 866 2335 forsan

205 2353 306 2383 versui
327 2353 470 2394 sequenti
488 2352 598 2384 melius
619 2352 804 2394 respondere
820 2352 865 2382 vi-

204 2401 305 2437 detur,
330 2401 371 2442 (si
397 2401 474 2443 quid
502 2402 687 2433 mutandum
717 2402 785 2437 erit,
811 2412 867 2432 nec

203 2461 390 2490 suppressum
421 2451 520 2490 palat.
571 2450 686 2481 Ovidio
714 2450 869 2491 singulare

205 2498 357 2537 videtum)
382 2510 549 2538 compresso,
575 2499 606 2530 h.
627 2510 654 2530 e.
682 2499 786 2535 simul,
812 2509 869 2529 un-

204 2547 299 2588 dique
322 2553 354 2578 et
369 2547 572 2579 vehementer
586 2558 702 2590 presso,
727 2547 870 2584 inhibito,

205 2605 244 2627 ne
260 2606 292 2626 se
309 2595 452 2637 aperiret,
497 2597 547 2627 Sic
563 2598 753 2636 comprimere
767 2598 867 2627 dentes

206 2644 286 2675 dixit
300 2645 404 2676 Plaut.
418 2646 532 2677 Pseud.
544 2645 588 2676 iii.
603 2648 629 2677 1.
640 2647 693 2677 21.
720 2646 868 2676 HAnLEs.

249 2693 302 2724 22.
332 2693 486 2724 Instillato
509 2695 616 2735 mera]
654 2694 734 2726 Vino
756 2693 868 2726 leviter

933 1767 1035 1797 infuso
1049 1779 1054 1796 :
1082 1766 1188 1797 vinum
1203 1764 1285 1795 enim
1300 1763 1397 1795 reficit
1414 1763 1503 1794 vires.

976 1816 1028 1846 23.
1055 1813 1245 1854 Dominam]
1286 1813 1330 1843 Te
1359 1822 1496 1843 uxorem.
1535 1812 1594 1842 Re-

933 1875 1066 1905 stm-gam.
1091 1863 1327 1894 Convalescam.

977 1914 1029 1943 83.
1048 1911 1294 1953 Dilatufzzisses]
1312 1911 1485 1952 Hamburg.
1494 1910 1594 1952 magis

934 1961 1065 2003 poetice.
1115 1961 1167 1992 Vel
1185 1962 1365 2000 praecepisset
1390 1971 1464 1990 mors
1489 1971 1594 2000 prope-

937 2017 1003 2041 raca
1017 2012 1143 2053 fugam.
1188 2009 1301 2040 Prima:
1327 2009 1478 2041 editiones
1498 2009 1594 2051 pluri-

935 2060 1040 2101 mique
1067 2059 1183 2101 scripti,
1211 2061 1410 2098 prae-essisset.
1463 2058 1494 2089 Si
1519 2058 1595 2100 quid

936 2116 1062 2143 mutem,
1076 2110 1224 2150 refingam
1238 2110 1434 2148 proevenisset,
1451 2114 1506 2139 aut
1519 2119 1595 2148 prce-

935 2160 1088 2194 vertissem
1112 2157 1205 2188 Trist.
1221 2169 1251 2187 v.
1267 2157 1355 2198 Eleg.
1372 2157 1413 2188 iv.
1430 2167 1491 2188 ver.
1508 2158 1547 2188 :31
1562 2170 1569 2187 :

978 2208 1057 2247 §ispe
1079 2209 1166 2237 etium
1188 2218 1309 2237 mccrens
1331 2214 1443 2247 tempus
1462 2209 1596 2238 reminis-

1064 2259 1146 2286 citur
1164 2257 1252 2291 illud,

1024 2307 1109 2340 Quod
1126 2317 1183 2336 non
1195 2311 1377 2344 prtfventwn
1395 2311 1485 2335 morte
1496 2305 1598 2346 fuisse

1063 2356 1154 2386 dolet.
1433 2354 1551 2385 mes.

978 2404 1030 2434 35.
1064 2403 1214 2444 Integer-J
1250 2402 1420 2433 Incolumis
1455 2403 1594 2434 noudum

936 2453 1104 2483 mulctatus
1118 2452 1237 2483 exsilio.
1282 2453 1410 2482 Bssnsnr.

982 2501 1118 2531 Reddere
1137 2501 1258 2541 [noenu]
1285 2501 1316 2530 h.
1330 2511 1359 2531 e.
1383 2499 1479 2538 niori3
1502 2500 1597 2531 rarior

938 2549 1064 2590 quidem
1092 2549 1234 2590 loquutio
1260 2559 1362 2590 neque
1386 2554 1490 2579 tamen
1519 2548 1597 2579 adeo

936 2597 1089 2629 insolens:
1123 2608 1219 2639 quare
1256 2599 1365 2629 Burm.
1394 2608 1488 2639 quern
1525 2597 1595 2628 vide

934 2656 1004 2676 eam
1038 2645 1162 2687 praesert
1191 2645 1280 2677 alteri
1309 2645 1445 2683 lectioni,
1473 2648 1598 2677 reddere

935 2696 1038 2725 vitam.
1084 2695 1232 2726 ILmLEs.
