1760 3172
173 193 257 235 390

558 189 610 229 Ρ.
652 185 865 228 OVIDII
899 183 1180 228 NASONIS

177 307 427 370 Quodque
453 303 591 352 nefas
615 303 769 358 dictu,
795 301 901 348 fieri
926 317 1019 348 nec
1045 317 1193 364 posse
1219 301 1406 364 putavi,

245 383 419 431 Invitis
444 382 600 430 oculis
624 380 770 428 litera
792 380 924 427 lecta
947 385 1034 426 tua
1056 386 1151 426 est.

180 461 288 510 Nec
313 462 589 545 quidquam
609 459 671 507 ad
692 464 885 505 nostras
907 456 1133 519 pervenit
1155 455 1380 504 acerbius
1401 469 1560 510 aures,

247 538 319 586 Ut
342 554 513 585 sumus
540 537 589 584 in
616 519 814 600 Ponto)
824 534 1179 598 perveniatque
1205 550 1395 619 precor.
1532 534 1563 579 6

179 615 311 663 Ante
337 631 472 663 meos
497 614 667 662 oculos
693 604 933 675 tanquam
958 612 1218 675 praesentis
1242 612 1406 675 imago

246 691 433 749 Haeret,
460 698 511 738 et
534 690 842 738 exstinctum
865 688 1028 736 vivere
1053 688 1196 751 fingit
1220 705 1372 736 amor.

183 770 330 834 Saepe
353 769 502 817 refert
526 768 718 816 animus
743 767 881 814 lusus
905 766 1145 829 gravitate
1170 773 1425 823 carentes;

249 846 391 894 Seria
414 862 526 893 cum
550 845 742 908 liquida
767 859 900 907 saepe
926 849 1132 907 peracta
1155 843 1269 890 fide.
1507 844 1567 889 lO

183 923 337 971 Nulla
359 930 526 971 tamen
554 923 770 970 subeunt
794 921 912 967 mihi
937 928 1165 985 tempora
1187 920 1392 969 densius
1416 919 1532 975 illis,

249 1000 374 1056 Quae
398 1001 576 1048 vellem
600 1000 713 1048 vitae
738 1015 932 1047 summa
955 999 1110 1046 fuisse
1134 1015 1276 1046 meae.

184 1078 351 1133 Quum
375 1078 552 1146 domus
578 1077 766 1140 ingenti
793 1076 959 1123 subito
985 1092 1096 1123 mea
1121 1077 1262 1140 lapsa
1286 1074 1428 1122 ruina

251 1155 500 1211 Concidit,
527 1155 578 1201 in
602 1154 788 1201 domini
814 1153 1180 1218 procubuitque
1205 1160 1372 1218 caput,

182 1232 356 1280 Adfuit
378 1232 462 1279 ille
485 1232 624 1287 mihi,
647 1248 801 1295 quum
823 1248 937 1294 pars
963 1247 1043 1278 me
1063 1247 1244 1293 magna
1262 1230 1477 1293 reliquit,
1509 1231 1567 1276 15

249 1309 488 1367 Maxime,
506 1295 723 1356 [fortunae
750 1324 841 1371 nec
866 1308 960 1355 fuit
983 1309 1092 1372 ipse
1117 1325 1301 1356 comes.

184 1387 331 1434 Illum
357 1403 449 1448 ego
468 1396 573 1433 ‘non
599 1386 739 1433 aliter
763 1386 966 1434 flentem
991 1403 1103 1434 mea
1126 1386 1299 1434 funera
1321 1385 1437 1441 vidi,

249 1463 520 1512 Ponendus
546 1480 699 1529 quam
725 1465 765 1523 si
790 1463 940 1512 frater
964 1465 1013 1511 in
1039 1465 1154 1527 igne
1177 1463 1333 1512 foret:

182 1539 345 1588 Haesit
368 1541 417 1588 in
443 1541 698 1605 amplexu,
726 1542 1115 1604 consolatusque
1135 1543 1388 1604 jacentem
1413 1546 1505 1595 est,

250 1618 482 1681 Cumque
509 1618 632 1666 meis
659 1618 891 1681 lacrymis
917 1618 1118 1665 miscuit
1142 1633 1303 1681 usque
1328 1632 1460 1664 suas.
1505 1619 1570 1662 20

186 1695 229 1743 O
257 1696 469 1758 quoties,
495 1695 607 1742 vitae
633 1702 803 1742 custos
829 1694 1014 1742 invisus
1040 1710 1234 1750 amarae,

250 1772 510 1819 Continuit
534 1779 753 1835 promtas
780 1773 828 1818 in
854 1788 964 1820 mea
988 1772 1091 1820 fata
1115 1788 1291 1819 manus
1312 1772 1320 1817 !

227 1960 260 1989 8.
286 1957 417 1998 Haeren]
444 1957 506 1993 An,
525 1958 630 1987 Errat.
676 1959 791 1988 Bunm.

225 2009 258 2040 9.
281 2007 359 2047 Soepe
375 2007 498 2049 western]
524 2008 614 2048 Saepe
633 2012 843 2048 repraesentat.

185 2057 286 2088 Lusus
306 2058 459 2099 gravitate
481 2063 624 2088 carentes.
662 2057 754 2087 Jocos
777 2056 844 2098 ejus

185 2116 313 2137 mimme
329 2115 462 2136 severos.

231 2157 281 2186 10.
305 2155 465 2196 Liquida.]
500 2154 530 2185 h.
546 2165 577 2185 e.
603 2160 698 2190 certa,
723 2155 761 2185 de
784 2165 844 2195 qua

183 2204 261 2236 mihi
275 2204 427 2246 liquebat,
442 2203 631 2245 incorrupta,
647 2213 734 2245 pura.
773 2204 843 2235 Me-

185 2253 273 2296 taph.
296 2254 336 2284 ab
356 2263 427 2284 aere
449 2252 534 2284 claro
556 2259 587 2283 et
601 2262 720 2283 sereno.
736 2252 842 2283 Plaut.

186 2303 351 2335 Mostellar
379 2302 424 2335 iii.
452 2305 482 2334 2.
512 2303 564 2333 64.
613 2302 686 2333 Tum
713 2304 845 2343 liquidus

185 2361 238 2390 est,
260 2365 348 2394 quam
371 2355 486 2394 liquida
508 2364 564 2383 esse
587 2358 740 2392 tempestas
762 2354 845 2384 solet.

187 2405 383 2435 Vssnpoonr.

232 2454 281 2484 ll.
306 2453 467 2493 De›zsi11s.]
494 2452 649 2484 Crebrius.
695 2452 776 2482 Istis.
808 2451 844 2482 Id

910 1966 1013 1989 autem
1045 1968 1167 1999 tempus
1198 1968 1259 1999 quo
1283 1956 1378 1998 jussit
1406 1966 1477 1987 eum
1504 1955 1570 1987 Au-

910 2012 1017 2048 gustus
1032 2007 1065 2038 in
1080 2006 1226 2038 exsilium
1243 2007 1298 2037 ire.
1315 2005 1355 2036 In
1370 2013 1462 2046 caput
1478 2007 1571 2036 ‹lomi-

909 2058 952 2086 ηἱ.
974 2056 1012 2087 In
1027 2062 1122 2098 caput
1138 2062 1169 2087 et
1184 2055 1353 2098 perniciem
1370 2065 1485 2086 meam.

957 2105 1005 2136 16.
1039 2105 1181 2136 Fortunae
1206 2116 1259 2136 nec
1274 2105 1346 2145 fuit
1372 2105 1424 2134 ille
1453 2104 1570 2145 comes]

912 2154 972 2185 Ille
993 2165 1011 2185 a
1033 2165 1082 2185 me
1099 2154 1312 2185 discedentem
1336 2153 1490 2185 fortunam
1511 2163 1572 2184 non

911 2209 1035 2236 secutus
1058 2210 1116 2236 est.
1161 2203 1212 2234 Illi
1242 2204 1325 2234 enim
1347 2209 1420 2234 sunt
1440 2203 1572 2234 sortunae

910 2253 1049 2289 comites,
1079 2254 1132 2295 qui
1156 2265 1218 2295 quo
1239 2264 1271 2284 se
1297 2253 1363 2290 illa,
1387 2263 1423 2284 eo
1446 2258 1478 2284 et
1499 2252 1572 2295 ipsi,

910 2309 942 2335 et
955 2313 1060 2335 eorum
1076 2304 1162 2334 favor
1177 2303 1318 2334 inclinat.

956 2353 1005 2383 17.
1030 2353 1100 2383 Mea
1104 2352 1253 2394 fimena]
1280 2352 1390 2383 Meam
1409 2352 1572 2384 calamita-

911 2407 974 2432 tem
990 2401 1211 2443 exsiliumque.

953 2453 1005 2482 21.
1040 2451 1143 2481 Custos
1171 2449 1314 2491 invisus]
1355 2450 1468 2482 Celsus
1494 2450 1570 2481 mihi

186 2508 243 2539 est,
279 2503 470 2545 temporibus
500 2501 597 2537 Celsi,
627 2502 752 2543 quando
786 2511 848 2532 una
915 2500 1055 2535 infestus,
1072 2500 1154 2542 quod
1173 2499 1380 2535 custodiebat,
1397 2509 1434 2530 ne
1451 2509 1500 2531 me
1522 2499 1571 2531 in—

189 2562 311 2583 eramus
326 2551 449 2582 Romae.

233 2602 282 2633 12.
307 2601 408 2633 Fuisse
421 2601 560 2642 summm]
578 2600 715 2636 Scilicet,
730 2606 846 2642 postre-

192 2663 252 2682 ma.

918 2549 1100 2580 terficerem.

959 2600 1012 2629 22.
1055 2599 1241 2640 Continuin]
1290 2599 1477 2630 Remoratus
1516 2604 1572 2629 est.

919 2648 1055 2679 Promtus
1085 2650 1115 2679 ἰιι
1139 2660 1201 2679 mea
1217 2648 1304 2689 silla.
1349 2647 1520 2689 Expeditas
1541 2652 1572 2678 et

236 2702 285 2732 14.
310 2702 477 2742 Concidit]
519 2701 652 2733 Corruit.
694 2700 848 2740 Designat
916 2704 1039 2739 paratas
1054 2698 1093 2729 ad
1109 2709 1157 2730 me
1172 2697 1430 2730 interficiendum.
