1760 3172
415 149 721 192 TRISTIUM
754 148 871 189 LIB.
904 148 959 188 V.
994 146 1171 189 ELEG.
1205 146 1324 189 XII.

1477 145 1562 186 339

616 309 961 358 ELEGIA
1010 309 1131 356 XII.

190 427 430 483 Scmms,
456 433 512 473 ut
534 426 782 493 oblectem
807 424 970 471 studio
996 423 1316 486 lacrymabile
1339 429 1551 486 tempuS,

254 503 303 550 N
307 520 334 551 e
358 510 564 568 pereant
585 491 717 567 turpi
742 508 946 566 pectora
969 508 1138 548 nostra
1161 501 1273 547 situ.

189 579 400 628 Difficile
433 588 525 637 est,
561 579 711 644 quod,
743 579 916 635 amice,
947 593 1144 636 mones;
1195 576 1312 640 quia
1347 575 1562 623 carmina

381 658 550 705 laetum

255 734 384 782 Sunt
407 751 547 798 opus,
575 741 625 782 et
648 749 823 798 pacem
847 733 1027 781 mentis
1052 733 1233 780 habere
1257 731 1442 778 volunt.

188 810 374 858 Nostra
396 828 484 875 per
509 809 740 859 adversas
767 812 926 873 agitur
950 810 1144 857 fortuna
1168 808 1426 873 procellas,
1532 808 1560 852 5

255 888 400 936 Sorte
423 904 514 956 nec
540 889 641 935 ulla
664 904 775 935 mea
798 887 981 934 tristior
1006 903 1116 933 esse
1141 891 1324 948 potest.

188 963 379 1027 Exigis,
405 971 460 1012 ut
483 964 711 1013 Priamus
736 971 962 1011 natorum
988 962 1037 1008 in
1061 961 1232 1009 funere
1256 961 1409 1016 ludat,

254 1040 322 1088 Et
346 1041 510 1089 Niobe
534 1041 686 1090 festos
711 1042 861 1087 ducat
883 1047 939 1091 ut
962 1040 1082 1086 orba
1106 1039 1297 1085 choros.

190 1117 446 1174 Luctibus,
474 1134 536 1165 an
562 1117 726 1165 studio
750 1118 918 1165 videor
942 1117 1122 1164 debere
1146 1115 1317 1170 teneri,

255 1195 401 1242 Solus
426 1195 476 1242 in
501 1202 749 1242 extremos
767 1196 938 1258 jussus
964 1193 1098 1240 abire
1126 1191 1315 1239 Getas?
1505 1193 1562 1236 10

189 1271 292 1320 Des
317 1271 436 1319 licet
458 1272 538 1319 hic
561 1271 724 1319 valido
750 1278 926 1335 pectus
951 1270 1071 1316 mihi
1096 1269 1269 1316 robore
1293 1267 1486 1322 fultum,

254 1348 408 1396 Fama
430 1348 578 1397 refert
601 1349 758 1413 Anyti
783 1349 931 1412 quale
954 1347 1107 1394 fuisse
1132 1362 1242 1403 reo3

189 1425 366 1474 Fracta
388 1426 536 1474 cadet
558 1432 708 1474 tantae
735 1425 981 1489 sapientia
1004 1424 1133 1471 mole
1158 1423 1337 1470 ruinae:

252 1502 375 1551 Plus
399 1503 530 1552 valet
552 1503 781 1551 humanis
805 1501 991 1550 viribus
1016 1501 1087 1549 ira
1112 1499 1224 1547 Dei.

230 1689 261 1718 5.
296 1686 357 1716 Per
386 1688 526 1717 adversas
554 1689 658 1728 agitur
676 1686 838 1728 fortuna-J

188 1735 277 1766 Nihil
296 1734 487 1776 frequentius
510 1734 635 1772 Ovidio,
655 1746 748 1777 quam
769 1746 841 1766 con-

186 1784 336 1816 ditionem
363 1795 450 1816 suam
475 1795 653 1827 comparare
678 1796 749 1816 cum
773 1797 842 1828 pro-

187 1833 285 1870 cellis,
300 1834 549 1876 tempestatibus,
567 1835 626 1865 ἃς.
677 1835 780 1865 Pom.

231 1884 263 1915 7.
286 1883 428 1914 Priamus
445 1884 710 1926 natorumfunere
729 1885 842 1925 ludat]

187 1933 255 1975 Ego
280 1933 401 1970 reduxi,
422 1935 520 1970 ludat,
542 1933 626 1975 quod
651 1944 689 1964 ex
716 1933 843 1975 antiquo

187 1982 302 2024 scripto
323 1989 481 2025 receperat
503 1983 769 2014 Francofurtensis
781 1995 791 2022 3
814 1988 845 2013 et

188 2031 300 2063 melius
320 2032 484 2074 respondet
499 2032 653 2074 sequenti,
668 2034 762 2064 ducat
777 2033 844 2063 cho-

189 2092 252 2111 ros:
277 2082 379 2112 ludere
398 2080 481 2111 enim
503 2086 551 2112 est
574 2081 699 2119 saltare,
720 2087 754 2113 ut
772 2082 843 2112 Me-

189 2129 342 2171 tamorph.
357 2128 402 2160 iii.
417 2130 491 2161 685.

231 2179 265 2209 8.
297 2178 396 2209 Festos
417 2179 544 2218 choros]
583 2178 704 2210 Chorus
731 2179 844 2209 multo-

189 2237 257 2258 rum
281 2226 407 2258 vocibus
434 2233 565 2263 constat,
590 2233 625 2258 ut
653 2227 765 2258 docent
792 2228 846 2259 Se·

189 2286 269 2307 neca
281 2281 313 2306 et
324 2275 518 2306 Macrobius.

234 2326 285 2355 12.
308 2324 403 2355 Fama
421 2325 517 2366 refert
533 2326 630 2366 Anyti
650 2327 735 2366 quale
746 2325 847 2366 fuisse

190 2374 262 2415 rei.]
284 2374 346 2404 Pro
366 2374 502 2415 genitivo
524 2377 579 2411 rei,
602 2375 708 2405 malim
731 2385 780 2406 reo
802 2375 846 2405 le-

191 2433 276 2464 gere,
299 2423 404 2454 dativo
429 2433 527 2462 casu3
556 2431 591 2455 ut
613 2424 654 2455 sit
671 2424 843 2455 sententia:

191 2473 294 2509 Quale
314 2478 424 2514 pectus
446 2483 498 2504 reo
511 2473 622 2515 Anyti,
638 2473 695 2504 hoc
717 2479 774 2509 est,
789 2474 845 2503 So-

192 2521 269 2552 crati
285 2521 379 2552 fuisse
396 2522 479 2552 fama
494 2522 596 2553 refert.
642 2523 726 2553 Nam
739 2528 771 2553 et
784 2521 845 2564 άμ-

191 2570 345 2612 φιβολίαν
366 2571 459 2602 lectio
482 2571 550 2602 haec
570 2571 670 2609 tollet,
691 2577 723 2603 et
745 2570 846 2602 versui

192 2630 316 2661 quoque
326 2619 432 2661 gratiae
443 2619 637 2661 aliquantum
649 2619 827 2652 conciliabit
838 2632 846 2657 ;

192 2668 292 2700 vitata
315 2667 518 2700 similitudine
543 2679 632 2701 casus
656 2669 689 2700 in
715 2674 846 2709 utraque

910 1695 1037 1717 caesura.
1082 1685 1163 1715 M1c.
1208 1685 1304 1723 Anyti
1342 1693 1398 1713 reo.
1437 1680 1566 1715 Socrati,

909 1746 1002 1776 quem
1026 1734 1152 1774 Anytus
1175 1732 1344 1763 accusavit.
1386 1731 1460 1761 Tres
1483 1728 1566 1760 enim

910 1785 995 1815 suere
1031 1783 1164 1814 Socratis
1197 1787 1391 1813 accusatores
1424 1779 1566 1815 Mehtus,

911 1835 1045 1875 Anytus,
1061 1838 1093 1864 et
1107 1833 1223 1873 Lycon.
1238 1830 1370 1862 Melitus
1387 1829 1513 1872 quidem
1527 1829 1567 1859 ob

911 1888 1017 1925 poetas
1040 1882 1069 1913 ei
1098 1881 1247 1912 infestus:
1281 1879 1405 1920 Anytus
1430 1878 1470 1908 ob
1496 1879 1569 1908 arti-

911 1932 995 1968 fices,
1011 1936 1104 1973 atque
1126 1929 1305 1972 reipublicae
1327 1929 1546 1970 gubernatores
1561 1938 1568 1964 ;

912 1983 1019 2023 Lycon
1030 1979 1164 2021 denique
1181 1978 1280 2019 gratia
1294 1977 1461 2008 rhetorum.
1504 1976 1569 2006 Ac-

911 2030 1031 2062 cusatio
1046 2034 1150 2060 autem
1162 2027 1271 2059 habuit
1281 2037 1313 2058 se
1327 2027 1422 2058 ferme
1437 2025 1470 2056 in
1484 2025 1567 2056 hunc

911 2079 1036 2111 modum
1052 2091 1057 2109 :
1083 2079 1226 2109 Socrates
1240 2077 1353 2119 injuste
1366 2075 1442 2116 egit,
1455 2075 1568 2116 juven-

910 2134 1010 2159 tutem
1030 2128 1215 2169 depravans,
1235 2136 1270 2156 ac
1287 2125 1373 2156 Deos
1394 2134 1472 2165 quos
1492 2123 1567 2154 civi-

911 2184 958 2209 tas
980 2182 1081 2219 putat,
1103 2176 1169 2218 ipse
1192 2185 1253 2205 non
1275 2180 1401 2215 putans,
1426 2172 1481 2204 sed
1506 2172 1569 2203 alia

912 2226 1057 2268 quaedam
1072 2236 1152 2256 nova
1166 2223 1329 2254 daemonia.
1373 2222 1464 2252 Plato
1478 2222 1570 2252 docet

912 2286 983 2306 eum
1004 2279 1091 2305 tanta
1113 2274 1206 2304 fuisse
1226 2271 1377 2314 sapientia
1396 2276 1428 2302 et
1447 2270 1568 2301 fortitu-

911 2325 994 2360 dine,
1019 2329 1054 2354 ut
1078 2322 1212 2353 noluerit
1232 2332 1286 2362 pro
1310 2331 1342 2351 se
1367 2325 1420 2351 aut
1442 2330 1568 2350 causam

912 2373 1028 2409 dicere,
1046 2378 1099 2402 aut
1117 2380 1306 2412 quemquam
1321 2369 1452 2411 precari.
1475 2369 1568 2399 Men.

912 2421 1013 2457 Ἀλλ’,
1043 2420 1067 2451 ὦ
1096 2418 1237 2461 Κρίτων,
1259 2420 1311 2449 καὶ
1337 2419 1374 2449 τὸ
1395 2417 1518 2459 τρίτον,
1543 2416 1570 2448 εἰ

914 2470 1016 2512 ταύτῃ
1044 2471 1112 2506 τοῖς
1139 2468 1222 2505 Θεοῖς
1249 2467 1358 2509 φίλον,
1385 2466 1489 2508 ταύτῃ
1518 2478 1568 2507 γε·

912 2519 1024 2552 νέσθω·
1053 2519 1105 2560 ἐμὲ
1136 2517 1168 2549 δὲ
1183 2516 1328 2553 ”Ανυτος
1353 2517 1407 2546 καὶ
1431 2514 1569 2551 Μέλιτος

913 2569 1105 2600 ἀποκτεῖναι
1127 2567 1186 2609 μὲν
1203 2565 1375 2601 δύνανται,
1390 2563 1518 2605 βλάψαι
1536 2563 1568 2594 δὲ

914 2618 961 2650 οὗ.
1006 2617 1141 2659 Epictet.
1155 2615 1194 2646 de
1210 2615 1346 2650 Socrate,
1361 2624 1430 2655 cap.
1444 2612 1547 2644 ultim.

959 2668 1008 2697 14.
1031 2665 1181 2697 Nondum
1205 2664 1367 2707 perspicio,
1393 2663 1476 2694 hune
1500 2673 1568 2693 ver-

1044 2716 1065 2745 Z
1081 2716 1101 2745 2
