1760 3172
356 380 661 429 PUBLII
720 378 1008 426 OVIDII
1068 375 1439 424 NASONIS

673 533 1123 576 EPISTOLARUM

557 694 713 750 EX
802 690 1264 750 PONTO

672 859 847 897 LIBER
875 858 1133 896 TERTIUS.

775 1039 1029 1071 4

670 1183 923 1214 EPISTOLA
955 1182 1140 1214 PRIMA.

795 1327 1027 1369 UXORI.

217 1439 430 1491 AEQUOR
457 1437 654 1486 Iasonio
680 1438 933 1501 pulsatum
958 1436 1143 1498 remige
1168 1436 1398 1500 primum,

284 1515 508 1580 Quaeque
534 1531 625 1562 nee
651 1515 792 1562 hoste
818 1514 937 1571 fero,
964 1529 1054 1560 nec
1081 1513 1190 1560 nive
1215 1521 1345 1561 terra
1368 1529 1529 1570 cares3

218 1593 429 1656 Ecquod
455 1593 548 1640 erit
564 1600 777 1656 tempus,
797 1609 896 1655 quo
914 1608 999 1639 vos
1026 1608 1117 1654 ego
1141 1590 1278 1638 Naso
1303 1591 1599 1654 relinquam,

285 1670 344 1717 In
369 1670 530 1717 minus
555 1670 787 1717 hostilem
806 1671 977 1733 jussus
1003 1668 1139 1715 abire
1163 1668 1360 1715 locum?

218 1748 296 1795 An
321 1748 441 1795 mihi
469 1747 707 1796 Barbaria
730 1747 993 1795 vivendum
1021 1762 1217 1810 semper
1241 1745 1290 1792 in
1316 1745 1444 1792 ista?
1571 1749 1600 1794 5

286 1824 448 1888 Inque
474 1824 736 1872 Tomitana
760 1818 945 1872 condar
969 1830 1165 1887 oportet
1189 1823 1373 1869 humo?

219 1901 353 1948 Pace
378 1908 478 1956 tua,
507 1901 547 1948 si
572 1917 672 1964 pax
698 1901 797 1948 ulla
822 1908 899 1949 est
924 1900 1031 1957 tibi,
1060 1899 1272 1946 Pontica
1295 1900 1459 1955 tellus,

287 1977 548 2025 Finitimus
574 1978 746 2041 rapido
772 1994 922 2041 quam
949 1976 1064 2024 terit
1089 1977 1245 2023 hostis
1271 1991 1429 2038 equo;

221 2054 355 2102 Pace
380 2061 467 2102 tua
490 2054 679 2102 dixisse
702 2055 848 2102 velim
862 2073 872 2111 ;
912 2061 965 2101 tu
993 2053 1210 2117 pessima
1233 2053 1355 2099 duro

286 2130 409 2179 Pars
435 2147 487 2178 es
513 2131 562 2177 in
587 2131 790 2188 exsilio;
830 2138 883 2178 tu
908 2131 1037 2177 mala
1061 2137 1228 2177 nostra
1252 2146 1442 2193 gravas.
1544 2134 1602 2177 lO

220 2208 296 2255 Tu
322 2224 485 2271 neque
508 2224 593 2255 ver
618 2208 787 2264 sentis,
815 2209 1032 2254 cinctum
1058 2207 1266 2254 florente
1291 2223 1498 2265 corona3

291 2285 366 2332 Tu
392 2301 557 2348 neque
577 2301 852 2332 messorum
875 2300 1080 2347 corpora
1103 2284 1237 2331 nuda
1259 2284 1414 2331 vides.

223 2362 269 2410 N
274 2378 331 2410 ec
356 2362 445 2409 tibi
470 2361 759 2426 pampineas
785 2368 1052 2408 autumnus
1079 2361 1286 2425 porrigit
1310 2377 1459 2409 uvas:

290 2439 487 2487 Cuncta
510 2440 598 2487 sed
623 2439 941 2487 immodicum
965 2445 1190 2502 tempora
1213 2438 1367 2501 frigus
1393 2438 1595 2486 habent.

269 2628 295 2657 l.
320 2626 624 2667 AEq1corpulsatum.]
650 2628 677 2657 Ο
695 2636 779 2657 mare
798 2627 879 2657 Pon·
947 2639 1030 2659 mare
1066 2628 1230 2658 Ponticum
1263 2627 1397 2668 primum
1435 2626 1605 2667 navigavit,

221 2674 318 2706 ticum
334 2675 425 2706 remis
438 2679 560 2706 erutum
572 2680 603 2705 et
618 2675 779 2716 agitatum.
825 2676 876 2706 Ια-
944 2689 1041 2719 quum
1054 2678 1138 2719 Argo
1154 2676 1224 2707 navi
1239 2676 1396 2718 profectus
1409 2682 1455 2707 est
1467 2675 1506 2706 ad
1521 2675 1600 2717 rapi-

221 2727 299 2755 snnio
313 2725 433 2766 remige.
471 2724 584 2755 Nautis
603 2724 736 2760 Jasonis,
753 2724 804 2766 qui
824 2734 877 2766 per
944 2728 1058 2759 endum
1075 2737 1202 2758 aureum
1216 2725 1326 2757 vellus.
