1760 3172
606 190 653 229 P.
687 188 899 229 OVIDII
934 187 1211 230 NASONIS

663 360 1009 408 EPISTOLA
1048 361 1159 407 XV.

575 494 826 535 SEXTO
873 493 1240 534 POMPEIO.

221 598 278 644 Si
304 597 415 659 quis
437 596 597 643 adhuc
620 611 831 658 usquam
852 596 1004 642 nostri
1026 612 1121 642 non
1142 596 1398 642 immemor
1417 604 1596 650 exstat,

286 673 479 727 Quidve
503 673 749 733 relegatus
777 671 931 726 Nas0‚
959 672 1179 734 requirit,
1208 689 1379 734 agam:

221 750 502 797 Caesaribus
528 749 694 805 vitain,
725 748 882 795 Sexto
907 749 1090 796 debere
1116 749 1327 797 salutem

286 827 372 874 Me
398 828 545 874 sciat:
586 843 615 873 a
642 826 846 889 Superis
871 826 950 873 hic
976 826 1095 873 mihi
1120 826 1307 889 primus
1334 827 1440 874 erit.

218 905 464 967 Tempora
488 920 601 950 nam
627 904 817 951 miserae
842 905 1144 967 complectar
1168 915 1223 951 ut
1247 905 1412 951 omnia
1435 904 1565 959 vitae,

285 981 328 1028 A
353 981 538 1028 meritis
564 981 711 1043 hujus
737 997 850 1043 pars
876 981 994 1027 mihi
1021 981 1155 1027 nulla
1178 989 1348 1036 vacat;
1570 984 1597 1027 6

219 1060 342 1114 Quae
369 1074 572 1105 numero
597 1064 671 1105 tot
695 1065 825 1113 sunt,
854 1065 977 1121 quot
1002 1058 1051 1104 in
1076 1058 1218 1104 horto
1243 1057 1417 1105 fertilis
1444 1059 1542 1105 arvi

284 1137 476 1183 Punica
500 1137 592 1182 sub
619 1136 752 1182 lento
779 1135 966 1183 cortice
991 1151 1146 1198 grana
1165 1136 1372 1191 rubent;

218 1215 386 1261 Africa
410 1221 533 1277 quot
557 1220 768 1275 segetes²
793 1220 915 1276 quot
939 1212 1134 1259 Tmolia
1157 1219 1288 1259 terra
1313 1227 1551 1266 racemos,

285 1291 422 1346 Quot
444 1291 630 1354 Sicyon
654 1291 850 1346 baccaS,
872 1297 994 1353 quot
1018 1289 1148 1353 parit
1168 1287 1339 1352 Hybla
1356 1288 1507 1336 favos.
1542 1291 1599 1334 lo

219 1368 500 1425 Confiteor;
540 1374 722 1415 testere
747 1367 886 1423 licet;
928 1367 1135 1429 signate,
1165 1365 1412 1420 Quirites:

285 1445 369 1493 Nil
394 1461 519 1508 opus
545 1451 622 1492 est
642 1445 808 1507 legum
832 1445 1044 1501 viribus3
1086 1444 1193 1507 ipse
1219 1444 1411 1506 loquor.

218 1522 354 1570 Inter
379 1538 500 1585 opes
526 1528 576 1569 et
593 1538 688 1578 me,
716 1538 818 1569 rem
844 1538 1061 1586 parvam,
1089 1538 1217 1585 pone
1242 1529 1507 1585 paternas:

283 1599 406 1646 Pars
432 1614 524 1661 ego
549 1598 641 1645 sim
666 1615 844 1646 census
871 1599 1329 1662 quantulacumque
1354 1598 1441 1646 tui.

219 1675 382 1730 Quam
400 1683 486 1722 tua
499 1674 753 1723 Trinacria
767 1683 858 1733 est,
877 1683 1181 1739 regnataque
1197 1681 1327 1723 terra
1341 1675 1597 1739 Philippo,

284 1752 447 1808 Quam
472 1753 647 1800 domus
673 1752 901 1817 Augusto
927 1754 1217 1801 continuata
1240 1752 1368 1807 sor03
1541 1755 1600 1799 16

259 1910 290 1938 3.
324 1906 513 1947 Caesaribus]
545 1906 687 1948 Augusto
715 1906 873 1943 defuncto,

217 1965 248 1989 et
262 1956 378 1992 liberis,
392 1956 444 1998 qui
461 1955 555 1987 etiam
571 1956 711 1987 Caesares
725 1956 873 1987 diceban-

218 2013 277 2037 tur.
308 2007 392 2036 Sexto
407 2007 508 2036 debere
522 2007 657 2036 salutem.
686 2005 873 2040 Caesaribus,

218 2055 329 2097 inquit,
344 2055 440 2086 vitam
461 2054 571 2085 debeo.
615 2055 659 2085 At
673 2055 765 2085 Sexto
780 2055 871 2085 Pom-

216 2105 286 2147 peio
309 2104 440 2135 salutem
467 2103 572 2139 debet,
603 2104 678 2145 quia
705 2103 815 2145 opibus
843 2110 874 2134 et

218 2154 320 2185 favore
331 2164 386 2184 suo
398 2153 486 2184 illum
499 2152 686 2183 sustentavit
698 2152 728 2182 in
742 2152 874 2183 Pontica

217 2203 359 2245 regione:
383 2208 449 2233 erat
465 2202 548 2233 enim
563 2201 805 2244 potentissimus.

260 2253 291 2283 4.
314 2253 340 2282 A
361 2251 503 2291 superis]
533 2251 607 2281 Post
623 2251 709 2281 Deos
721 2251 874 2282 Caesares.

222 2302 290 2333 Hic.
327 2302 389 2332 Iste
405 2301 516 2331 Sextus
530 2300 705 2342 Pompeius.

261 2352 291 2382 6.
315 2353 340 2382 A
363 2351 476 2380 meritis
489 2349 580 2390 ejus]
607 2349 635 2379 A
651 2347 810 2380 beneficiis
828 2349 874 2391 ip-

217 2401 280 2431 sius
293 2399 444 2441 Pompeii.

259 2451 290 2480 9.
316 2449 429 2479 Tmolia
452 2454 535 2477 terra
561 2446 718 2486 racemos]
744 2446 874 2477 Tmolus

218 2509 305 2530 mons
326 2504 385 2534 est,
411 2504 445 2529 ut
468 2497 577 2527 Strabo
601 2496 703 2532 docet,
719 2496 874 2532 Maeoniae,

219 2560 288 2590 (μιῇ),
305 2553 413 2590 postea
430 2548 528 2588 Lydia
543 2545 701 2588 adpellata
715 2545 783 2576 fuit.

265 2598 312 2627 10.
338 2598 415 2631 Quot
436 2597 543 2636 Sicyon
564 2594 693 2634 baccas]
720 2596 803 2631 Quot
817 2593 874 2624 oli—

219 2658 273 2677 vas
295 2646 408 2687 Sicyon
429 2645 539 2675 civitas
562 2644 631 2675 fert.
677 2644 747 2674 Fuit
771 2650 875 2674 autem

218 2696 330 2736 Sicyon
359 2694 507 2737 oppidum
533 2693 682 2731 Achaiae;
705 2692 749 2723 sic
773 2693 874 2727 Maro,

219 2746 333 2784 (ἱροῖς.
349 2743 467 2774 ii.519:

987 1910 1097 1938 teritur
1112 1908 1250 1948 Sicyonia
1266 1909 1352 1938 bacca
1368 1909 1502 1946 trapetis.

989 1958 1038 1988 11.
1064 1958 1178 1988 Testere
1196 1957 1292 1997 licet]
1319 1956 1406 1987 Licet
1422 1955 1601 1987 intestimo-

943 2005 1029 2036 nium
1044 2006 1183 2037 adducas
1203 2005 1270 2036 haec
1287 2016 1356 2046 quae
1377 2004 1489 2035 scribo.
1534 2005 1601 2045 Sig-

942 2063 1023 2090 παῖε,
1038 2056 1182 2090 Quirites.
1220 2056 1247 2085 O
1264 2055 1348 2085 cives
1364 2053 1512 2089 Romani,
1528 2054 1600 2084 sub-

942 2104 1066 2136 scribite
1083 2116 1136 2136 vos
1152 2112 1299 2146 tanquam
1317 2110 1412 2134 testes
1426 2104 1502 2145 ejus,
1518 2103 1601 2145 quod

942 2153 1044 2184 dicam
1058 2167 1063 2184 :
1090 2153 1138 2185 vel
1154 2153 1291 2194 sigillum
1303 2158 1438 2183 vestrum
1454 2151 1603 2193 imprimi-

943 2209 985 2239 te,
996 2202 1260 2244 quemadmodum
1273 2201 1299 2231 si
1315 2206 1535 2232 testamentum
1546 2200 1603 2231 ali-

942 2252 1026 2294 quod
1045 2252 1220 2293 signaretis.

988 2303 1036 2332 12.
1062 2301 1131 2331 Non
1163 2312 1233 2341 opus
1261 2307 1301 2331 est
1334 2301 1432 2341 legum
1461 2297 1601 2338 viribus]

944 2351 1026 2387 Non,
1042 2349 1155 2391 inquit,
1169 2356 1214 2380 est
1231 2360 1309 2391 opus
1322 2349 1487 2389 confugere
1503 2347 1542 2378 ad
1558 2347 1602 2378 le·

942 2410 1016 2441 gum
1050 2398 1205 2441 praesidia,
1234 2404 1266 2430 et
1300 2398 1386 2429 litem
1425 2395 1603 2428 contestari.

944 2449 959 2478 1
961 2460 1009 2488 pse
1024 2450 1134 2489 loquor.
1178 2448 1250 2490 Ipse
1266 2453 1374 2489 sponte
1385 2446 1531 2478 confiteor
1544 2445 1602 2475 hoc

943 2497 1026 2538 quod
1042 2497 1192 2538 sequitur.

988 2547 1037 2577 13.
1062 2545 1148 2576 Inter
1163 2557 1227 2585 opes
1240 2544 1409 2587 paternas]
1434 2543 1518 2574 Inter
1534 2548 1603 2573 tuos

943 2605 1054 2626 census
1078 2593 1134 2625 tibi
1160 2605 1179 2626 a
1203 2600 1289 2636 patre
1316 2593 1448 2624 relictos.
1496 2593 1535 2623 Et
1559 2603 1604 2622 me

944 2656 1003 2675 rem
1017 2655 1152 2684 parvam,
1164 2655 1247 2683 pone.
1271 2643 1374 2674 Etiam
1389 2652 1438 2672 me
1454 2641 1603 2672 adnume-

943 2694 1036 2728 rabis,
1049 2693 1123 2724 licet
1138 2693 1195 2724 sim
1212 2703 1258 2723 res
1274 2701 1369 2734 parva
1383 2698 1414 2722 et
1428 2690 1560 2721 modica.

990 2743 1037 2772 16.
1055 2743 1150 2776 Quam
1167 2744 1268 2771 damus
1282 2743 1416 2782 Augusto
1426 2743 1600 2770 continuata
