1760 3172
230 186 314 226 ⁴26

617 182 668 223 P.
703 181 913 224 OVIDII
949 180 1228 222 NASONIS

599 352 1023 402 EPISTOLA
1078 351 1248 399 VIII.

660 490 928 533 MAXIMO
962 490 1196 532 COTTAE.

238 613 525 659 REDDITUS
552 617 630 658 est
653 609 797 657 nobis
826 609 996 655 Caesar
1020 623 1134 655 cum
1162 607 1361 654 Caesare
1388 623 1561 670 nuper,

302 688 439 750 Ques
465 687 583 734 mihi
609 686 803 742 misisti,
832 684 1056 732 Maxime
1083 684 1251 739 Cotta,
1275 683 1439 731 Deos:

1605 674 1610 700 ἲ

1606 701 1642 716 L!

243 766 410 828 thue
436 780 579 811 suum
604 779 784 810 munus
809 777 1084 817 numerum,
1107 777 1258 824 quem
1283 761 1448 817 debet,
1471 760 1619 807 habe-

305 841 397 888 Est
422 841 489 888 ibi
517 840 800 888 Caesaribus
828 839 966 887 Livia
984 841 1160 903 juncta
1184 839 1303 886 suis.

1508 839 1620 900 [ret,

237 919 514 982 Argentum
539 918 673 976 felix,
702 917 937 980 omnique
961 917 1156 964 beatius
1183 932 1318 971 auro,
1594 917 1622 961 5

304 996 467 1053 Quod,
494 995 653 1043 suerat
678 996 890 1059 pretium
916 1011 1072 1058 quum
1097 994 1233 1049 rude,
1262 1009 1443 1040 numen
1469 993 1578 1041 erit.
1643 1015 1648 1019 ·

239 1074 353 1121 Non
379 1073 498 1120 mihi
524 1074 719 1121 divitias
745 1074 909 1121 dando
934 1075 1122 1137 majora
1145 1072 1389 1126 dedisses,

307 1151 571 1198 Coelitibus
596 1150 760 1197 missis
786 1157 954 1198 nostra
979 1151 1071 1198 sub
1097 1165 1182 1196 ora
1205 1148 1382 1196 tribus.

241 1227 332 1275 Est
355 1228 543 1291 aliquid
568 1234 794 1291 spectare
823 1228 975 1283 Deos,
1004 1234 1054 1275 et
1077 1227 1253 1274 adesse
1278 1231 1468 1288 putare,

306 1304 371 1352 Et
396 1305 538 1368 quasi
563 1321 676 1352 cum
700 1321 814 1352 vero
841 1304 1041 1352 numine
1067 1319 1214 1368 posse
1239 1301 1393 1365 loqui.
1568 1303 1625 1347 lO

238 1382 452 1428 Praemia
476 1389 679 1445 quanta,
708 1381 830 1429 Dei!
869 1398 960 1430 nee
986 1397 1065 1429 me
1092 1387 1230 1428 tenet
1253 1378 1428 1426 ultima
1451 1378 1622 1425 tellus:

306 1458 477 1521 thue
502 1459 653 1522 prius,
681 1458 845 1506 media
869 1474 1042 1522 sospes
1068 1457 1118 1504 in
1143 1458 1266 1504 urbe
1293 1472 1470 1503 moror.

245 1536 501 1583 Caesareos
523 1536 666 1584 video
690 1537 871 1592 vultus,
898 1537 1034 1584 velut
1058 1542 1171 1583 ante
1195 1534 1454 1582 videbam:

310 1613 407 1659 Vix
433 1613 580 1676 hujus
604 1614 702 1660 voti
729 1629 844 1677 spes
870 1613 962 1660 fuit
985 1613 1087 1659 ulla
1111 1611 1247 1658 mihi.

247 1690 418 1753 thue
443 1691 737 1746 salutabam,
765 1707 949 1739 numen
973 1690 1176 1738 coeleste
1204 1689 1365 1735 saluto
1386 1704 1395 1734 ε
1576 1690 1632 1733 15

311 1767 459 1822 Quod
484 1768 655 1815 reduci
680 1768 885 1825 tribuas,
913 1768 998 1825 nil,
1026 1774 1164 1832 puto,
1191 1766 1352 1828 majus
1378 1764 1550 1811 habes.

292 1955 320 1985 1.
349 1955 400 1985 Est
422 1955 585 1996 redditus]
613 1956 670 1986 Est
692 1954 795 1987 datus.
843 1956 904 1986 Cae-

246 2015 296 2034 sar
318 2016 387 2035 cum
409 2003 534 2034 Caesare.
579 2003 741 2045 Augustus
761 2014 833 2035 cum
850 2003 904 2035 Ti-

247 2053 340 2084 berio.
398 2054 477 2084 Sunt
509 2052 563 2094 qui
600 2064 660 2084 non
696 2053 824 2089 Tiberii,
852 2053 907 2084 sed

250 2102 344 2133 Drusi
359 2101 485 2143 majoris
500 2101 670 2142 imaginem
686 2112 758 2132 cum
772 2102 908 2144 Augusti

248 2150 383 2192 imagine
398 2150 534 2187 missam,
549 2150 737 2191 intelligant.

291 2201 322 2230 5.
345 2201 514 2241 Argentum
527 2200 622 2241 felix,
637 2201 771 2240 omnique
795 2200 907 2231 beatius

247 2261 335 2285 ‹mi-0,
362 2250 448 2284 Quod
466 2249 571 2291 jiierz't
594 2249 753 2289 pretium]
794 2250 908 2280 Sensus

249 2305 314 2329 est:
340 2300 368 2329 Ο
399 2298 474 2329 felix
497 2304 670 2339 argentum,
693 2303 725 2328 et
754 2297 811 2339 ipsi
833 2308 907 2328 auro

250 2347 486 2390 praeferendum‚
502 2347 577 2388 quia
602 2358 699 2389 quum
725 2358 780 2389 per
806 2357 851 2383 se,
871 2357 907 2377 ac

250 2397 336 2432 rude,
351 2396 484 2438 pretium
509 2396 560 2432 sit,
583 2396 640 2426 hoc
662 2401 718 2432 est,
740 2395 908 2437 pretiosum

250 2452 281 2476 et
307 2456 425 2481 carum,
441 2456 524 2476 nunc
549 2444 644 2476 etiam
668 2444 762 2475 habet
782 2455 908 2481 numen,

252 2495 309 2526 hoc
325 2500 382 2531 est,
393 2495 553 2526 Caesarum
568 2494 721 2536 imagines
735 2494 909 2537 impressas,

251 2546 315 2575 sive
331 2545 470 2575 caelatas.
509 2545 636 2574 MmYL.

294 2595 323 2623 6.
349 2593 491 2634 Fue-rat]
518 2594 687 2624 Burmann.
703 2592 859 2633 rescripsit
879 2592 912 2623 in

252 2648 350 2677 textu,
366 2653 459 2683 quem
479 2642 602 2683 sequuti
620 2652 736 2678 sumus,
748 2641 912 2672 lectionem

255 2691 395 2722 x'ossian.
411 2698 443 2722 et
458 2691 600 2722 Francos.
616 2697 709 2732 atque
730 2691 911 2733 interpreta-

254 2746 319 2770 tur:
346 2739 441 2781 quod,
457 2750 552 2781 quum
569 2740 756 2780 fungebatur
771 2740 839 2771 vice
855 2740 910 2770 ali-

975 1965 1063 1986 arum
1078 1964 1191 1990 rerum,
1207 1959 1239 1984 et
1260 1952 1304 1983 ita
1323 1952 1457 1994 pretium
1473 1957 1550 1986 erat,
1567 1951 1590 1981 i.
1607 1961 1635 1981 e.

975 2010 1150 2045 argentum,
1179 2013 1241 2044 quo
1278 2000 1399 2043 aliquid
1433 2000 1494 2031 emi
1522 2006 1636 2042 posset,

975 2063 1058 2084 nunc
1073 2052 1150 2083 mihi
1165 2061 1280 2082 numen
1303 2050 1361 2081 erit
1381 2055 1505 2092 propter
1527 2049 1636 2090 imagi-

975 2113 1030 2133 nes
1045 2102 1223 2133 Caesarum:
1250 2099 1333 2142 quod
1355 2099 1461 2134 etiam,
1478 2109 1559 2140 quae,
1575 2099 1637 2141 spi·

976 2151 1036 2182 ritu
1050 2150 1153 2193 plena,
1164 2155 1346 2191 sequuntur,
1363 2148 1505 2190 probant.
1550 2148 1636 2178 Num

977 2210 1048 2231 vero
1071 2210 1216 2230 nummus
1238 2197 1341 2234 fuerit,
1363 2197 1414 2228 cui
1436 2197 1530 2229 facies
1550 2203 1637 2228 erant

975 2248 1151 2290 insculptae,
1168 2258 1208 2278 an
1231 2247 1397 2283 ieunculae,
1413 2246 1458 2277 uti
1483 2257 1520 2278 ex
1537 2258 1566 2277 v.
1582 2247 1636 2278 57.

976 2303 1007 2328 et
1022 2299 1074 2328 70.
1088 2296 1237 2339 suspicari
1253 2297 1300 2327 fas
1315 2302 1372 2331 est,
1383 2307 1443 2327 non
1458 2286 1568 2338 liquet:
1581 2306 1637 2327 nec

975 2347 1109 2378 multum
1124 2347 1227 2377 refert.
1272 2346 1423 2376 Hamas.

1019 2397 1049 2426 8.
1076 2396 1229 2426 Coelitibus
1260 2394 1381 2434 tribus]
1408 2394 1542 2425 Duobus
1567 2394 1638 2425 Cae-

975 2445 1096 2476 sai-ibus
1110 2451 1142 2475 et
1155 2444 1256 2475 Livia.
1288 2442 1399 2475 Nostra
1414 2445 1466 2474 sub
1477 2454 1542 2474 ora.
1572 2443 1637 2474 Sub

978 2500 1115 2524 nostrum
1131 2498 1343 2535 conspectum.

1024 2545 1072 2574 15.
1101 2543 1142 2573 Ut
1170 2543 1367 2583 salutabam]
1398 2542 1441 2573 Ut
1468 2547 1637 2582 antequam

979 2593 1143 2629 relegarer,
1160 2591 1269 2622 solitus
1284 2602 1368 2623 eram
1390 2591 1429 2621 de
1450 2601 1533 2621 more
1548 2599 1638 2619 mane

979 2642 1133 2672 salutare:
1159 2641 1242 2682 quod
1266 2641 1329 2671 fieri
1350 2640 1472 2671 solebat
1492 2638 1594 2681 prima
1607 2642 1639 2668 et

978 2689 1116 2720 secunda
1131 2689 1218 2720 hora.
1267 2690 1386 2720 Numen
1401 2690 1523 2719 coeleste.
1567 2687 1635 2716 Au-

979 2745 1103 2779 gustum
1119 2739 1238 2770 Deum.
