1760 3172
236 217 292 257 36
627 216 674 255 P.
709 214 921 255 OVIDH
959 214 1237 255 NASONIS

247 331 335 376 Dic
379 330 609 384 habilem,
650 345 981 391 quaecumque
1026 330 1207 385 brevis;
1259 344 1371 391 quae
1413 329 1624 390 turgida,

308 407 371 453 ,Et
394 408 541 454 lateat
566 407 736 453 vitium
764 406 1079 469 proximitate
1107 405 1239 451 boni.

1375 405 1620 468 [plenamz

243 483 347 530 Nec
374 492 555 546 quotus
581 500 737 530 annus
760 491 856 538 eat,
885 499 975 530 nec
1002 499 1101 545 quo
1128 483 1191 529 sit
1217 490 1331 528 nata
1355 482 1551 544 require

307 561 549 608 Consule:
590 576 701 622 quae
727 560 913 622 rigidus
939 575 1143 606 munera
1170 558 1360 606 Censor
1384 560 1550 606 habet.

242 635 515 700 Praecipue,
544 637 584 683 si
609 637 728 683 flore
753 644 904 691 caret,
932 636 1211 698 meliusque
1238 643 1493 698 peractum
1531 638 1627 682 665

305 713 549 776 Tempus;
590 720 639 760 et
664 713 888 759 albentes
907 714 1012 775 jam
1038 713 1158 774 legit
1182 712 1267 758 illa
1291 727 1476 758 comas.

249 789 408 845 Utilis,
435 791 464 835 ὂ
483 790 720 853 juvenes!
760 798 844 836 aut
868 790 990 844 haec,
1019 797 1104 836 aut
1127 789 1281 835 serior
1306 797 1442 836 aetas.

308 867 410 914 Iste
435 867 557 914 feret
582 874 806 929 segetes3
848 867 940 914 iste
967 867 1204 914 serendus
1230 882 1363 928 ager.

242 942 374 989 Dum
395 944 521 990 vires
548 944 763 1006 annique
789 943 970 1000 sinunt,
998 944 1203 991 tolerate
1228 944 1450 991 labores:

304 1019 333 1065 J
340 1036 417 1066 am
442 1021 606 1067 veniet
630 1021 780 1067 tacito
806 1036 957 1067 curva
980 1028 1183 1068 senecta
1205 1021 1351 1084 pede.

1531 1021 1627 1065 670

238 1096 339 1143 Aut
365 1113 498 1144 mare
523 1098 757 1160 remigiis,
786 1105 871 1144 aut
894 1113 1090 1144 vomere
1114 1097 1286 1144 findite
1310 1104 1493 1151 terras;

304 1173 404 1220 Aut
427 1173 530 1220 fera
554 1174 816 1236 belligeras
843 1174 1009 1221 addite
1035 1174 1084 1220 in
1111 1190 1247 1221 arma
1271 1189 1472 1220 manus:

241 1248 341 1295 Aut
364 1250 509 1304 latus,
537 1258 587 1297 et
610 1250 754 1305 vires,
778 1266 1082 1313 operamque
1108 1250 1296 1298 adferte
1321 1250 1516 1314 puellis.

305 1325 415 1372 Hoc
433 1343 633 1390 quoque
649 1327 833 1373 militiae
845 1334 944 1374 est:
979 1327 1071 1373 hoc
1084 1343 1284 1390 quoque
1295 1326 1473 1390 quaerit
1486 1341 1622 1389 opes.

239 1430 323 1461 tiosis
351 1431 449 1461 oculis
471 1431 570 1462 Naso.
603 1433 689 1473 atqui
716 1433 790 1474 paeti
818 1432 899 1462 oculi

242 1489 348 1520 parum
376 1479 477 1510 vitiosi
505 1487 589 1517 sunt,
619 1492 695 1521 quos
722 1482 753 1511 in
776 1482 900 1512 Venere

238 1535 397 1571 tantopere
418 1530 649 1560 commendatos
664 1530 758 1560 fuisse
779 1537 900 1561 constet

240 1579 279 1608 ab
295 1578 362 1620 ipso
378 1579 501 1615 Paride,
517 1579 642 1620 egregio
665 1579 719 1609 illo
733 1579 898 1610 formarum

239 1633 424 1668 spectatore.
456 1628 570 1659 Noster
580 1627 743 1658 Remediis
758 1628 897 1660 Amoris:

285 1677 366 1706 Poeeu
381 1679 434 1707 sub
450 1676 643 1717 Idoenjudice
660 1677 768 1717 Cypris
783 1685 858 1708 erat.

241 1725 321 1755 Hinc
357 1724 542 1767 φιλομειδὴς
576 1724 747 1768 Ἀφροδίτη
784 1726 899 1768 passim

240 1773 360 1804 Graecis
374 1773 488 1815 poetis.
524 1775 585 1805 Sed
601 1785 658 1805 nec
672 1775 744 1805 flavi
759 1775 841 1805 oculi
854 1775 898 1805 vi—

240 1821 320 1857 tiosi,
349 1823 411 1853 imo
449 1822 480 1853 in
511 1823 642 1854 Pallade
677 1823 897 1854 laudabantur.

237 1882 332 1913 quare
348 1878 379 1903 et
395 1873 584 1914 γλαυκῶπις
597 1872 652 1903 illa
667 1873 802 1904 Homero
816 1873 898 1904 aliis-

238 1932 299 1962 que
337 1921 583 1962 frequentissime
623 1921 721 1952 dicta.
781 1922 900 1953 Auctor

244 1970 466 2012 Priapejorum,
481 1970 711 2012 Minei·vaflat·0
722 1972 835 2002 lumine
846 1978 898 2008 est,

246 2019 340 2048 Venus
369 2025 454 2058 palo.
495 2019 577 2060 quod
607 2020 636 2050 in
666 2025 798 2061 utraque
832 2020 898 2051 illic

239 2066 403 2107 pulchrum
427 2067 560 2098 ducitur.
607 2068 692 2104 Quid
722 2070 817 2110 ergo?
855 2070 898 2101 Τὸ

237 2121 313 2152 paetn
337 2115 368 2145 in
391 2116 579 2147 membranis
594 2116 815 2148 vetustioribus
839 2129 898 2148 non

238 2170 408 2205 comparet.
425 2175 479 2205 pro
497 2176 558 2206 quo
573 2176 671 2196 crassa
685 2165 837 2207 plerique,
849 2167 898 2197 vel

234 2223 351 2253 grassa.
376 2213 516 2243 nonnulli
530 2220 560 2244 et
576 2215 603 2244 Ia
613 2220 653 2249 ta,
669 2214 723 2244 sed
747 2214 768 2244 ii
792 2225 896 2246 recen-

238 2260 340 2292 tiores.
375 2261 471 2291 codex
502 2262 622 2303 Regius
651 2263 787 2293 omnium
817 2264 896 2295 anti-

237 2310 415 2351 quissimus,
431 2312 463 2341 Si
477 2314 572 2342 crasia
587 2318 627 2342 est
650 2312 770 2343 Veneris
783 2315 897 2344 similis.

237 2359 331 2389 etiam
346 2359 503 2390 mendose.
551 2360 633 2390 Mihi
649 2360 778 2392 dubium
788 2362 840 2392 vix
852 2369 898 2393 est

237 2409 396 2439 Nasonem
415 2408 582 2451 scripsisse,
599 2410 630 2439 Si
649 2422 706 2450 qua
726 2412 826 2442 straba
845 2420 897 2449 est,

242 2458 347 2488 Veneri
360 2459 472 2488 similis.
489 2458 621 2489 subaudi
633 2461 682 2495 sit,
695 2459 777 2501 quod
792 2462 896 2502 sequi-

237 2513 285 2536 mr
318 2506 456 2547 proximo
485 2513 689 2549 pentametro.
735 2509 839 2538 Strabo
868 2517 899 2541 et

237 2557 353 2585 strabus
368 2555 529 2586 dicebatur
545 2556 675 2593 Latinis,
695 2558 896 2598 quemadmo-

237 2604 311 2634 dum
336 2604 454 2635 Graecis
481 2605 624 2646 στραβὸς
649 2607 700 2636 καὶ
731 2607 895 2648 στραβών.

240 2652 332 2682 Ν11116
347 2652 386 2682 (16
401 2653 547 2684 Minerva
562 2653 734 2685 videamus.
748 2657 894 2696 proflava

237 2700 334 2742 prima
345 2700 440 2732 editio
450 2712 520 2732 cum
536 2713 588 2734 sex
605 2709 762 2745 septemve
773 2698 895 2746 scriptis

232 2761 339 2788 parva.
362 2761 454 2789 parra
481 2750 575 2781 etiam
603 2752 739 2793 optimus
764 2752 892 2793 RegiuS,

967 1432 1092 1473 etflara
1113 1442 1167 1473 pro
1189 1431 1310 1462 diversa
1331 1430 1478 1462 lectione.
1523 1428 1624 1460 Aron-

967 1480 1256 1522 delianusflamma.
1279 1480 1435 1511 secundus
1449 1478 1628 1510 Ambrosia-

968 1540 1026 1560 nus
1037 1541 1146 1569 prava.
1173 1529 1311 1571 proxime
1332 1539 1452 1560 verum.
1478 1534 1525 1559 est
1544 1528 1627 1559 enirn

967 1590 1040 1610 rava
1055 1579 1234 1621 legendum.
1259 1578 1390 1610 Confido
1404 1588 1525 1609 versum
1541 1588 1627 1608 men-

966 1627 1161 1659 dosissimum
1184 1634 1288 1659 nostra
1305 1627 1456 1658 industria
1466 1627 1533 1669 jam
1547 1627 1628 1657 bene

966 1688 998 1708 se
1013 1677 1127 1708 habere
1140 1689 1146 1707 ε

1010 1727 1042 1757 δι’
1065 1739 1123 1768 qua
1144 1729 1256 1762 straba,
1281 1733 1321 1757 est
1343 1726 1451 1756 Veneri
1473 1725 1588 1760 similis,
1603 1726 1628 1754 si

1054 1787 1136 1812 ruva,
1156 1776 1312 1806 Miner-vce.

966 1825 1032 1855 Aut
1047 1824 1125 1855 sicui
1141 1835 1246 1855 versus
1261 1824 1356 1865 paulo
1371 1823 1476 1854 durior
1491 1822 1627 1857 videtur,

966 1880 1000 1904 ut
1017 1879 1064 1904 est
1079 1884 1196 1909 revera,
1212 1875 1238 1904 is
1259 1873 1334 1904 licet
1357 1877 1485 1914 reponat
1501 1882 1550 1903 me
1565 1882 1627 1902 non

965 1923 1142 1954 obnitente:

1010 1973 1043 2002 Si
1067 1973 1178 2008 straba,
1200 1973 1237 2001 sit
1258 1971 1363 2001 Veneri
1387 1971 1502 2006 similis,
1523 1972 1548 2000 si
1561 1971 1627 2011 fla-

1055 2033 1087 2051 ca
1106 2021 1261 2051 Minerva·-

967 2070 1131 2106 Quomodo
1156 2070 1314 2100 Nasonem
1347 2067 1436 2098 nobis
1466 2067 1628 2109 reliquisse

965 2119 1187 2161 propemodum
1212 2117 1411 2160 persuadeor,
1433 2123 1467 2148 ut
1489 2117 1627 2148 credam.

965 2167 1083 2199 Hiems.

1008 2217 1082 2247 664.
1110 2217 1240 2247 Munera
1265 2216 1374 2247 Censor
1397 2214 1510 2254 haben]
1539 2213 1626 2249 Qua·-

966 2278 1030 2297 rere
1054 2278 1156 2297 censor
1178 2265 1418 2307 Neapolitanus.
1450 2275 1512 2296 non
1533 2264 1627 2301 male,

966 2315 1024 2346 nisi
1039 2316 1116 2347 forte
1137 2315 1260 2351 melius,
1276 2326 1338 2355 qua:
1359 2315 1479 2356 rigidus
1499 2323 1628 2353 querere

968 2364 1077 2395 Censor
1089 2371 1179 2395 amat.
1203 2364 1356 2395 Gruterus
1368 2362 1544 2405 conjecerat
1557 2363 1628 2394 obit.

967 2413 1055 2455 quasi
1070 2413 1172 2444 minus
1184 2413 1329 2443 Latinum
1341 2417 1433 2448 esset,
1446 2412 1551 2442 habere
1561 2423 1626 2442 mu-

968 2473 1033 2493 nus.
1056 2462 1111 2493 sed
1128 2461 1172 2492 ita
1187 2468 1218 2493 et
1233 2462 1344 2493 Cicero
1361 2460 1418 2492 lib.
1434 2461 1466 2491 ii.
1483 2460 1522 2492 de
1534 2460 1626 2502 Legi-

966 2510 1036 2541 bus.
1056 2511 1086 2541 3.
1135 2510 1295 2550 Tamquam
1323 2512 1353 2540 id
1374 2510 1510 2541 habuerit
1534 2512 1628 2550 operis

965 2570 1000 2589 uc
1023 2561 1164 2595 muneris,
1182 2566 1215 2589 ut
1231 2560 1307 2590 hanc
1332 2560 1412 2589 nobis
1435 2558 1563 2599 efficeret
1584 2570 1628 2590 se-

963 2610 1026 2638 dem
1054 2610 1093 2638 ad
1122 2610 1348 2648 disputandum.
1378 2607 1433 2638 sed
1459 2614 1491 2638 et
1516 2608 1626 2640 Latine

964 2656 1078 2688 dicitur
1099 2658 1186 2687 habeo
1209 2667 1350 2700 ‹sum-ere,
1371 2656 1397 2687 si
1422 2656 1625 2698 Neapolitani

963 2706 1078 2736 codicis
1093 2706 1276 2747 scripturam
1294 2705 1380 2747 sequi
1397 2705 1484 2737 libet.
1510 2706 1626 2736 Bona.
