1760 3172
251 174 337 216 224

650 174 700 215 Ρ.
735 172 949 216 OVIDII
984 173 1265 217 NASONIS

253 289 482 351 Quaeque
506 288 595 334 viri
621 288 769 336 docto
791 294 983 336 veteres
1009 304 1190 352 cepere
1216 289 1431 353 novique

319 365 549 421 Pectore,
577 365 777 412 lecturis
804 365 1116 428 inspicienda
1140 373 1330 428 patent.

254 442 553 496 Quaerebam
578 442 772 498 fratreS,
800 442 1027 505 exceptis
1054 442 1244 489 scilicet
1268 442 1380 497 illis,
1582 445 1644 490 65

319 518 458 572 Quos
485 536 604 566 suus
631 526 827 582 optaret
851 536 950 566 non
975 519 1208 581 genuisse
1229 535 1440 582 parens:

251 595 571 650 Quaerentem
597 594 779 642 frustra
802 602 971 642 custos
997 611 1093 650 me,
1122 596 1324 644 sedibus
1350 596 1445 642 illis

318 671 643 734 Praepositus,
673 678 845 718 sancto
865 671 1017 733 jussit
1043 672 1177 718 abire
1203 672 1329 719 loco.

249 747 422 795 Altera
445 748 635 810 templa
659 754 792 811 peto,
819 747 980 794 vicino
1000 749 1178 810 juncta
1201 748 1422 805 theatr03

315 823 438 871 Haec
465 839 666 887 quoque
691 831 832 871 erant
857 825 1069 887 pedibus
1095 841 1193 871 non
1218 825 1454 872 adeunda
1478 824 1619 872 meis.

251 901 359 948 Nec
387 917 482 956 me,
504 916 617 963 quae
643 900 805 948 doctis
832 908 1102 964 patuerunt
1126 901 1286 964 prima
1309 901 1507 956 libellis,
1582 904 1640 948 71

317 977 458 1024 Atria
484 977 710 1024 Libertas
736 984 940 1039 tangere
967 993 1118 1040 passa
1143 993 1235 1024 sua
1262 984 1354 1025 est.

254 1053 312 1100 In
338 1071 494 1116 genus
521 1054 736 1101 auctoris
763 1054 928 1101 miseri
954 1054 1150 1101 fortuna
1169 1054 1444 1110 redundat3

319 1130 386 1177 Et
410 1131 625 1194 patimur
649 1132 770 1187 nati,
798 1147 949 1194 quam
974 1131 1088 1178 tulit
1114 1132 1236 1195 ipse,
1260 1130 1444 1193 fugam.

252 1206 479 1253 Forsitan
504 1213 555 1254 et
579 1208 721 1254 nobis
748 1208 864 1254 olim
890 1207 1054 1254 minus
1075 1223 1237 1270 asper,
1265 1214 1316 1254 et
1339 1207 1409 1253 illi
1579 1210 1642 1255 75

320 1283 523 1331 Evictus
549 1284 695 1347 longo
720 1291 947 1348 tempore
975 1284 1147 1331 Caesar
1173 1284 1282 1331 erit.

252 1359 333 1415 Di,
352 1376 541 1424 precor,
562 1368 713 1423 atque
740 1362 882 1418 adeo,
908 1377 1071 1424 neque
1097 1361 1228 1408 enim
1254 1360 1373 1407 mihi
1398 1360 1546 1408 turba
1568 1376 1644 1408 ro-

453 1437 617 1498 ganda
643 1444 736 1493 est,

321 1512 507 1569 Caesar,
536 1514 655 1560 ades
677 1521 809 1569 voto,
836 1514 1055 1561 maxime
1082 1513 1224 1569 Dive,
1252 1513 1390 1561 meo!

252 1588 465 1645 Interea,
493 1590 639 1637 statio
665 1591 900 1653 quoniam
927 1592 1046 1638 mihi
1072 1591 1274 1654 publica
1297 1592 1466 1638 clausa
1491 1597 1584 1646 est,

321 1666 520 1714 Privato
546 1667 696 1714 liceat
721 1667 979 1715 delituisse
1004 1668 1113 1715 loco
1134 1685 1143 1715 :
1584 1670 1646 1714 80

252 1823 284 1853 in
317 1823 503 1855 Prometheo
518 1837 525 1854 t
563 1823 668 1856 Τοιὰἰῗ
699 1824 748 1856 ἐπ’
779 1824 917 1867 ἐχθροὺς

251 1873 328 1910 τοὺς
344 1873 437 1914 ἐμοὺς
452 1873 538 1904 ἔλθοι
552 1873 688 1915 κύπρις;

694 1923 787 1953 Pater

297 1971 460 2001 Collaudat
478 1973 546 2012 ipse,
555 1971 679 2013 foribus
694 1974 849 2008 excubans,
865 1983 915 2002 ne-

369 2021 438 2061 fas,

298 2068 338 2098 Ec
356 2069 465 2099 lustrat
481 2079 573 2099 enses.

296 2118 349 2147 63.
378 2118 506 2158 Quoeque
522 2119 580 2148 viri
603 2118 714 2158 docta]
743 2117 918 2149 Bibliothe-

251 2176 321 2197 cam
345 2165 503 2207 intelligit,
518 2177 612 2208 quam
637 2167 798 2208 Augustus
821 2167 918 2198 aedifi-

251 2216 335 2246 cavit
350 2215 380 2246 in
396 2222 484 2257 parte
500 2215 610 2246 domus
626 2216 792 2246 Palatinae.

295 2266 347 2295 65.
374 2265 702 2306 Quaerebamfralres.]
731 2266 918 2301 Quaerebam

251 2313 283 2344 in
297 2313 409 2344 eadem
424 2313 616 2345 bibliotheca
627 2320 755 2344 caeteros
770 2313 864 2344 libros
879 2315 918 2344 ab

252 2362 367 2393 Ovidio
389 2363 598 2404 composit0s;
635 2369 786 2405 tanquam
811 2363 919 2394 fratres

252 2422 337 2442 meos
353 2412 391 2442 ab
407 2411 473 2453 ipso
488 2413 619 2453 genitos.

294 2461 346 2490 69.
371 2460 478 2490 Altera
502 2462 609 2499 templa
630 2460 725 2500 pem]
758 2460 838 2490 Sunt
863 2460 915 2500 qui

252 2508 303 2539 hic
325 2508 364 2539 de
386 2509 504 2550 templo
528 2509 657 2550 Magnae
678 2508 786 2539 matris
802 2508 916 2538 intelli-

252 2563 328 2597 gant
345 2569 351 2587 ε
390 2557 530 2599 plerique
567 2558 606 2588 de
644 2558 760 2599 templo
790 2558 914 2588 Vestae:

253 2606 351 2647 magis
366 2606 480 2647 placet,
494 2613 619 2648 propter
631 2617 764 2648 sequens
780 2616 916 2641 carmen,

257 2654 422 2685 Libertatis
445 2655 557 2685 atrium
583 2655 753 2697 intelligas,
770 2655 853 2696 quod
878 2656 916 2684 ah

253 2703 362 2733 Asinio
382 2703 523 2734 Pollione
547 2710 686 2736 erectum
707 2703 918 2735 esu—Vicum

986 1827 1113 1856 theatro.
1136 1825 1272 1856 Theatro
1287 1824 1445 1860 Marcelli,
1462 1829 1516 1855 aut
1531 1825 1649 1856 Corne—

983 1874 1016 1905 lii
1034 1874 1137 1910 Balbi,
1153 1874 1338 1916 propinquo.
1384 1874 1477 1903 Man.

1022 1923 1172 1954 Heinsius
1182 1922 1330 1964 intelligit
1340 1922 1492 1964 templum
1504 1921 1650 1952 Herculis

983 1973 1171 2013 Musagetae,
1193 1971 1232 2002 de
1254 1982 1316 2012 quo
1342 1983 1370 2001 v.
1396 1970 1537 2002 Gellium
1553 1969 1594 2000 A.
1606 1970 1649 2000 N.

985 2021 1048 2052 xix.
1065 2032 1093 2051 c.
1113 2023 1144 2052 5.
1172 2021 1280 2051 Burm.
1307 2030 1380 2050 vero
1402 2024 1493 2060 putat
1516 2018 1650 2050 Veneris

983 2069 1122 2101 victricis
1148 2069 1311 2111 templum,
1343 2068 1481 2099 vicinum
1508 2067 1651 2110 Pompeii

986 2119 1127 2156 theatr03
1152 2119 1316 2159 Verpoort.
1339 2117 1475 2158 denique
1497 2116 1650 2158 porticum

986 2167 1140 2202 Octaviae,
1157 2166 1292 2197 vicinam
1310 2166 1431 2197 theatro
1446 2164 1604 2201 Marcelli,
1619 2165 1652 2196 in

986 2227 1049 2257 qua
1062 2217 1224 2257 Augustus
1234 2216 1363 2246 alteram
1379 2214 1525 2245 instruxit
1539 2213 1650 2245 biblio-

986 2266 1122 2295 thecam.
1168 2265 1318 2295 HAnLEs.

1031 2315 1082 2344 73.
1108 2313 1146 2344 In
1168 2324 1264 2354 genus
1292 2313 1424 2343 auctoris
1448 2311 1574 2352 miser-12]
1612 2311 1651 2341 In

986 2361 1080 2393 libros
1095 2361 1174 2392 filios
1190 2361 1324 2392 infelicis
1339 2359 1457 2391 Ovidii.

1029 2413 1080 2441 74.
1101 2411 1140 2440 Et
1154 2409 1432 2451 putimurjizgunn]
1460 2410 1500 2439 Et
1515 2419 1569 2439 nos
1580 2408 1650 2439 libri

986 2459 1093 2491 Ovidii
1110 2460 1266 2500 fugamur.

1030 2509 1081 2539 75.
1109 2508 1147 2538 Et
1165 2508 1241 2548 illi.]
1271 2507 1310 2537 Et
1322 2506 1448 2537 Ovidio.

1029 2558 1080 2587 79.
1104 2556 1227 2596 Statim]
1255 2553 1651 2586 h.e.locusinbibliothe-

986 2606 1042 2641 cis,
1057 2605 1241 2647 metaphora
1256 2614 1274 2634 a
1287 2603 1418 2634 navibus
1431 2608 1543 2634 sumta.
1588 2602 1650 2633 Ce-

985 2655 1061 2684 dant
1083 2654 1175 2694 igitur
1194 2652 1333 2684 carmina
1348 2651 1455 2683 Ovidii
1472 2661 1490 2681 a
1505 2650 1649 2693 publica-

986 2714 1051 2734 rum
1068 2702 1331 2734 bibliothecarum
1346 2700 1502 2743 praefeetis
1520 2700 1648 2742 rejecta,
