1760 3172
383 176 476 218 EX
509 175 722 218 PONTO
757 175 877 217 LIB.
911 176 948 217 Ι.
983 176 1175 218 EPIST.
1208 177 1300 219 III.

1453 179 1538 220 365

155 292 274 356 Ipsa
299 308 389 339 sua
412 291 586 339 melior
606 291 750 347 fama,
777 292 1096 338 laudantibus
1123 292 1246 348 istis,

223 369 436 416 Claudia
460 369 626 416 divina
650 386 747 416 non
774 368 996 431 eguisset
1019 385 1130 432 ope.

155 445 260 492 Nos
278 462 476 508 quoque
498 446 771 509 praeteritos
794 446 899 493 sine
920 446 1033 493 labe
1050 446 1334 508 peregimus
1354 463 1534 495 annos:

220 521 456 569 Proxima
480 539 593 586 pars
618 523 729 569 vitae
755 522 1077 570 transilienda
1101 539 1241 570 meae.

1445 527 1536 571 146

155 599 256 647 Sed
271 600 333 647 de
349 616 428 647 me
444 606 499 646 ut
514 599 704 655 sileam,
723 601 830 662 conj
840 616 906 646 ux
922 615 1033 657 mea
1050 600 1242 647 sarcina
1255 607 1419 647 vestra
1434 608 1533 649 est:

221 676 336 724 Non
361 684 503 741 potes
529 677 656 724 hanc
683 679 818 725 salva
841 678 1153 725 dissimulare
1178 678 1292 726 fide.

155 753 393 816 Confugit
417 754 522 801 haec
545 755 607 801 ad
631 770 746 811 vos3
774 761 964 803 vestras
992 755 1307 818 amplectitur
1331 771 1439 803 aras
1459 773 1468 803 :

219 830 249 877 J
255 847 339 878 ure
364 831 499 878 venit
524 832 683 879 cultos
709 832 771 879 ad
798 833 892 879 sibi
919 833 1132 895 quisque
1159 832 1311 881 Deos,

1448 835 1538 880 150

153 907 402 972 Flensque
427 916 583 972 rogat,
612 910 843 973 precibus
869 911 1021 957 lenito
1049 910 1251 958 Caesare
1275 910 1468 966 vestris,

221 985 380 1034 Busta
405 986 480 1033 sui
505 986 628 1034 fiant
652 994 706 1035 ut
730 987 961 1051 propiora
984 987 1090 1034 viri.

553 1359 985 1406 EPISTOLA
1041 1360 1139 1407 III.

722 1499 986 1541 RUFINO.

153 1614 320 1662 HANG
347 1615 437 1663 tibi
465 1616 602 1664 Naso
627 1624 740 1664 tuus
763 1618 931 1674 mittit,
961 1618 1159 1674 Rufine‚
1187 1620 1415 1676 salutem,

221 1692 319 1747 Qui
344 1692 492 1740 miser
515 1701 607 1749 est,
634 1694 720 1741 ulli
747 1695 786 1741 si
814 1711 932 1742 suus
959 1711 1069 1743 esse
1093 1703 1276 1759 potest.

153 1852 227 1878 nata
247 1852 294 1878 est
312 1846 421 1884 Accia,
441 1848 577 1889 Augusti
599 1854 708 1884 mater,
731 1861 813 1892 quae,

152 1902 222 1939 post
246 1897 349 1928 mariti
375 1897 503 1928 Octavii
526 1905 668 1934 mortem,
692 1900 815 1931 Marcio

156 1945 301 1988 Philippo
320 1947 434 1989 nupsit,
457 1946 511 1989 qui
531 1948 569 1978 ab
586 1948 677 1978 Anco
694 1948 816 1980 Marcio

153 2006 251 2036 genus
269 1995 377 2027 traxit.
422 1997 463 2029 Et
478 2007 515 2027 ex
531 1997 641 2028 eodem
656 1997 814 2040 Philippo,

152 2051 185 2076 et
199 2045 308 2077 Acciae
324 2056 437 2083 sorore,
451 2057 487 2077 ac
495 2052 663 2078 matertera
677 2046 815 2088 Augusti

153 2095 314 2132 defuncta,
343 2102 511 2138 antequam
529 2096 662 2128 Acciam
688 2097 816 2128 duceret

153 2143 328 2188 Philippus,
340 2146 495 2177 Marciam
511 2153 617 2177 natam
635 2147 751 2183 volunt,
767 2146 815 2177 di-

153 2201 244 2226 cente
275 2195 391 2227 ovidio
418 2196 450 2227 in
480 2197 566 2227 Fast.
617 2197 817 2228 Credendum

155 2249 202 2274 est
219 2255 290 2286 ergo
301 2245 461 2281 Ovidium,
474 2245 524 2276 hic
541 2245 715 2286 significare
728 2257 817 2276 suam

154 2304 282 2324 uxorem
306 2294 430 2325 tertiam
459 2295 498 2325 de
523 2295 614 2325 domo
640 2295 817 2331 Fabiorum,

157 2343 297 2385 puellam
310 2344 489 2381 admodum,
502 2343 601 2386 primo
613 2355 745 2375 sororem
755 2345 819 2375 Ac-

155 2393 224 2430 ciae,
236 2399 268 2424 et
277 2393 414 2436 Augusti
425 2400 634 2430 materteram,
646 2401 677 2425 et
690 2395 820 2425 Marciae

155 2447 286 2473 matrem
317 2443 458 2481 coluisse,
486 2443 600 2474 deinde
630 2444 696 2485 ejus
724 2443 820 2474 filiam

155 2491 324 2522 Marciam.

199 2541 271 2570 144.
309 2540 468 2582 Claudia]
507 2542 639 2579 Quinta,
668 2542 819 2579 Vestalis,

155 2600 252 2630 quum
266 2589 348 2620 laesae
362 2590 523 2632 pudicitiae
540 2597 735 2632 argueretur,
749 2592 821 2622 Ma-

154 2638 193 2668 tri
210 2638 319 2675 deum,
338 2640 427 2682 cujus
447 2640 649 2672 simulacrum
664 2647 738 2672 tunc
755 2642 820 2672 Ro-

153 2698 236 2718 mam
257 2688 483 2725 advehebatur,
500 2690 623 2720 obviam
643 2689 711 2726 ivit,
735 2700 821 2720 eam-

154 2749 216 2779 que
244 2744 355 2769 testem
379 2738 539 2783 pudicitiae
569 2750 632 2770 suae
659 2739 819 2776 invocans,

883 1852 998 1887 navim,
1023 1852 1055 1882 in
1079 1862 1141 1893 qua
1165 1852 1224 1882 dea
1251 1852 1322 1883 vehi
1348 1851 1543 1888 credebatur,

883 1901 1009 1942 cingulo
1037 1912 1091 1932 suo
1118 1901 1290 1941 adligatam
1319 1901 1386 1932 sola
1415 1901 1544 1932 adverso

884 1950 1010 1980 flumine
1027 1950 1131 1986 traxit,
1148 1961 1247 1991 eoque
1265 1950 1416 1980 miraculo
1431 1950 1545 1980 famam

882 1998 1042 2041 pudicitiae
1057 1999 1268 2041 recuperavit:
1286 1998 1357 2029 vide
1375 1999 1493 2029 Fastor.
1504 1999 1545 2030 iv.

885 2049 961 2079 305.
979 2049 1052 2079 344.
1070 2048 1139 2079 Liv.
1157 2048 1265 2079 xxviii.
1284 2049 1335 2079 14.
1383 2048 1531 2080 HARLES.

929 2098 1044 2128 Divina
1071 2098 1149 2138 ope]
1182 2097 1311 2128 Auxilio
1337 2098 1482 2138 Cybeles,
1512 2103 1545 2128 ut

884 2148 1092 2190 suspicionem
1102 2148 1226 2179 violatae
1242 2147 1395 2177 castitatis
1408 2153 1546 2188 poneret.

931 2198 1001 2227 146.
1030 2196 1327 2236 Estt1·a⁷1siliemla.]
1353 2197 1408 2226 Est
1424 2196 1546 2227 silentio

884 2246 1101 2288 praetereunda
1113 2260 1119 2276 :
1147 2245 1220 2287 quia
1232 2246 1325 2287 paulo
1338 2251 1409 2276 ante
1422 2251 1547 2276 notatus

884 2295 928 2325 fui
948 2295 1086 2330 infamia,
1103 2301 1133 2325 et
1151 2294 1307 2335 relegatus
1325 2300 1448 2336 propter
1466 2305 1545 2336 prae-

885 2350 977 2386 cepta
992 2342 1153 2374 amatoria.

933 2394 1002 2423 147.
1021 2393 1073 2422 Est
1092 2398 1188 2422 vestra
1202 2391 1348 2432 sarcina]
1374 2392 1448 2422 Erat
1463 2391 1546 2422 enim

887 2453 925 2473 ex
941 2441 1152 2472 Maximorum
1168 2440 1297 2472 familia.

931 2491 1002 2522 149.
1029 2491 1145 2522 Vestras
1160 2490 1256 2530 aras]
1285 2491 1397 2521 Vestra
1417 2488 1548 2526 auxilia,

887 2551 941 2570 vos
956 2540 1112 2582 precando
1127 2546 1277 2580 tanquam
1292 2550 1362 2569 suos
1377 2539 1472 2568 Deos.

903 2639 921 2656 ἐξ
934 2638 1031 2668 Abest
1040 2642 1105 2668 tota
1116 2636 1183 2667 haec
1196 2635 1326 2678 epistola
1338 2646 1355 2666 a
1365 2635 1547 2666 Sarraviano

888 2687 1006 2718 codice.
1051 2684 1324 2727 Argentorateusis
1351 2690 1421 2727 post
1445 2685 1547 2726 proxi-

889 2747 971 2767 mam
987 2735 1151 2777 epistolam
1169 2734 1356 2766 collocabat.
1396 2734 1513 2765 HEINS.
