1760 3172
583 446 649 494 P.
679 444 913 493 OV1D11
947 443 1254 492 NASONIS

325 614 1041 675 REMEDIORUM
1119 612 1517 672 AMORIS

689 789 913 829 LIBER
954 789 1153 828 UNUS.

795 957 1057 991 ..4-

228 1115 495 1162 LEGERAT
522 1114 670 1177 hujus
695 1113 851 1161 Amor
874 1113 1076 1160 titulum
1102 1127 1385 1175 nomenque
1410 1111 1589 1161 libelli:

297 1191 441 1239 Bella
465 1191 602 1248 mihi,
630 1190 790 1248 video,
818 1191 952 1239 bella
975 1196 1229 1255 parantur,
1258 1191 1342 1237 ait.

230 1268 389 1316 Parce
414 1276 557 1315 tuum
581 1274 746 1315 vatem
772 1268 975 1316 sceleris
1001 1267 1255 1323 damnare,
1285 1266 1509 1331 Cupido;

295 1345 499 1392 Tradita
520 1345 605 1408 qui
630 1345 796 1401 toties,
823 1351 873 1392 te
899 1345 1044 1401 duce,
1071 1345 1214 1407 signa
1237 1344 1345 1392 tuli.

230 1422 345 1470 Non
371 1439 464 1485 ego
491 1422 732 1486 Tydides,
761 1438 790 1470 a
816 1439 916 1486 quo
937 1429 1025 1470 tua
1049 1422 1220 1470 saucia
1244 1421 1411 1469 Mater
1597 1425 1627 1470 5

298 1500 357 1547 In
378 1499 625 1563 liquidum
650 1500 797 1566 red-iit
821 1501 1009 1548 aethera
1034 1499 1212 1548 Martis
1238 1499 1400 1563 equis.

233 1576 380 1641 Saepe
405 1584 580 1641 tepent
604 1577 686 1624 alii
705 1578 944 1641 juvenes:
984 1594 1078 1641 ego
1105 1593 1303 1642 semper
1328 1577 1503 1625 amavi.

299 1654 365 1702 Et
389 1654 447 1711 si,
475 1655 596 1718 quid
622 1655 801 1703 faciam
826 1672 957 1703 nunc
985 1671 1204 1720 quoque,
1232 1655 1445 1718 quaeris3
1498 1671 1625 1703 amo.

231 1731 365 1787 Quin
390 1733 541 1780 etiam
566 1733 729 1790 docui,
758 1735 860 1797 qua
887 1734 1049 1798 possis
1074 1739 1179 1782 arte
1203 1734 1392 1798 parari:

302 1808 370 1856 Et
394 1811 531 1873 quod
556 1827 689 1858 nunc
715 1811 839 1858 ratio
866 1818 958 1867 est,
985 1812 1203 1876 impetus
1231 1817 1345 1858 ante
1370 1810 1478 1858 fuit.
1573 1813 1632 1858 lo

237 1886 346 1934 Nec
371 1894 438 1943 te,
465 1888 649 1935 blande
674 1904 813 1952 puer,
841 1904 933 1936 nec
963 1895 1157 1936 nostras
1186 1888 1442 1952 prodimus
1468 1895 1628 1937 artes:

303 1963 350 2010 N
357 1980 414 2011 ec
440 1981 567 2012 nova
590 1965 899 2029 praeteritum
926 1964 1078 2012 Musa
1102 1966 1283 2012 retexit
1308 1981 1450 2029 opus.

239 2041 292 2088 Si
318 2041 430 2104 quis
457 2048 606 2098 amat,
636 2043 770 2105 quod
796 2058 961 2090 amare
982 2044 1138 2105 juvat,
1166 2042 1376 2090 feliciter
1402 2043 1580 2091 ardens

305 2118 554 2175 Gaudeat,
582 2126 632 2167 et
655 2127 801 2168 vento
827 2121 1026 2183 naviget
1051 2120 1132 2168 ille
1159 2136 1264 2167 suo.

260 2251 313 2281 DE
322 2249 460 2281 REMED.
471 2250 607 2283 Anionis
620 2253 722 2283 LIBER
735 2253 897 2293 Faunus]
970 2253 1014 2283 Ut
1030 2251 1072 2283 ibi
1088 2251 1255 2293 legendum
1271 2256 1357 2293 puto.
1403 2251 1520 2282 mes.

237 2299 345 2331 Codex
366 2300 486 2341 Regius
503 2306 534 2331 et
557 2300 610 2331 alii
630 2301 771 2332 nonnulli
787 2301 900 2332 librum
1012 2304 1042 2332 5.
1059 2303 1085 2331 A
1101 2312 1156 2341 quo
1174 2308 1226 2330 tua
1241 2302 1345 2331 saucia
1363 2300 1494 2341 Μιιεεικ]
1514 2301 1635 2337 Quem-

237 2359 333 2379 unum
363 2349 483 2379 faciunt
511 2360 548 2379 ex
579 2350 711 2380 duobus.
740 2356 771 2381 et
807 2357 900 2382 recte.
969 2349 1138 2381 admodum
1151 2350 1258 2380 Venus
1270 2360 1288 2380 a
1301 2349 1458 2380 Diomede
1470 2349 1635 2381 vulnerata

237 2397 351 2428 Noster
367 2397 448 2428 enim
468 2397 534 2440 ipse
555 2399 687 2429 libellum
703 2405 794 2430 vocat
810 2399 902 2441 hujus
968 2398 1072 2434 suerit,
1089 2398 1197 2429 scribit
1222 2399 1377 2429 Homerus
1399 2397 1492 2429 Iliad.
1516 2403 1552 2430 E.
1571 2410 1635 2430 me-

236 2447 391 2488 poe'matis
404 2447 504 2478 initio.
541 2447 667 2478 Deinde
682 2447 764 2479 idem
781 2449 901 2489 Regius
968 2448 1059 2478 minit
1088 2453 1119 2479 et
1155 2446 1317 2489 Virgilius,
1341 2447 1399 2479 lib.
1431 2447 1474 2479 xi.
1503 2448 1636 2480 AEne'id.

238 2496 449 2526 Remediurum
465 2497 583 2527 Amoris
598 2498 705 2527 librum
723 2497 877 2528 inscribit.
970 2496 1063 2528 CIOF.

281 2546 312 2576 3.
336 2546 461 2577 Sceleris
475 2547 647 2588 domnam]
676 2547 813 2578 Imitatio
830 2547 901 2578 Vir-
1014 2547 1064 2576 11.
1090 2545 1216 2577 Nostros
1226 2546 1406 2586 prodimus]
1434 2546 1548 2577 Malim
1561 2557 1634 2577 cum

238 2594 293 2636 gil.
309 2605 346 2626 ex
363 2595 446 2627 Ceiri
466 2597 537 2627 187.
969 2595 1152 2637 Argentino,
1168 2602 1294 2627 vestras:
1315 2606 1387 2626 nam
1404 2596 1553 2637 sequitur,
1572 2608 1637 2627 nos-

350 2645 424 2679 Quis
440 2657 496 2675 mm
509 2647 600 2676 bonus
615 2647 711 2676 omniu
729 2647 814 2676 malit
970 2652 1022 2675 tra*
1035 2647 1146 2676 sentiat
1158 2647 1230 2676 ortis
1242 2657 1332 2686 opem.
1348 2651 1380 2676 et
1392 2645 1432 2676 ad
1443 2645 1634 2688 Cupidinem

283 2693 420 2729 Credere,
436 2706 521 2734 qnam
534 2697 612 2726 tanti
627 2696 743 2726 sceleris
758 2697 902 2726 damnare
970 2694 1081 2726 melius
1096 2695 1234 2727 refertur.
1280 2696 1397 2726 Brun.

321 2745 473 2781 puellam?
