1760 3172
199 167 284 208 424

203 281 417 328 Pectora
435 295 586 343 qugd-m
611 295 722 326 mea
741 287 855 326 sunt
875 279 1000 327 serie
1020 287 1210 326 caecata
1228 279 1448 326 laborum
1468 297 1476 326 :
1517 283 1579 326 45
1616 293 1664 348 ’ἴω

584 165 634 205 Ρ.
668 164 880 205 OVIDIl
915 164 1193 205 NASONIS

270 356 335 403 Et
359 356 479 402 nihil
504 356 684 411 inveni,
712 356 846 418 quod
872 355 990 401 mihi
1016 355 1163 403 ferret
1186 372 1348 419 opem.

203 433 406 480 Artibus
432 433 658 496 ingenuis
685 432 893 495 quaesita
917 439 995 478 est
1020 432 1175 494 gloria
1199 432 1394 479 multis:

269 509 447 557 Infelix
474 510 596 573 perii
621 510 821 556 dotibus
847 510 953 573 ipse
978 510 1117 557 meis.

202 586 316 633 Vita
340 586 470 650 prior
493 587 611 633 vitio
636 593 786 641 caret,
815 594 866 632 et
890 586 995 633 sine
1019 587 1130 634 labe
1157 595 1383 650 peracta:

268 664 455 710 Auxilii
480 663 660 710 misero
686 663 754 709 nil
780 663 893 710 tulit
918 663 1002 711 illa
1025 664 1160 711 mihi.
1520 668 1583 711 50

202 740 366 804 Culpa
391 740 550 803 gravis
577 739 807 803 precibus
833 739 1044 786 donatur
1069 757 1201 804 saepe
1227 758 1454 789 suorum:

269 818 444 864 Omnis
470 833 558 880 pro
585 817 725 864 nobis
751 817 910 879 gratia
934 825 1071 864 muta
1094 817 1201 865 fuit.

200 894 418 958 Adjuvat
442 895 490 941 in
516 894 654 941 duris
680 894 800 941 alios
827 895 1091 958 praesentia
1115 895 1290 943 rebus:

267 972 448 1019 Obruit
472 973 564 1019 hoc
590 973 773 1020 absens
797 979 937 1019 vasta
962 972 1178 1036 procella
1203 980 1370 1036 caput.

199 1048 322 1103 Quae
343 1066 441 1096 non
458 1049 735 1097 horruerint
753 1050 957 1096 tacitam
976 1064 1176 1112 quoque
1194 1048 1407 1097 Caesaris
1429 1049 1579 1096 iram?

265 1127 452 1174 Addita
476 1134 592 1174 sunt
615 1126 773 1190 poenis
800 1142 976 1191 aspera
995 1126 1146 1173 verba
1167 1126 1307 1173 meis.
1517 1128 1578 1173 56

203 1203 281 1250 Fit
305 1203 424 1266 suga
447 1204 754 1267 temporibus
780 1204 932 1251 levior
949 1220 960 1266 :v
985 1204 1238 1266 projectus
1262 1203 1313 1249 in
1338 1218 1507 1266 aequor

265 1280 533 1328 Arcturum
556 1280 684 1327 subii
710 1268 1075 1343 Pleiadumque
1101 1281 1274 1327 minas.

200 1359 346 1422 Saepe
371 1359 532 1406 solent
551 1359 783 1422 hyemem
808 1358 1054 1422 placidam
1081 1357 1262 1405 sentire
1282 1357 1488 1405 carinae:

264 1434 377 1482 Non
403 1435 588 1482 Ithacae
614 1436 770 1499 puppi
792 1436 964 1483 saevior
990 1436 1123 1483 unda
1145 1435 1253 1482 fuit.
1513 1436 1576 1480 60

200 1512 361 1560 Recta
383 1513 506 1560 fides
532 1513 769 1560 comitum
794 1521 990 1578 poterat
1013 1514 1142 1561 mala
1165 1520 1333 1560 nostra
1352 1512 1512 1559 levare
1531 1528 1541 1558 :

267 1590 438 1638 Ditata
462 1597 540 1637 est
564 1591 734 1654 spoliis
760 1590 949 1655 perfida
972 1591 1117 1637 turba
1141 1590 1281 1637 meis.

198 1665 371 1713 Mitius
397 1667 627 1714 exsilium
645 1667 833 1714 faciunt
856 1668 965 1714 loca
983 1667 1204 1727 :tristior
1228 1666 1325 1714 ista

263 1742 416 1790 Terra
440 1744 531 1790 sub
557 1744 797 1791 ambobus
822 1760 919 1791 non
937 1745 1077 1807 jacet
1100 1744 1200 1791 ulla
1223 1743 1365 1808 polis.

198 1818 291 1866 Est
315 1820 502 1883 aliquid
526 1821 698 1884 patriis
723 1821 938 1869 vicinum
961 1822 1141 1869 finibus
1167 1838 1305 1870 esse:
1513 1823 1574 1868 65

266 1895 455 1944 Ultima
477 1914 557 1945 me
581 1899 746 1956 tellus,
767 1899 969 1947 ultimus
995 1899 1126 1947 orbis
1152 1900 1318 1947 habet.

237 2072 289 2102 52.
321 2071 394 2102 Fuit
426 2080 508 2103 muta
533 2085 588 2114 pro
615 2076 721 2116 nobis]
770 2077 852 2113 Quia

195 2130 286 2150 nemo
315 2121 434 2152 amicus
470 2133 523 2164 pro
556 2134 605 2154 me
635 2124 850 2166 imperatorem

193 2168 302 2205 oravit,
322 2175 356 2200 ut
370 2169 554 2211 ignosceret.
582 2173 674 2204 Mna.
721 2174 781 2204 Vel
797 2174 850 2205 de-

193 2218 331 2259 precatio
349 2225 380 2250 et
405 2220 590 2262 supplicatio
614 2233 751 2253 meorum
775 2223 851 2254 nihil

193 2267 307 2303 effecit,
332 2279 368 2299 ac
385 2268 481 2300 veluti
508 2277 594 2301 muta
615 2281 651 2302 ac
674 2272 761 2303 nulla
783 2273 851 2303 suit.

193 2317 296 2348 Poxr.

236 2367 289 2397 57.
306 2366 447 2408 Fitfuga
465 2371 640 2408 temporibus
655 2371 774 2411 lei-ion]
792 2371 850 2402 Le-

192 2414 262 2446 vius
291 2415 370 2446 solet
398 2427 464 2448 esse
493 2418 693 2460 supplicium,
725 2420 851 2461 quando

192 2465 316 2495 exsules
330 2466 447 2496 abeunt
461 2473 626 2508 expectato
644 2474 780 2510 tempore
797 2479 850 2500 na·

193 2513 341 2554 vigationi
366 2522 447 2556 apto.
493 2516 573 2547 Aliis
590 2528 660 2549 vero
683 2518 849 2549 incommo—

193 2561 241 2591 dis
274 2563 350 2594 meis
380 2563 436 2594 hoc
473 2565 568 2596 etiam
594 2567 735 2603 accessit,
765 2567 848 2609 quod

193 2609 318 2651 fugatus
332 2623 399 2642 sum
416 2613 493 2644 tristi
505 2614 614 2646 sidere.

235 2661 287 2690 58.
303 2662 469 2692 Arcturum
492 2664 596 2704 subii]
622 2665 771 2707 Tempore
787 2678 848 2708 quo

194 2707 343 2739 Arcturus
356 2721 483 2752 magnos
493 2711 605 2744 imbres
615 2715 753 2755 parabat.
766 2716 846 2757 coepi

919 2077 1080 2117 navigare.

961 2127 1013 2157 59.
1039 2126 1194 2156 Placidum
1219 2125 1376 2166 hyemem]
1411 2125 1572 2156 Placidum

919 2180 1143 2216 tempestatem.

962 2224 1014 2254 62.
1033 2224 1139 2263 spoliis
1154 2226 1233 2259 meis,
1249 2223 1323 2263 δια]
1344 2224 1394 2254 De
1411 2223 1575 2254 comitibus

918 2272 1045 2308 itineris,
1083 2273 1146 2303 sive
1186 2272 1395 2315 profectionis,
1434 2273 1575 2314 intelligo

919 2321 1000 2352 huuc
1022 2322 1135 2358 locum,
1160 2332 1289 2363 quorum
1313 2322 1452 2363 perfidia,
1477 2323 1576 2359 bonis,

919 2379 972 2402 aut
1002 2372 1093 2403 rebus
1119 2371 1307 2413 quibusdam
1336 2371 1400 2402 suis
1426 2372 1576 2414 spoliatus

918 2421 1009 2451 fuerit
1037 2429 1146 2462 poeta:
1180 2432 1252 2452 nam
1285 2421 1359 2452 alibi
1388 2422 1462 2452 satis
1491 2421 1575 2452 clare

917 2469 1082 2511 significat,
1101 2470 1177 2500 nihil
1198 2470 1256 2500 sibi
1281 2480 1299 2501 a
1318 2471 1443 2502 Caesare
1465 2476 1575 2512 praeter

917 2519 1062 2560 patriam,
1079 2519 1258 2561 ademptum
1274 2518 1377 2550 fuisse.
1416 2520 1540 2550 Mrem..

961 2569 1012 2599 64.
1032 2568 1092 2598 Sub
1115 2570 1250 2599 ambabus
1271 2568 1373 2609 polis.]
1410 2569 1474 2599 Sub
1502 2569 1572 2610 polo

916 2618 1030 2649 arctico
1045 2625 1075 2649 et
1091 2619 1274 2649 antarctico.

959 2668 1009 2698 66.
1031 2669 1145 2699 Ultima
1169 2668 1284 2708 tellus]
1308 2667 1415 2699 Tellus
1430 2667 1572 2699 Pontica.

916 2717 1007 2746 ὒῐικ.
