1760 3172
207 167 292 209 534

212 282 401 330 Naidas
428 298 455 328 a
483 280 677 344 Satyris
698 287 900 328 caneret
925 279 1179 327 Fontanus
1205 289 1418 337 amatas;

525 165 574 206 P.
609 163 820 206 OVIDII
855 164 1151 214 NASONIS,
1181 165 1310 208 ETC.

1533 284 1598 329 35

281 357 552 406 Clauderet
576 357 848 420 imparibus
874 357 1027 403 verba
1053 356 1262 420 Capella
1287 358 1462 405 modis.

214 436 484 498 Quumque
508 433 670 481 forent
690 433 788 489 alii,
814 426 1026 496 quorum
1053 433 1171 480 mihi
1195 442 1378 482 cuneta
1402 435 1582 482 referre

283 512 499 560 Nomina
522 512 671 573 longa
693 526 832 557 mora
856 518 948 566 est,
972 500 1194 558 'carmina
1218 512 1393 574 vulgus
1414 513 1593 567 habet;

217 590 400 638 Essent
423 597 475 637 et
494 590 718 652 juveneS,
747 603 956 650 quorum
981 588 1117 650 quod
1141 588 1327 636 inedita
1351 605 1470 636 cura
1494 596 1586 642 est,

282 665 711 730 Appellandorum
736 664 804 710 nil
830 664 948 710 mihi
968 664 1094 727 juris
1121 665 1292 722 adest;

1538 668 1602 711 40

217 743 289 792 Te
313 751 479 790 tamen
504 743 554 789 in
578 743 724 789 turba
747 758 845 788 non
872 741 1048 797 ausim,
1074 742 1241 798 Cotta,
1266 743 1426 798 silere,

285 820 541 868 Pieridum
565 820 749 874 lumen,
777 817 1165 882 praesidiumque
1190 819 1304 875 fori;

219 897 475 945 Maternos
503 897 677 944 Cottas
703 897 782 943 cui
805 896 1174 959 Messallasque
1201 905 1435 960 paternos

287 974 513 1022 Maxima
536 961 769 1038 nobilitas
795 972 1098 1035 ingeminata
1122 974 1278 1020 dedit.

224 1052 404 1099 Dicere
429 1050 470 1119 si
494 1050 568 1097 fas
594 1058 684 1106 est,
712 1050 845 1097 claro
871 1066 981 1097 mea
1005 1050 1203 1098 nomine
1232 1050 1396 1105 Musa,

1542 1053 1607 1096 45

289 1129 459 1192 Atque
483 1128 610 1175 inter
634 1126 814 1183 tantos,
843 1143 954 1191 quae
978 1128 1239 1190 legeretur,
1267 1135 1389 1175 erat.

224 1206 357 1269 Ergo
383 1206 670 1274 submptum
694 1204 856 1269 patria
879 1205 1214 1268 proscindere,
1239 1204 1375 1260 livor,

292 1283 503 1340 Desine3
523 1309 531 1333 ‚¹
544 1299 641 1330 neu
661 1283 852 1330 cineres
878 1298 1073 1346 sparge,
1096 1289 1317 1338 cruente,
1346 1298 1499 1329 meos

228 1361 412 1408 Omnia
435 1360 767 1424 perdidimus:
808 1361 1151 1408 tantummodo
1175 1360 1276 1407 vita
1295 1360 1467 1407 relicta
1491 1366 1583 1414 est,

292 1439 526 1486 Praebeat
548 1446 604 1504 ut
630 1455 831 1485 sensum
855 1438 1214 1501 materiamque
1239 1437 1399 1484 malis.

1517 1439 1614 1482 250

229 1516 362 1572 Quid
381 1518 522 1580 juvat
543 1516 818 1563 exstinctos
843 1514 1024 1563 ferrum
1049 1515 1298 1562 dimittere
1323 1515 1374 1560 in
1398 1513 1565 1560 artus?

297 1593 413 1641 Non
438 1594 591 1641 habet
614 1595 664 1639 in
682 1593 824 1640 nobis
845 1594 949 1656 jam
974 1610 1101 1641 nova
1124 1594 1274 1657 plaga
1297 1593 1476 1639 locum.

230 1743 335 1769 autem
355 1748 479 1769 versum
502 1738 540 1768 ab
563 1737 728 1779 interprete
754 1737 804 1768 hic
830 1748 890 1768 non

230 1787 434 1823 intellectum,
444 1787 482 1823 is,
494 1788 549 1829 qui
561 1786 681 1822 Ovidii,
692 1793 761 1829 post
771 1787 890 1818 Aldum

229 1837 393 1871 seniorem,
403 1835 501 1866 vitam
513 1835 646 1878 scn'psit,
655 1836 771 1878 optime
785 1836 890 1867 decla·

230 1885 322 1917 ravit.
368 1886 461 1916 C105.

275 1936 328 1966 41.
355 1935 394 1965 Te
421 1942 518 1965 tumen
544 1936 574 1964 in
605 1935 722 1975 turbu-J
750 1936 778 1965 Ε
804 1937 892 1966 turba

231 1984 350 2015 malim.
387 1984 505 2015 ans.
550 1983 702 2021 Quamvis
721 1984 812 2015 multi
832 1984 894 2015 sint

232 2045 309 2076 quos
321 2045 382 2065 non
397 2033 498 2064 audeo
512 2033 682 2069 nominare,
698 2040 728 2064 te
744 2042 861 2070 tamen,
877 2045 894 2064 o

235 2085 341 2120 Cotta,
356 2083 388 2114 in
410 2089 498 2114 tanta
519 2083 610 2114 turba
634 2094 695 2114 non
720 2084 894 2125 praeteribo,

235 2132 312 2174 quin
328 2132 482 2163 nominem
504 2138 655 2173 tanquam
681 2131 896 2163 doctissimum

235 2188 267 2213 et
277 2188 403 2224 poetam
418 2187 450 2213 et
463 2189 626 2212 oratorem.

281 2233 332 2262 42.
358 2232 516 2262 Pieridum
533 2231 659 2271 [runem]
686 2231 805 2262 Numen
822 2231 896 2262 editi

237 2279 367 2322 aliquot.
413 2281 520 2316 Hunc,
539 2287 570 2311 et
585 2280 750 2322 Capellam
766 2288 797 2311 et
810 2280 898 2316 alios,

237 2329 458 2373 illacrymabili
496 2337 587 2361 nocte
624 2329 738 2372 pressit
773 2329 900 2360 oblivio.

960 1737 1282 1779 Praesidimnquejbri.
1314 1737 1354 1767 Et
1370 1736 1470 1767 tutela
1484 1746 1617 1771 reorum,

958 1787 1011 1828 qui
1027 1787 1059 1818 in
1075 1787 1138 1817 foro
1153 1793 1334 1825 versantur,
1358 1797 1488 1827 quorum
1513 1792 1616 1827 patro-

958 1836 1075 1867 cinium
1093 1836 1225 1878 suscipis
1239 1843 1270 1866 et
1286 1837 1378 1878 juvas
1394 1842 1448 1866 tua
1468 1835 1618 1876 eloquen-

958 1887 1012 1918 tia.

1004 1938 1058 1967 43.
1083 1936 1238 1967 Maternus
1263 1935 1395 1976 Cottas]
1423 1935 1533 1966 Cottas
1552 1934 1619 1965 Ro-

961 1997 1069 2017 manos
1084 1996 1103 2016 a
1117 1986 1230 2027 quibus
1243 1996 1297 2028 per
1311 1991 1441 2016 matrem
1454 1994 1552 2025 genus
1562 1982 1620 2013 du-

961 2035 1017 2067 cis.
1063 2036 1274 2075 Messallasque
1291 2033 1457 2075 paternos]
1486 2031 1620 2062 Messal-

961 2085 1008 2115 las
1023 2095 1095 2115 vero
1107 2095 1125 2115 a
1141 2091 1228 2126 patre
1242 2090 1383 2115 auctores
1399 2089 1431 2113 et
1445 2080 1621 2123 progenito-

961 2143 1009 2162 res
1023 2132 1130 2163 habes.

1005 2182 1059 2212 48.
1101 2182 1163 2212 Nec
1197 2184 1224 2212 ci
1229 2192 1310 2211 neres
1341 2191 1457 2222 sparge,
1486 2184 1622 2213 cruente,

964 2232 1064 2272 mens]
1091 2233 1130 2263 Se
1146 2231 1229 2263 enim
1245 2238 1414 2266 mortuum,
1430 2236 1465 2261 ut
1480 2230 1520 2260 ab
1535 2228 1624 2259 initio

964 2281 1136 2324 profitetur.

575 2510 690 2537 FINIS
714 2509 1022 2537 EPISTOLARUM
1046 2510 1103 2537 Ex
1126 2510 1283 2537 PONTO.

624 2733 839 2754 Exm'nkBANT
856 2732 998 2752 TALWWS
1016 2733 1048 2751 k!
1069 2732 1241 2751 wnEELEr.
