1760 3172
427 159 737 202 TRISTIUM
770 158 892 199 LIB.
926 157 1007 198 IV.
1042 158 1223 200 ELEG.
1258 159 1393 200 VIII.

1522 161 1608 202 295

211 273 277 323 Et
301 290 503 338 parvam
524 275 777 322 celebrare
796 274 1020 329 domum,
1041 280 1340 337 veteresque
1367 275 1604 332 Penates,

275 350 342 398 Et
366 368 478 415 quae
504 368 637 399 nunc
662 351 862 399 domino
888 367 1001 398 rura
1024 358 1233 414 paterna
1257 361 1452 401 carent:
1546 357 1604 400 lO

207 427 368 491 Inque
393 429 504 476 sinu
529 429 760 485 dominae,
788 429 1019 492 carisque
1045 428 1331 492 nepotibus,
1361 430 1513 493 inque

279 506 497 553 Securus
522 507 682 570 patria
705 506 1032 554 consenuisse
1058 522 1184 553 mea.

210 581 333 630 Haec
358 600 471 631 mea
495 584 566 631 sic
593 585 848 647 quondam
874 584 1046 648 peragi
1072 590 1361 647 speraverat
1386 590 1536 640 aetas3

277 660 386 708 Hos
412 678 506 724 ego
532 662 603 710 sic
630 679 785 710 annos
812 663 1027 711 condere
1053 661 1236 724 dignus
1263 677 1415 707 eram.

210 736 326 784 Non
351 738 420 786 ita
446 739 536 786 Dis
560 739 737 796 visum,
760 740 844 803 qui
871 756 951 787 me
972 746 1221 802 terraque,
1245 737 1472 801 marique
1550 740 1607 784 15

274 815 474 873 Actum,
505 816 795 864 Sarmaticis
821 832 1100 880 exposuere
1125 815 1267 862 locis.

209 891 268 938 In
294 909 415 941 cava
438 894 689 942 ducuntur
714 911 911 958 quassae
934 894 1128 941 navalia
1153 908 1369 957 puppes,

274 970 354 1017 Ne
379 978 567 1019 temere
593 971 643 1018 in
668 971 846 1019 mediis
872 971 1210 1019 destituantur
1236 969 1409 1033 aquis:

209 1046 288 1094 Ne
313 1048 477 1106 cadat,
503 1056 554 1096 et
578 1049 760 1096 inultas
786 1051 978 1113 palmas
1005 1049 1292 1096 inhonestet
1313 1047 1542 1110 adeptas,

275 1123 562 1188 Languidus
588 1125 637 1172 in
662 1127 816 1190 pratis
843 1126 1068 1189 gramina
1092 1125 1254 1189 carpit
1278 1140 1469 1188 equus:
1545 1127 1609 1170 20

210 1200 377 1258 Miles,
405 1209 460 1250 ut
485 1203 704 1250 emeritis
731 1220 830 1251 non
852 1211 929 1251 est
954 1203 1075 1251 satis
1102 1203 1236 1250 utilis
1264 1202 1423 1257 annis,

275 1278 426 1327 Ponit
451 1280 512 1328 ad
539 1281 790 1344 antiquos,
819 1298 931 1345 quae
958 1281 1072 1328 tulit
1098 1296 1251 1336 arma,
1281 1279 1449 1326 Lares,

250 1480 281 1510 9.
320 1479 504 1521 Celebrare]
542 1480 574 1511 h.
604 1492 634 1512 e.
663 1481 872 1523 frequentare,

207 1528 355 1560 incolere.
400 1531 549 1561 HARLES.

254 1581 303 1610 10.
335 1579 425 1611 Rura
445 1580 600 1621 paterium]
636 1582 691 1611 Me
721 1581 775 1622 qui
804 1592 872 1612 sum

207 1628 353 1660 dominus
368 1640 485 1660 eorum.
530 1630 628 1660 Erant
643 1636 746 1660 autem
764 1629 795 1660 in
811 1630 871 1660 Pe-

206 1677 310 1719 lignis.

254 1729 303 1758 14.
330 1727 471 1768 Penei-cn]
496 1727 528 1758 h.
551 1739 581 1759 e.
607 1728 771 1763 collocare,
788 1734 872 1759 tran-

207 1776 319 1818 sigere.
364 1777 513 1808 Heinsius
544 1784 662 1815 antem,
692 1777 871 1814 arbitratus,

206 1838 301 1857 annos
311 1838 420 1866 ponere
434 1826 492 1857 hoc
505 1837 597 1858 sensu
612 1837 673 1857 non
689 1828 765 1857 satis
776 1827 873 1857 latine

207 1876 283 1913 dici,
297 1875 434 1912 refinxit,
451 1888 544 1907 annos
558 1879 692 1907 condere.
729 1876 774 1907 At
789 1876 872 1907 enim

202 1927 271 1969 jam
283 1927 496 1957 Bersmannus
510 1926 697 1963 observavit,
712 1926 873 1968 metapho-

208 1986 274 2007 ram
295 1987 313 2007 a
327 1975 429 2007 ventis
450 1982 586 2007 sumtam
610 1987 688 2012 esse,
704 1987 760 2018 pro
784 1976 873 2007 finire

209 2036 312 2056 aevum
346 2025 476 2061 dictum,
508 2032 539 2056 et
569 2026 764 2067 Verpoorten
793 2026 873 2057 bene

208 2075 352 2106 laudavit
367 2074 469 2106 Cicer.
485 2087 515 2106 v.
532 2075 571 2106 ad
595 2075 708 2106 divers.
726 2075 806 2118 epist
821 2076 874 2106 21.

208 2126 241 2155 3.
285 2124 404 2154 mes.

256 2175 304 2204 17.
320 2172 360 2204 Ιιι
370 2184 442 2204 cara
454 2175 623 2210 ducuntur,
635 2174 710 2214 Sc]
734 2173 873 2204 Navium

208 2222 362 2265 exemplo,
380 2233 450 2264 quae
470 2222 564 2263 longa
584 2222 783 2264 navigatione
797 2222 873 2264 ‘pro-

208 2272 297 2303 cellis
320 2271 458 2312 agitatae,
474 2271 506 2301 in
528 2272 693 2302 navalibus
717 2282 872 2313 reponun-

210 2328 270 2357 tur,
287 2331 320 2352 se
339 2331 446 2351 senem
465 2320 542 2351 dicit
562 2321 690 2363 placida
705 2320 811 2362 quiete
828 2321 874 2351 uti

210 2369 369 2401 debuisse.

255 2419 305 2449 19.
329 2417 460 2449 Heinsio
470 2417 530 2449 hoc
542 2418 700 2448 distichon
710 2417 876 2449 videbatur

209 2468 362 2510 spurium,
393 2467 476 2509 quod
506 2468 636 2498 verbum
666 2468 875 2498 inhonestandi

209 2517 262 2548 vix
301 2516 380 2547 alibi
419 2523 560 2547 occurrat
594 2517 679 2558 apud
722 2523 874 2548 nostrum.

209 2566 378 2597 Enimvero
391 2571 475 2596 recte
484 2566 551 2607 jam
567 2566 778 2602 Burmannus,
795 2570 815 2583 “
826 2577 875 2596 so-

210 2617 288 2652 lum,
305 2615 360 2652 ait,
378 2616 507 2646 verbum
523 2616 729 2646 inhonestmzdi
744 2627 793 2646 me
816 2626 877 2645 non

210 2671 361 2701 moveret,
371 2671 406 2695 ut
421 2675 643 2706 expungerem,
655 2676 751 2706 quum
768 2664 876 2700 sciam,

212 2716 371 2746 Nasonem
388 2714 479 2756 plura
489 2713 533 2744 ita
547 2715 643 2744 verba
659 2724 834 2756 usurpasse,
847 2718 878 2744 et

942 1480 1131 1524 quibusdam
1148 1479 1242 1511 etiam
1259 1478 1355 1509 semel
1372 1478 1465 1508 modo
1486 1478 1611 1508 usum.'’

941 1531 1046 1567 Adde,
1063 1541 1133 1572 quae
1155 1539 1248 1571 supra
1271 1528 1316 1559 iii.
1336 1529 1384 1558 12.
1398 1528 1428 1558 6.
1444 1527 1482 1558 de
1500 1528 1612 1558 vocab.

943 1583 1055 1611 rustica
1074 1589 1267 1610 monueram.
1313 1579 1532 1608 Burmannum
1557 1587 1612 1607 au-

941 1636 1004 1660 tem
1020 1629 1150 1666 offendit
1167 1629 1275 1658 multas
1289 1628 1405 1666 palmas
1427 1628 1562 1665 adeptas,
1582 1632 1614 1656 et

940 1679 1061 1710 vitium·
1079 1678 1112 1708 in
1136 1678 1183 1718 τῷ
1202 1678 1313 1707 inultas
1338 1686 1405 1706 esse
1426 1680 1531 1716 putat,
1558 1686 1614 1716 pro

941 1740 1002 1771 quo
1024 1730 1122 1768 turpis
1143 1732 1198 1758 aut
1222 1728 1319 1757 lentas
1338 1731 1392 1756 aut
1416 1724 1518 1755 simile
1534 1724 1611 1765 quid

940 1778 1110 1809 desiderat.
1155 1776 1218 1808 Sed
1240 1783 1315 1807 tunc
1333 1777 1510 1817 languidus,
1527 1774 1612 1816 quod

940 1828 1020 1858 benc
1049 1825 1216 1869 respondet
1244 1826 1292 1866 τῷ
1320 1826 1428 1854 multas
1451 1825 1612 1863 palmas——

940 1878 1073 1916 adeptas,
1090 1882 1121 1906 et
1145 1886 1250 1906 senem
1275 1884 1393 1915 equum
1417 1873 1527 1914 pulcre
1552 1873 1609 1903 de-

940 1926 1052 1968 pingit,
1063 1927 1292 1966 languesceret.
1339 1923 1433 1954 Porro
1449 1921 1613 1958 Heinsius,

942 1975 1016 2016 quia
1028 1975 1118 2017 prim.
1134 1973 1283 2004 Vatican.
1294 1974 1420 2011 adeptis,
1433 1971 1513 2001 alius
1523 1972 1615 2010 adep-

943 2030 991 2054 tus
1004 2024 1110 2059 habet,
1127 2023 1261 2053 scribere
1280 2021 1382 2063 jubet,
1401 2021 1504 2050 multis
1520 2021 1612 2059 adep-

942 2076 990 2110 tis,
1016 2073 1161 2104 nimirum
1185 2071 1309 2114 palmis,
1326 2070 1409 2112 quod
1434 2069 1519 2099 idem
1544 2077 1614 2106 est3

942 2123 1001 2154 nisi
1016 2122 1142 2158 dixeris,
1155 2132 1265 2152 sonum
1277 2121 1350 2150 inde
1367 2119 1472 2150 enasci
1488 2117 1614 2148 suavio-

941 2182 1018 2202 rem.
1064 2172 1170 2208 Quare
1204 2169 1281 2199 nihil
1308 2173 1474 2198 mutarem.
1518 2166 1614 2207 Equi,

943 2221 997 2262 qui
1012 2220 1045 2251 in
1068 2220 1151 2251 ludis
1168 2219 1329 2249 victoriam
1344 2217 1459 2258 saepius
1474 2221 1613 2257 reporta-

941 2276 1024 2307 runt,
1050 2270 1083 2300 in
1111 2279 1225 2308 magno
1254 2267 1352 2309 pretio
1379 2265 1462 2307 apud
1494 2271 1616 2295 veteres

941 2320 1078 2350 fuerunt.
1123 2317 1209 2347 Talis
1223 2316 1317 2357 igitur
1336 2315 1477 2345 infirmus
1494 2313 1615 2344 viribus

943 2374 975 2399 et
1011 2378 1107 2398 senex
1134 2376 1189 2408 per
1223 2370 1314 2407 prata
1343 2363 1441 2394 libere
1471 2367 1617 2403 vagatur.

944 2418 1101 2456 Adipiscor
1152 2415 1182 2445 h.
1228 2414 1249 2444 Ι.
1297 2412 1421 2454 passive
1468 2410 1615 2441 sumitur.

944 2467 1095 2496 HAnLEs.

988 2516 1042 2545 22.
1062 2514 1153 2543 Ponit
1167 2514 1206 2543 ad
1222 2509 1386 2551 antiquos]
1412 2508 1535 2539 Milites
1550 2510 1614 2539 sin-

943 2563 1008 2603 guli
1022 2562 1178 2605 perfuncti
1190 2561 1315 2595 militia,
1331 2558 1530 2589 donabantur
1543 2568 1614 2599 sep-

944 2612 1035 2648 tenis,
1049 2612 1233 2653 pluribusve
1257 2607 1439 2650 aliquandO,
1452 2605 1617 2648 jugeribus

944 2668 1043 2697 terrae,
1053 2671 1114 2702 quo
1124 2664 1250 2701 possent
1260 2657 1416 2698 reliquum
1425 2655 1497 2685 vitre
1511 2666 1616 2696 agere.

946 2710 1096 2741 Solebant
1121 2716 1238 2744 autem,
1255 2717 1354 2749 quum
1374 2716 1392 2737 a
1412 2705 1525 2736 militia
1549 2704 1613 2735 dis-

1079 2763 1137 2794 [¹4
