1760 3172
317 185 408 227 EX
440 186 651 228 PONTO
686 186 805 227 LIB.
841 187 922 228 IV.
956 188 1147 229 EPIST.
1185 190 1320 231 XIV.

1427 192 1511 232 525

127 299 268 347 Talia
291 309 590 348 succensent
614 310 814 365 propter
838 303 957 349 mihi
983 305 1131 352 verba
1150 304 1375 361 Tomitae,
1454 310 1509 352 15

198 376 377 439 Iraque
402 378 702 424 carminibus
728 379 929 442 publica
954 389 1089 427 mota
1112 382 1251 428 meis.

129 452 260 515 Ergo
285 471 377 517 ego
402 456 611 502 cessabo
637 473 891 519 nunquam
917 474 1005 521 per
1030 459 1248 506 carmina
1272 460 1406 517 laedi3

194 528 391 578 Plectar
415 539 465 578 et
488 532 686 579 incauto
711 550 907 596 semper
932 536 992 580 ab
1015 535 1245 597 ingenio?

125 606 256 671 Ergo
281 625 389 671 ego,
417 625 482 674 ne,
505 610 732 664 scribam,
761 610 941 672 digitos
968 612 1185 658 incidere
1211 620 1428 669 cunctor,

190 674 600 748 Telaque'a'dhue
627 687 849 741 demenS,
878 690 991 749 quae'
1014 704 1242 745 nocuere,
1271 694 1479 753 sequor?

127 762 206 809 Ad
230 768 423 810 veteres
451 765 682 826 scopulos
710 764 887 811 iterum
913 765 1152 821 devertor,
1181 767 1243 813 ad
1268 768 1391 823 illas,
1446 774 1502 816 21

190 839 249 886 In
275 840 456 902 quibus
482 841 690 888 offendit
713 841 950 904 naufraga
975 843 1172 906 puppiS,
1202 860 1372 906 aquas.

130 916 232 964 Sed
258 916 379 963 nihil
405 917 609 975 admisi3
651 918 787 964 nulla
811 928 887 966 est
911 935 1023 966 mea
1046 921 1208 982 culpa,
1236 920 1459 978 Tomitae,

193 994 330 1049 Quos
356 1012 464 1058 ego,
492 1013 647 1059 quum
672 996 784 1043 loca
809 997 900 1043 sim
924 1004 1089 1044 vestra
1113 1013 1334 1060 perosus,
1362 1015 1489 1046 amo.

128 1071 350 1126 Quilibet
373 1072 597 1120 excutiat
621 1073 773 1119 nostri
801 1080 1122 1121 monumenta
1144 1074 1341 1130 laboris,

1445 1080 1508 1124 25

195 1148 359 1197 Litera
383 1149 445 1196 de
469 1150 608 1196 vobis
634 1157 711 1196 est
731 1166 842 1197 mea
867 1158 1045 1212 questa
1069 1150 1205 1197 nihil.

128 1227 322 1289 Frigus,
345 1234 396 1274 et
419 1227 646 1274 incursus
672 1228 806 1274 omni
832 1228 894 1274 de
920 1235 1059 1291 parte
1084 1228 1346 1284 timendos,

194 1303 260 1351 Et
284 1305 418 1367 quod
443 1305 668 1368 pulsetur
692 1322 860 1352 murus
884 1306 945 1353 ab
971 1306 1128 1361 hoste,
1157 1322 1350 1368 queror.

128 1381 186 1428 In
210 1381 335 1437 loca,
362 1397 461 1428 non
486 1382 727 1439 homines,
754 1383 1010 1430 verissima
1034 1383 1239 1430 crimina
1263 1384 1365 1431 dixi
1385 1402 1393 1432 :

194 1458 422 1523 Culpatis
447 1466 664 1506 vestrum
692 1476 774 1506 vos
801 1476 1001 1523 quoque
1028 1476 1160 1523 saepe
1186 1460 1360 1507 solum.
1446 1465 1508 1508 30

128 1536 279 1584 Esset
305 1544 548 1601 perpetuo
575 1554 664 1585 sua
688 1555 838 1601 quam
863 1537 1077 1584 vitabilis
1103 1537 1276 1592 Ascra,

195 1613 334 1661 Ausa
358 1621 436 1661 est
461 1615 687 1677 agricolae
714 1614 864 1662 Musa
888 1615 1066 1661 docere
1091 1614 1240 1661 senis.

126 1691 195 1738 At
212 1690 371 1738 fuerat
394 1698 524 1739 terra
549 1692 761 1754 genitus,
784 1691 869 1754 qui
896 1691 1109 1754 scripsit,
1138 1690 1188 1737 in
1213 1691 1322 1745 illa3

194 1767 440 1816 Intumuit
463 1769 562 1816 vati
587 1785 678 1834 n-ec
703 1776 870 1815 tamen
895 1767 1053 1814 Ascra
1073 1784 1178 1814 suo.

126 1844 250 1899 Quis
274 1845 487 1908 patriam
513 1846 711 1893 sollerte
735 1845 893 1907 magis
919 1845 1096 1891 dilexit
1122 1844 1341 1908 Ulysse?

1444 1850 1506 1893 35

195 1921 305 1969 Hoc
330 1929 498 1970 tamen
523 1922 764 1986 asperitas
790 1921 953 1969 indice
978 1928 1096 1968 nota
1119 1921 1213 1968 loci
1240 1929 1332 1968 est.

171 2056 219 2086 16.
243 2056 296 2086 Ira
306 2056 456 2096 publica]
484 2055 633 2086 Omnium
648 2055 784 2086 Tomita-

125 2116 193 2135 rum
206 2104 388 2146 indignatio.

167 2156 218 2185 20.
246 2155 317 2185 Tela
332 2167 394 2195 quae
409 2154 562 2195 nocuere]
589 2154 737 2185 Carmina
754 2159 785 2184 et

124 2202 295 2244 ingenium.

167 2253 220 2284 25.
260 2252 433 2292 Excutiat]
472 2252 624 2293 Inquirat.
680 2252 785 2281 Nostri

124 2308 314 2332 monumenta
331 2303 450 2332 laboris.
488 2302 606 2332 Versus
622 2306 750 2331 nostros.

169 2351 221 2381 26.
240 2351 286 2381 De
300 2351 403 2391 vobis]
430 2350 480 2381 De
491 2349 668 2380 hominibus
682 2349 784 2379 Tomi-

126 2399 217 2430 tanis.

168 2449 220 2479 27.
247 2449 287 2479 Et
313 2451 451 2479 incursus
478 2450 556 2478 omni
581 2449 615 2477 de
639 2455 725 2487 parte
746 2450 784 2478 ti-

125 2498 271 2539 mendas]
308 2499 349 2529 Et
374 2498 518 2529 hostilem
548 2498 709 2539 impetum,
735 2497 785 2528 cui

125 2548 259 2578 obnoxia
271 2553 318 2578 est
332 2547 471 2589 undique
485 2547 650 2577 Tomitana
665 2546 786 2582 civitas,

125 2607 196 2637 quae
212 2598 364 2628 Getarum
380 2597 493 2638 praedae
509 2596 642 2626 obnoxia
656 2601 713 2625 est.

170 2647 221 2676 30.
251 2646 387 2676 Vestrum
398 2645 517 2685 solum]
544 2646 690 2675 Vestram
706 2644 786 2674 hanc

127 2694 283 2735 regionem
301 2694 446 2730 sterilem,
463 2699 493 2725 et
515 2693 618 2733 frigori
640 2704 675 2723 ac
697 2693 788 2723 bellis

127 2743 305 2774 obnoxiam.

896 2057 947 2086 31.
986 2056 1068 2085 Esset
1101 2061 1242 2094 perpetuo
1270 2067 1324 2085 sua
1350 2067 1436 2096 quam
1466 2060 1508 2087 vi-

853 2106 952 2135 cubicis
996 2104 1116 2144 Ascra]
1172 2104 1288 2134 Versus
1337 2111 1511 2146 suspectus.

852 2154 970 2184 Hnlxs.

895 2204 948 2232 33.
973 2202 1082 2236 Ascra,
1099 2201 1167 2231 vico
1198 2202 1230 2232 in
1260 2202 1403 2237 Boeotia,
1428 2208 1511 2234 ortus

851 2251 920 2287 fuit,
937 2256 991 2281 aut
1006 2251 1109 2281 forsan
1122 2249 1167 2280 ibi
1182 2251 1331 2281 educatus
1346 2252 1512 2283 Hesiodus.

853 2300 946 2330 Pater
960 2311 1031 2330 vero
1053 2300 1155 2330 Cuma
1176 2299 1208 2330 in
1231 2300 1357 2330 AEolide
1380 2300 1511 2332 Ascram

852 2349 1009 2380 transtulit
1024 2349 1228 2379 domicilium.
1242 2361 1271 2380 v.
1286 2350 1390 2380 locum
1402 2350 1433 2381 in
1448 2352 1510 2382 He-

852 2398 930 2429 siodi
947 2399 1029 2439 Opp.
1040 2409 1071 2428 V.
1086 2399 1158 2428 636.
1173 2409 1242 2440 sqq.
1256 2398 1310 2429 ubi
1325 2399 1428 2430 confer
1440 2400 1511 2431 Cle-

853 2447 949 2478 ricum
965 2447 1004 2478 ad
1020 2458 1049 2477 V.
1065 2448 1138 2477 640.
1180 2448 1279 2477 Poeta
1294 2448 1423 2478 Hesiodi
1442 2460 1512 2480 sen-

853 2497 982 2527 tentiam
1008 2502 1128 2527 tantum
1151 2496 1191 2527 ad
1214 2496 1261 2527 sui
1281 2497 1512 2528 excusationem

855 2545 1103 2580 adcommodare,
1119 2556 1180 2575 non
1202 2544 1241 2575 ad
1258 2546 1384 2576 verbum
1407 2547 1510 2588 expri-

854 2605 936 2624 mere
949 2593 1047 2624 voluit
1059 2605 1067 2631 3
1088 2604 1182 2634 quare
1194 2594 1297 2624 locum
1308 2599 1443 2624 nostrum
1458 2605 1512 2626 cur

856 2642 1002 2674 Heinsius
1025 2643 1055 2672 in
1069 2642 1217 2684 suspectis
1232 2643 1358 2677 habeat,
1377 2643 1512 2675 nondum

855 2691 1014 2733 pervideo.
1060 2691 1207 2721 HARLEs.

900 2742 950 2771 35.
978 2741 1051 2774 Quis
1073 2740 1230 2779 patriam]
1258 2739 1320 2776 Qui
1344 2740 1426 2780 apud
1447 2741 1510 2771 Ho-
