1760 3172
187 191 272 232 524

580 189 630 230 P.
664 188 876 230 OVIDII
910 189 1188 231 NASONIS

194 306 394 359 Quanta
417 313 576 369 potes,
604 305 771 368 praebe
798 311 979 350 nostrae
1006 314 1256 353 momenta
1281 307 1444 361 saluti,

260 382 383 436 Quae
409 383 501 429 nisi
529 389 720 428 mutato
746 381 881 427 nulla
899 380 1064 428 futura
1089 382 1196 429 loco
1215 392 1306 430 est.
1513 386 1575 429 50

573 706 1006 755 EPISTOLA
1056 707 1196 754 XIV.

715 829 1057 872 TUTICANO.

199 933 325 980 HAEc
371 933 461 980 tibi
502 932 782 986 mittuntur,
828 947 978 994 quern
1022 948 1131 980 sum
1172 932 1318 979 modo
1362 934 1578 980 carmine

396 1017 604 1073 questus

264 1087 378 1135 Non
403 1095 575 1151 aptum
600 1086 818 1134 numeris
844 1101 1024 1133 nomen
1048 1086 1233 1133 habere
1259 1087 1397 1134 meiS.

198 1165 257 1212 In
278 1165 476 1228 quibus,
498 1171 711 1227 excepto
727 1163 863 1227 quod
883 1163 1045 1210 adhuc
1065 1170 1320 1226 utcunque
1339 1164 1577 1219 valemus,

265 1241 364 1297 Nil,
392 1249 442 1289 te
466 1249 709 1305 praeterea
733 1241 867 1304 quod
889 1242 1046 1303 juvet,
1073 1240 1311 1288 invenies.

199 1319 319 1383 Ipsa
338 1335 539 1382 quoque
560 1326 638 1366 est
657 1319 814 1366 invisa
837 1319 994 1375 salus3
1025 1325 1241 1381 suntque
1263 1318 1437 1365 ultima
1450 1325 1577 1373 vota,

263 1395 501 1450 Quolibet
524 1412 587 1444 ex
612 1396 720 1443 istis
746 1396 940 1444 scilicet
963 1396 1033 1442 ire
1056 1395 1197 1442 locis.
1551 1398 1581 1442 6

200 1473 354 1520 Nulla
377 1473 497 1520 mihi
523 1489 642 1520 cura
666 1481 759 1530 est,
786 1481 917 1522 terra
941 1489 1092 1536 quam
1116 1481 1279 1520 muter
1303 1480 1359 1519 ut
1382 1473 1492 1528 ista,

264 1550 371 1598 Hac
398 1551 531 1614 quia,
559 1567 710 1614 quam
734 1552 894 1605 video,
921 1551 1102 1614 gratior
1127 1550 1284 1598 omnis
1311 1550 1418 1597 erit.

199 1628 258 1675 In
283 1627 472 1676 medias
500 1628 693 1691 Syrtes,
720 1629 935 1676 mediam
961 1643 1074 1674 mea
1096 1627 1206 1674 vela
1232 1626 1526 1690 Charybdin

267 1692 731 1768 B‘Iittite‚·''praesenti
756 1706 875 1769 dum
897 1720 1152 1751 careamus
1177 1704 1343 1750 humo.
1526 1707 1584 1750 lo

202 1782 331 1846 Styx
364 1774 583 1845 quoque,
611 1782 651 1829 si
685 1783 805 1845 quid
838 1798 897 1829 ea
930 1789 1021 1837 est,
1048 1783 1177 1829 bene
1203 1780 1586 1827 commutabitur

399 1857 544 1914 Istro,

269 1935 322 1981 Si
349 1935 470 1998 quid
494 1943 546 1982 et
569 1935 787 1992 inferius,
806 1952 957 1999 quam
986 1936 1159 2000 Styga,
1178 1934 1391 1982 mundus
1417 1935 1582 1982 habet.

204 2011 442 2058 Gramina
465 2012 628 2058 cultus
655 2028 787 2074 ager,
815 2012 968 2075 frigus
994 2012 1155 2058 minus
1182 2011 1286 2058 odit
1311 2012 1538 2067 hirundo,

268 2088 504 2135 Proxima
530 2088 807 2137 Marticolis
834 2107 984 2153 quarn
1008 2091 1117 2137 loca
1144 2089 1281 2136 Naso
1308 2089 1469 2136 Getis.

200 2304 338 2335 columes
364 2303 452 2345 pueri
479 2303 678 2334 Germanici:
712 2306 860 2347 intelligit

201 2359 306 2383 autem
332 2353 502 2388 Neronem,
527 2353 666 2383 Drusum
692 2360 723 2384 et
748 2355 860 2386 Caium

201 2402 368 2433 Caesarem.

246 2452 296 2481 48.
323 2451 401 2485 Quos
416 2450 711 2492 datosformandus]
738 2451 861 2489 Quibus

202 2499 306 2541 pueris
352 2506 413 2529 tuae
461 2499 632 2541 discipliuae
676 2500 858 2536 commissis,

202 2558 316 2589 magna
331 2548 399 2578 laus
415 2548 546 2578 accessit
561 2549 628 2579 tibi.

245 2598 298 2627 49.
323 2597 501 2636 Memento]
543 2598 610 2628 Hoc
640 2606 696 2635 est,
725 2605 861 2630 nostram

203 2646 334 2676 salutem
349 2657 404 2687 pro
415 2645 531 2676 viribus
543 2648 712 2678 curandam
728 2650 861 2690 suscipe.

246 2695 297 2725 50.
323 2694 422 2735 Qua-J
449 2694 575 2726 Scilicet
589 2696 682 2727 Salus.
719 2697 860 2727 ,Υιζςὶηιιι-

206 2751 266 2773 tato
282 2744 353 2774 Ioco.
399 2743 468 2773 Nisi
485 2745 650 2775 transferar
666 2745 695 2775 in
717 2745 860 2776 exsilium

929 2305 1044 2341 mitius,
1060 2312 1091 2336 et
1103 2305 1200 2346 magis
1216 2304 1420 2346 propinquum
1435 2304 1546 2335 Italiae.

971 2356 1001 2385 5.
1031 2354 1144 2384 Ultima
1158 2353 1250 2394 wrm]
1275 2354 1458 2394 Supremum
1470 2353 1590 2385 deside-

928 2403 1007 2434 rium
1022 2414 1139 2434 meum.

971 2453 1002 2483 9.
1027 2453 1107 2483 Duae
1133 2458 1204 2483 sunt
1229 2452 1334 2493 Syrtes
1360 2451 1443 2494 apud
1469 2453 1589 2494 Leptim

929 2501 1076 2543 oppidum
1101 2501 1132 2531 in
1156 2508 1293 2532 extrema
1317 2500 1435 2535 Africa,
1458 2501 1592 2542 impares

930 2550 1155 2591 magnitudine,
1182 2550 1247 2591 pari
1277 2555 1397 2585 natura,
1424 2549 1454 2579 in
1484 2561 1588 2591 regno,

930 2599 1011 2640 quod
1034 2599 1126 2629 hodie
1153 2599 1270 2640 Tripoli
1296 2606 1434 2635 vocatur,
1459 2610 1476 2629 a
1500 2598 1588 2640 61¹¹pu1

929 2649 1024 2678 traho.
1069 2648 1160 2678 Sinus
1195 2648 1241 2678 illi
1271 2654 1342 2678 sunt
1371 2648 1592 2689 navigantibus

928 2697 1190 2739 periculosissimi.
1237 2698 1383 2728 HAniAEs.

975 2748 1022 2776 13.
1040 2747 1218 2788 Gramina]
1237 2747 1359 2777 Herbas
1371 2747 1437 2777 scil.
1450 2746 1590 2777 inutiles.
