1760 3172
201 183 260 225 74
600 180 652 221 Ρ.
685 178 900 222 OVIDII
935 177 1217 221 NASONIS

206 297 387 345 Ponite
407 296 512 359 jam
538 295 729 358 gladios
756 295 991 352 hebetes3
1033 300 1282 358 pugnetur
1308 292 1483 340 acutis.

276 373 384 420 Ncc
411 372 601 428 dubito,
629 372 740 419 tclis
767 371 888 434 quin
914 379 1054 435 petar
1080 371 1187 433 ipse
1212 369 1353 417 meis.

1504 369 1601 414 590

208 450 343 497 Dum
372 449 508 497 cadit
538 448 588 495 in
613 448 820 511 laqueos
845 455 1023 511 captus
1050 462 1252 510 quoque
1281 461 1439 509 nuper
1466 458 1601 491 ama-

407 535 483 574 tor
500 544 510 583 3

276 605 449 652 Solum
475 620 528 650 se
553 602 798 650 thalamos
825 609 993 666 speret
1016 601 1201 648 habere
1226 608 1355 648 tuos.

208 682 483 730 Postmodo
509 681 727 736 rivalem,
755 680 1038 744 partitaque
1063 679 1251 726 foedera
1272 676 1389 725 lecti

279 759 489 807 Sentiat,
529 759 618 805 has
646 766 777 805 artes
803 758 949 814 tolle;
991 763 1222 804 senescet
1246 770 1399 802 amor.

207 837 337 884 Tum
357 837 484 884 bene
504 835 641 882 fortis
659 851 817 898 equus
838 842 1057 882 reserato
1073 848 1271 881 carcere
1291 830 1465 887 currit3
1506 832 1602 877 595

278 914 425 969 Cum,
448 928 574 976 quos
595 919 875 976 praetereat,
897 928 1126 975 quosque
1152 918 1407 974 sequatur,
1431 908 1600 955 habet.

210 990 502 1045 Quamlibet
521 990 771 1037 extinctos
798 989 978 1052 injuria
1002 988 1213 1036 suscitat
1236 988 1394 1050 ignes.

279 1068 357 1114 En
383 1084 475 1130 ego
500 1066 786 1129 (confiteor)
812 1082 912 1112 non
937 1065 1031 1112 nisi
1056 1065 1205 1112 laesus
1231 1080 1360 1112 amo.

212 1145 408 1192 Caussa
430 1150 598 1190 tamen
625 1142 831 1189 nimium
858 1158 956 1189 non
982 1142 1046 1189 sit
1069 1141 1332 1189 manifesta
1355 1138 1567 1195 doloris;

276 1223 533 1284 Pluraque
553 1221 810 1276 sollicitus,
833 1235 985 1283 quam
1007 1219 1148 1275 sciat,
1172 1235 1282 1267 esse
1308 1223 1467 1282 putet.
1506 1218 1604 1263 600

211 1300 395 1347 Incitet
419 1305 470 1346 et
493 1298 595 1345 ficti
621 1298 775 1345 tristis
797 1297 1027 1344 custodia
1051 1298 1195 1353 servi,

279 1376 345 1423 Et
368 1375 576 1422 nimium
601 1375 711 1422 duri
737 1390 857 1422 cura
880 1373 1094 1422 molesta
1115 1373 1222 1421 viri.

210 1453 334 1508 Quae
356 1452 491 1499 venit
514 1468 578 1499 ex
602 1459 727 1507 tuto,
756 1451 920 1498 minus
946 1457 1023 1498 est
1047 1457 1258 1514 accepta
1281 1449 1527 1512 voluptas.

281 1530 352 1577 Ut
377 1530 444 1577 sis
469 1529 670 1576 liberior
694 1528 903 1584 Thaide,
928 1528 1063 1590 finge
1089 1535 1271 1575 metus.

213 1609 344 1655 Cum
370 1607 546 1654 melius
572 1606 760 1653 foribus
785 1607 965 1670 possis,
993 1605 1200 1653 admitte
1224 1604 1468 1652 fenestrst:
1508 1605 1604 1649 605

280 1685 442 1747 Inque
467 1690 552 1730 tuo
577 1684 715 1730 vultu
741 1684 885 1746 signa
908 1684 1130 1732 timentis
1156 1684 1302 1730 habe.

212 1762 410 1809 Callida
434 1760 673 1824 prosiliat,
701 1760 937 1824 dicatque
963 1761 1158 1816 ancilla,
1187 1759 1445 1806 Perimus:

276 1838 353 1885 Tu
371 1839 609 1901 juvenem
632 1838 883 1901 trepidum
903 1837 1130 1901 quolibet
1154 1836 1282 1884 abde
1307 1836 1434 1882 loco,

210 1914 551 1963 Admiscenda
574 1921 742 1962 tamen
767 1914 938 1962 Venus
964 1923 1041 1962 est
1065 1930 1241 1962 secura
1264 1911 1424 1960 timori
1444 1931 1454 1969 ;

280 1992 359 2039 Ne
385 1991 509 2039 tanti
535 1998 708 2038 noctes
735 2008 833 2038 non
858 1999 1002 2055 putet
1027 2008 1137 2039 esse
1163 1999 1292 2038 tuas.

1509 1991 1606 2035 610

212 2069 326 2124 Qua
352 2068 487 2116 vafer
511 2069 643 2115 eludi
670 2069 828 2132 possit
852 2071 1043 2116 ratione
1069 2069 1291 2123 maritus,

279 2145 498 2208 Quaque
522 2145 638 2207 vigil
664 2153 849 2201 custos,
878 2146 1218 2209 praeteriturus
1251 2160 1402 2192 eram.

255 2337 329 2367 604.
366 2336 406 2366 Ut
431 2338 468 2366 sis
492 2337 613 2366 liberior
641 2336 876 2377 'l'ha'i‹1e,j1'nge

210 2386 331 2426 thns.]
374 2386 443 2420 Pro,
478 2385 657 2424 Quanquam

214 2437 340 2471 Tlm'irle,
371 2434 402 2465 id
430 2439 488 2469 est,
519 2434 659 2474 qualibet
687 2434 809 2475 vulgari
839 2446 875 2465 ac

212 2484 337 2527 publice
351 2483 526 2525 prostituta,
539 2493 610 2523 quae
627 2483 709 2513 hunc
723 2484 771 2514 vel
787 2483 875 2513 illum

212 2535 338 2576 impune
355 2532 502 2568 admittit,
519 2537 624 2562 tamen
644 2533 725 2573 finge
744 2538 874 2568 metum,

212 2586 271 2614 ἃς.
316 2582 366 2613 Sic
390 2582 472 2612 enim
496 2580 546 2612 hic
567 2581 655 2612 locus
673 2582 876 2623 exponendus

213 2632 352 2663 videtur:
378 2641 438 2660 non
463 2635 497 2660 nt
520 2629 646 2660 Merula
667 2630 805 2672 exponit,
822 2629 875 2671 qui

214 2681 253 2712 de
281 2680 406 2711 Thaide
431 2679 619 2710 Terentiana
646 2679 764 2710 dictum
792 2679 875 2710 acci-

214 2730 270 2772 pit,
294 2728 510 2769 l’haedriaeque
537 2728 761 2765 exclusionem,
787 2730 876 2769 quasi

687 2388 725 2415 sis
755 2388 876 2416 liberior

943 2349 1013 2379 quae
1031 2344 1114 2369 metu
1132 2338 1215 2368 facta
1235 2336 1285 2373 sit,
1302 2337 1362 2367 huc
1379 2334 1606 2366 accommodat.

943 2387 1070 2417 Micw„

987 2437 1061 2466 607.
1099 2435 1252 2476 Callida]
1291 2434 1436 2470 Mallem,
1470 2434 1606 2464 Pallida.

944 2485 1061 2514 Bmm.

987 2534 1060 2563 609.
1084 2533 1141 2563 Sed
1163 2533 1313 2562 miscenda
1338 2530 1463 2571 tamem]
1488 2531 1607 2561 Admis-

943 2584 1036 2612 cenda
1058 2592 1128 2612 cum
1146 2581 1245 2623 prima
1259 2581 1334 2612 edit.
1351 2586 1382 2611 et
1401 2579 1524 2620 scriptis
1539 2579 1607 2621 ple-

943 2631 1057 2672 risque.
1071 2632 1188 2661 timenti
1202 2630 1295 2660 ctiam
1311 2640 1392 2660 unus
1405 2640 1442 2659 ex
1460 2628 1538 2659 meis
1552 2639 1608 2670 pro

945 2681 1055 2710 timori.
1079 2685 1198 2720 argute.
1214 2685 1248 2710 ut
1268 2679 1430 2709 timentem
1449 2687 1504 2709 seu
1523 2677 1607 2708 timi-

945 2729 1018 2760 dam
1033 2730 1189 2760 Venerem
1202 2739 1317 2761 secura:
1330 2733 1477 2770 opponat.
1492 2727 1610 2759 mes.
