1760 3172
229 199 285 240 80
616 199 665 239 Ρ.
700 197 916 239 OVIDII
950 197 1233 240 NASONIS

233 314 446 376 Quoque
473 329 610 361 meos
637 314 826 361 releves
852 320 1020 369 aestus,
1047 321 1249 360 cantare
1275 314 1484 369 solebat,

299 391 611 455 Accipienda
636 391 761 443 sinu,
790 392 986 438 mobilis
1013 390 1163 445 Aura,
1191 391 1318 437 veni.

234 469 477 532 Conjugis
504 470 564 516 ad
592 469 791 516 timidas
817 469 997 532 aliquis
1024 469 1152 516 male
1178 468 1382 516 sedulus
1408 484 1552 516 aures

298 546 512 593 Auditos
538 546 743 593 memori
769 546 949 592 detulit
974 561 1057 592 ore
1083 561 1248 592 sonos

1532 548 1628 592 700

232 623 428 670 Procris
454 630 509 670 ut
534 622 729 686 accepit
755 638 952 677 nornen,
982 623 1126 686 quasi
1152 622 1367 685 pellicis,
1391 621 1557 677 Aurae,

303 700 533 749 Excidit:
575 709 624 748 et
650 701 815 747 subito
840 708 979 748 muta
1004 701 1174 748 dolore
1198 700 1307 747 fuit.

232 777 434 833 Palluit,
463 785 517 824 ut
542 793 682 832 serae,
710 778 853 825 lectis
879 778 942 825 de
968 778 1067 825 vite
1093 778 1320 832 racemis,

300 855 591 903 Pallescunt
615 854 831 911 frondes,
861 871 985 919 quas
1012 871 1138 903 nova
1162 856 1291 903 laesit
1316 855 1491 902 hiems.

234 932 462 995 Quaeque
484 948 599 979 suos
625 939 833 979 curvant
854 939 1049 980 matura
1067 933 1283 996 cydonia
1300 948 1462 979 ramos
1481 950 1491 987 3
1533 934 1628 979 705

301 1009 569 1072 Cornaque
595 1009 757 1056 adhuc
784 1009 965 1056 nostris
992 1026 1090 1057 non
1117 1010 1237 1057 satis
1264 1016 1380 1074 apta
1405 1009 1547 1056 cibis.

233 1086 303 1134 Ut
330 1088 475 1134 rediit
499 1088 710 1143 animus,
737 1095 914 1135 tenues
941 1103 970 1134 a
994 1095 1195 1151 pectore
1220 1095 1384 1135 vestes

300 1164 528 1228 Rumpit,
556 1172 606 1212 et
631 1165 860 1227 indignas
887 1165 1080 1211 sauciat
1103 1181 1269 1228 ungue
1296 1180 1465 1227 genas.

232 1241 340 1289 Nec
368 1258 532 1298 mora;
574 1258 662 1305 per
686 1243 876 1290 medias
903 1242 1088 1305 sparsis
1114 1241 1382 1289 furibunda
1405 1241 1599 1306 capillis

300 1319 492 1374 Evolat,
521 1327 575 1366 ut
595 1320 770 1383 thyrso
798 1320 995 1368 concita
1023 1320 1242 1376 Baccha,
1270 1320 1391 1368 vias.

1531 1323 1628 1366 710

232 1396 303 1444 Ut
327 1412 481 1460 prope
506 1403 828 1460 perventum3
870 1398 1079 1446 comites
1105 1398 1155 1444 in
1178 1398 1305 1445 valle
1330 1397 1582 1460 relinquit.

296 1473 415 1538 Ipsa
439 1486 614 1521 nemus
641 1475 793 1522 tacito
819 1476 948 1522 clam
975 1476 1104 1539 pede
1129 1475 1268 1523 fortis
1294 1475 1400 1521 init.

230 1550 363 1606 Quid
389 1551 478 1598 tibi
505 1552 686 1599 mentis
712 1560 832 1608 erat,
861 1569 976 1599 cum
1003 1553 1073 1600 sic
1100 1553 1230 1600 male
1256 1568 1377 1600 sana
1400 1552 1599 1607 lateres,

296 1627 502 1675 Procri?
541 1629 654 1692 quis
681 1630 875 1677 attoniti
902 1631 1120 1693 pectoris
1147 1630 1292 1678 ardor
1317 1630 1456 1677 erat?

228 1704 257 1751 J
265 1722 343 1753 am
357 1707 461 1769 jam
476 1714 750 1763 venturam,
770 1724 1103 1772 quaecumque
1119 1714 1226 1755 erat
1243 1707 1395 1763 Aura,
1414 1706 1627 1771 putabas

298 1782 519 1838 Scilicet,
547 1790 698 1847 atque
724 1785 880 1832 oculis
907 1786 1089 1848 probra
1111 1785 1327 1832 videnda
1350 1784 1466 1831 tuis.
1529 1786 1624 1830 716

231 1864 379 1912 Nunc
427 1865 622 1912 venisse
671 1865 836 1928 piget3
902 1867 1090 1929 (neque
1139 1864 1269 1911 enirn
1318 1861 1628 1927 deprendere

429 1941 604 2002 velles)

302 2017 445 2065 Nunc
467 2019 622 2081 juvat.
653 2019 871 2067 incertus
897 2027 1103 2083 pectora
1127 2025 1291 2066 versat
1315 2034 1468 2065 amor.

273 2209 346 2239 703.
373 2208 504 2245 Palluit,
520 2216 555 2239 ut
575 2220 639 2240 sera
664 2211 757 2240 lectus
779 2212 814 2241 de
838 2213 894 2242 rite

228 2257 393 2298 racemus]
421 2257 470 2288 Ita
483 2257 610 2300 quidem
626 2258 703 2299 legit
715 2259 852 2295 Merula,
864 2267 894 2290 et

227 2308 266 2338 de
283 2307 350 2339 uvis
365 2307 586 2338 maturioribus
600 2308 760 2349 seriusque
781 2309 894 2340 collec-

229 2358 267 2388 tis
283 2357 425 2399 exponit:
454 2363 486 2388 ut
504 2367 538 2388 ea
557 2368 627 2399 quae
644 2357 787 2399 sequenti
803 2368 893 2389 versu

229 2407 268 2438 de
290 2407 449 2438 frondibus
475 2412 660 2448 sequuntur,
681 2418 736 2449 per
758 2407 893 2450 ellipsin,

229 2456 286 2487 lioc
310 2462 366 2491 est,
388 2456 551 2487 intellecta
570 2456 800 2498 conjunctione,
823 2467 893 2488 cum

229 2504 440 2546 superioribus
451 2505 635 2547 jungantur.
681 2505 742 2537 Sed
758 2506 894 2538 inihive-

229 2556 288 2585 rior
311 2554 404 2585 lectio
428 2554 547 2585 Aldina
571 2555 710 2586 videtur:
751 2565 820 2596 quae
851 2555 895 2587 ita

229 2604 342 2635 habet:
373 2604 490 2635 Palluit
515 2611 547 2634 ue
571 2606 752 2641 se1·oe,lectis
774 2606 809 2635 de
838 2607 895 2636 rite

228 2654 364 2689 racemis,
385 2653 560 2684 Pallescunt
574 2654 716 2696 frondes,
731 2654 783 2692 ὅγε.
809 2660 842 2685 ut
856 2654 896 2685 sit

229 2709 357 2732 sensus:
384 2701 511 2737 Palluit,
528 2702 614 2733 velut
630 2702 754 2733 frondes
770 2712 806 2733 ac
822 2702 896 2733 folia

231 2750 409 2792 pallescunt
420 2751 476 2781 sub
488 2756 684 2785 autumnum.
695 2750 895 2792 quandojam

965 2211 1122 2243 vindemia
1134 2211 1216 2242 facta
1231 2217 1290 2242 est.
1336 2211 1377 2241 Et
1392 2209 1493 2250 magis
1507 2209 1628 2251 proprie
1649 2234 1654 2237 .

963 2261 1001 2292 de
1026 2261 1107 2292 foliis
1130 2261 1228 2303 pallor
1252 2260 1448 2302 intelligitur,
1468 2269 1563 2302 quam
1589 2259 1628 2289 de

963 2312 1103 2346 racemis,
1118 2310 1289 2352 praesertim
1306 2308 1432 2351 quando
1449 2319 1508 2340 non
1524 2318 1631 2339 omnes

964 2359 1106 2401 ejusdem
1122 2359 1233 2390 coloris
1248 2364 1330 2390 sunt.
1377 2359 1504 2389 M1cx‘1..

1007 2409 1080 2439 709.
1100 2408 1225 2448 Passis]
1253 2408 1368 2448 Sparsis
1383 2407 1536 2439 editiones
1549 2406 1629 2438 anti-

964 2457 1133 2498 quissimae‚
1149 2458 1286 2499 Micylli,
1303 2456 1489 2489 Bersmanni
1511 2461 1543 2487 et
1559 2456 1628 2487 aliae

964 2512 995 2536 et
1008 2506 1217 2547 quadraginta
1228 2507 1290 2537 sere
1301 2506 1418 2548 scripti.
1433 2511 1464 2537 et
1475 2511 1551 2548 puto
1562 2515 1628 2536 rec—

963 2554 1024 2586 tius
1032 2556 1206 2587 furentibus
1215 2567 1327 2596 sparsos
1336 2555 1403 2586 dari
1414 2555 1525 2591 crines,
1533 2565 1628 2597 quam

960 2615 1067 2644 passos,
1084 2605 1137 2647 qui
1160 2611 1191 2636 et
1213 2605 1328 2647 quietis
1341 2605 1544 2636 conveniunt.
1561 2604 1627 2635 vid.

965 2653 1029 2684 viii.
1048 2654 1126 2684 Met.
1145 2655 1216 2684 107.
1232 2654 1349 2696 ubique
1376 2654 1439 2685 sere
1462 2654 1520 2685 hac
1543 2653 1575 2685 in
1596 2664 1628 2684 re

965 2701 1027 2733 duo
1044 2702 1110 2734 haec
1128 2704 1222 2734 verba
1237 2703 1471 2734 confunduntur
1485 2702 1517 2733 in
1532 2701 1628 2745 scrip-

965 2750 1013 2781 tis.
1060 2752 1176 2782 ann.
