1760 3172
231 175 316 217 346
623 175 671 217 P.
705 175 917 217 OVIDII
952 176 1230 219 NASONIS

233 291 400 347 Quum
426 290 565 338 Deus
594 291 941 352 intonuitstion
962 307 1015 338 se
1035 292 1313 341 subducere
1339 294 1521 351 nimbo,

300 368 359 415 Id
385 369 586 416 demum
611 368 786 432 pietas,
814 367 864 415 id
889 368 1085 415 socialis
1111 385 1263 416 amor.

234 445 368 493 Rara
386 445 588 508 quidem
606 445 777 500 virtus,
800 461 950 507 quam
976 461 1073 492 non
1098 445 1292 493 fortuna
1317 447 1586 509 gubernet3

300 521 422 576 Quae
448 529 647 569 maneat
671 522 853 577 stabili,
883 539 1036 585 quum
1061 522 1185 586 fugit
1209 524 1307 581 illa,
1336 525 1492 588 pede:
1549 528 1612 571 30

235 600 288 646 Si
314 616 413 663 qua
437 607 603 647 tamen
629 599 774 662 pretii
801 599 894 645 sibi
921 616 1111 647 merces
1138 602 1246 664 ipsa
1269 601 1429 665 petiti,
1490 647 1492 649 ,

300 677 459 740 Inque
484 693 659 740 parum
684 677 807 723 laetis
833 677 986 724 ardua
1011 678 1158 724 rebus
1185 679 1354 734 adest3

235 755 304 802 Ut
327 763 524 818 tempus
551 769 795 809 numeres,
824 770 912 816 per
937 754 1118 801 saecula
1143 755 1277 801 nulla
1300 762 1508 810 tacetur,

300 832 366 879 Et
388 833 497 879 loca
520 831 773 886 mirantur,
801 847 902 894 qua
926 839 1065 894 patet
1089 832 1221 878 orbis
1248 832 1355 878 iter.

232 909 484 973 Adspicis,
511 916 566 956 ut
589 909 738 971 longo
760 916 959 956 maneat
982 909 1245 956 laudabilis
1271 925 1390 965 aevo,

1548 911 1611 956 35

300 986 497 1034 Nomen
521 986 892 1041 inexstinctum,
920 985 1222 1049 Penelopaea
1244 985 1402 1032 fides?

236 1064 428 1120 Cernis,
449 1071 504 1111 ut
527 1063 730 1111 Admeti
755 1071 997 1119 cantetur,
1020 1070 1075 1110 ut
1098 1062 1334 1110 Hectoris
1359 1078 1499 1119 uxor,

299 1143 536 1204 Ausaque
562 1141 611 1188 in
636 1157 873 1189 accensos
901 1140 1069 1204 Iphias
1095 1140 1165 1188 ire
1190 1140 1371 1203 rogos?

234 1220 304 1267 Ut
328 1220 457 1267 vivat
480 1219 611 1266 fama
634 1221 817 1283 conjux
842 1217 1132 1282 Phylaceia,
1158 1218 1302 1280 cujus

300 1297 503 1344 Iliacam
528 1297 676 1344 celeri
700 1297 771 1343 vir
796 1297 923 1360 pede
948 1295 1130 1359 pressit
1153 1294 1390 1341 humum?

1549 1297 1612 1341 40

235 1373 319 1421 Nil
344 1391 469 1438 opus
495 1381 572 1421 est
595 1375 693 1422 leto
719 1390 806 1437 pro
831 1390 927 1429 me,
951 1373 1039 1420 sed
1065 1387 1228 1419 amore
1253 1371 1452 1435 fideque
1476 1388 1485 1417 :

301 1451 415 1498 Non
441 1468 504 1498 ex
528 1451 714 1498 difficili
740 1451 871 1498 fama
893 1449 1112 1514 petenda
1135 1447 1226 1495 tibi
1252 1454 1345 1495 est.

274 1648 327 1678 29.
344 1647 530 1688 Gitbernat]
559 1647 712 1678 Gubernet
734 1656 806 1677 cum
824 1656 890 1676 me-

233 1697 368 1727 lioribus.
401 1697 518 1727 Hzrxs.
572 1696 681 1732 Quam,
707 1696 766 1726 ἃς.
791 1694 890 1731 Quasi

231 1745 334 1776 dicat:
363 1745 424 1775 rari
445 1751 528 1781 sunt,
554 1744 608 1786 qui
634 1755 694 1775 non
720 1749 891 1785 sequantur

231 1795 386 1826 fortunam
399 1795 501 1837 potius
519 1804 612 1835 quam
627 1793 783 1824 virtutem.

275 1845 326 1875 31.
342 1844 374 1874 Si
395 1856 453 1884 qna
472 1843 596 1882 tamem]
613 1842 723 1873 ’Όπόυ
747 1843 785 1874 τὸ
811 1853 889 1883 συμ-

232 1891 327 1934 φέρον
353 1893 414 1923 ἐκεῖ
439 1893 493 1923 καὶ
516 1893 554 1923 τὸ
579 1890 724 1931 εὐσεβές;
754 1891 890 1932 Epictet.

232 1941 324 1972 Hanc
346 1941 441 1972 etiarn
461 1940 546 1982 apud
559 1940 698 1970 Tullium
713 1939 824 1981 saepius
840 1938 888 1969 in-

231 1991 338 2021 venies
349 1989 545 2025 sententiam,
556 1989 610 2019 sed
621 1988 783 2030 grandiore
797 1988 890 2019 verbo

232 2039 404 2081 expositam
429 2038 469 2069 ad
498 2038 592 2069 finem
614 2037 798 2068 Milonianae
823 2048 890 2068 ora-

233 2089 335 2125 tionis,
357 2088 410 2119 ubi
427 2092 447 2104 “
468 2086 561 2118 fortes
581 2093 613 2118 et
634 2086 791 2128 sapientes
811 2086 890 2117 viros

233 2148 294 2168 non
321 2143 385 2168 tam
411 2136 538 2178 praemia
566 2135 655 2177 sequi
682 2135 780 2165 solere
806 2142 889 2166 recte

233 2187 397 2222 sactorum,
407 2196 502 2227 quam
516 2185 584 2226 ipsa
599 2193 681 2215 recte
700 2183 815 2219 facta,''
830 2184 888 2215 ἃς.

276 2236 414 2266 31-34.
437 2235 481 2266 Ut
503 2233 536 2264 in
554 2239 642 2264 textu
657 2239 714 2269 est,
733 2243 749 2263 e
770 2232 888 2263 Palati-

233 2284 280 2315 nis
295 2285 375 2315 bene
394 2283 593 2325 rescripserat
608 2283 771 2317 Gruterus,
788 2288 818 2312 et
834 2282 889 2313 ad-

232 2333 330 2376 prime
346 2333 487 2364 distinxit
501 2333 539 2364 de
554 2331 779 2363 Meddenbach
792 2332 888 2362 Wak-

232 2385 284 2415 ker
296 2383 328 2414 in
341 2382 528 2414 Amoenitat.
538 2382 681 2413 Litterar.
691 2393 723 2424 p.
737 2382 808 2418 123,
822 2382 891 2411 124.

233 2431 500 2474 interpungend03
523 2434 547 2463 si
573 2444 631 2472 qua
655 2438 764 2467 tumen,
789 2433 890 2470 pretii.

232 2481 263 2513 h.
279 2492 309 2513 e.
337 2481 361 2511 si
386 2491 449 2523 qua
471 2486 577 2511 tamen
598 2480 695 2510 virtus
720 2479 771 2515 sit,
797 2490 890 2521 quam

233 2542 293 2562 non
315 2531 469 2572 gubernet
488 2530 622 2566 fortuna,
641 2540 675 2560 ac
691 2540 779 2560 versu
796 2530 847 2560 34.
863 2535 891 2559 et

234 2582 307 2616 loca,
319 2579 457 2621 (scilicet
468 2579 627 2619 numeres)
642 2581 804 2608 mirantur.
818 2579 837 2609 J
841 2589 890 2609 am

233 2641 264 2659 v.
281 2629 333 2659 32.
356 2630 453 2659 ardua
475 2634 521 2658 est
537 2628 644 2663 virtus,
668 2638 738 2669 quae
760 2638 821 2658 non
843 2626 886 2658 in-

233 2677 366 2708 clinatur
380 2676 420 2707 ad
436 2677 602 2707 fortunam.
641 2676 787 2706 Huius.

277 2727 328 2757 36.
346 2726 515 2765 Penelopaea
527 2725 634 2766 fides]
660 2724 710 2755 Sic
732 2724 806 2755 alibi
832 2735 885 2755 no·

957 1650 1018 1675 ster
1036 1643 1141 1674 Thesea
1151 1643 1243 1683 fides.
1289 1641 1315 1671 Ο
1331 1642 1402 1671 mihi
1420 1640 1524 1671 Thesea
1545 1652 1612 1680 pec-

957 1700 1021 1723 tora
1032 1695 1146 1733 juncta
1161 1693 1239 1732 fide.
1283 1691 1334 1722 De
1354 1690 1414 1721 fide
1434 1696 1537 1721 autem
1552 1691 1612 1721 Pe-

957 1743 1095 1784 nelopes,
1110 1742 1206 1772 Hom.
1223 1740 1337 1781 Odyss.
1352 1740 1436 1770 xviii.
1453 1750 1514 1770 ver.
1527 1740 1590 1770 ‘253
1604 1751 1611 1769 :

1000 1791 1038 1823 Εἰ
1060 1790 1165 1827 κεῖνός
1185 1789 1213 1831 γ’
1229 1788 1332 1820 ἐλθὼν
1355 1790 1414 1820 τὸν
1437 1788 1516 1830 ἐμὸν
1535 1787 1613 1828 βίον

1039 1838 1264 1882 ἀμφιπολεύοι,

1000 1889 1123 1925 Μεῖζόν
1139 1900 1171 1920 κε
1192 1887 1284 1925 κλέος
1305 1887 1353 1926 εἴη
1375 1887 1452 1929 ἐμὸν
1468 1888 1522 1918 καὶ
1537 1885 1614 1919 κάλ-

1040 1939 1114 1968 λιον
1131 1936 1225 1968 οὕτω.

999 1987 1052 2017 37.
1078 1987 1197 2016 Admeti
1227 1985 1328 2025 uzon]
1369 1985 1470 2026 Hujus
1499 1984 1613 2016 fabulae

956 2036 1098 2067 meminit
1119 2035 1267 2077 Apollod.
1296 2035 1351 2065 lib.
1371 2034 1393 2065 i.
1416 2045 1479 2075 qua
1502 2044 1614 2076 nempe

956 2086 1075 2117 ratione
1091 2084 1205 2127 Apollo
1224 2090 1324 2115 totum
1348 2093 1463 2114 annum
1479 2083 1615 2114 Admeto

956 2134 1105 2166 servierit.
1162 2133 1301 2164 Hectoris
1331 2143 1416 2163 uxor.
1460 2131 1511 2163 Sic
1546 2131 1615 2174 ipsa

957 2184 1040 2228 apud
1056 2184 1164 2225 Eurip.
1181 2183 1211 2214 in
1227 2182 1340 2213 Troad.

1000 2235 1039 2266 Σὲ
1064 2233 1101 2270 δ’,
1128 2235 1152 2265 ὦ
1175 2231 1242 2274 φίλ’
1257 2232 1388 2274 ''Ex-rof),
1413 2232 1504 2273 εἶχον
1525 2229 1616 2272 ἄνδρ’

1040 2281 1206 2325 ἀρκοῦντά
1219 2293 1281 2324 μοι.

999 2333 1051 2363 38.
1071 2331 1196 2372 Iphias]
1224 2329 1364 2366 Evadne,
1380 2329 1479 2371 Iphiae
1495 2329 1572 2360 filia.

1000 2383 1052 2413 39.
1071 2380 1263 2422 Phylaceia]
1286 2379 1458 2410 Laodamia
1472 2379 1515 2410 sic
1531 2378 1616 2410 dicta

957 2442 975 2461 a
998 2431 1148 2472 Phylace,
1164 2429 1349 2460 Phthioticae
1371 2427 1505 2470 regionis
1518 2428 1616 2459 Thes-

957 2480 1042 2511 saliae
1063 2481 1149 2516 urbe,
1165 2490 1234 2521 quae
1257 2479 1314 2509 sub
1335 2478 1402 2520 ejus
1422 2477 1523 2508 mariti
1539 2477 1614 2508 Pro-

956 2529 1056 2560 tesilai
1080 2529 1206 2570 imperio
1226 2528 1295 2564 fuit,
1322 2533 1357 2558 ut
1379 2526 1470 2558 docet
1492 2526 1614 2563 Strabo,

957 2578 1010 2609 lib.
1026 2578 1078 2616 ix;
1102 2578 1151 2608 vel
1167 2588 1185 2608 a
1203 2575 1365 2607 Protesilai
1386 2585 1444 2606 avo
1463 2574 1613 2616 Phylace,

958 2626 1070 2669 Iphicli
1085 2631 1183 2668 patre.
1220 2626 1346 2656 M1cx'1..

997 2676 1051 2705 41.
1070 2675 1124 2704 Nil
1138 2686 1208 2715 opus
1223 2681 1264 2704 est
1280 2673 1364 2713 leta]
1391 2671 1484 2709 Quod
1501 2670 1540 2702 ad
1557 2676 1612 2697 ex·

954 2724 1058 2767 empla
1071 2723 1264 2755 referendum
1277 2735 1283 2752 2
1302 2721 1468 2753 Alcestidis
1477 2719 1607 2753 scilicet,
