1760 3172
217 164 244 203 2
590 164 638 204 Ρ.
673 162 885 204 OVIDII
918 160 1200 203 NASONIS

225 275 331 323 Nec
359 277 514 323 minor
539 284 617 324 est
639 277 806 331 virtus,
830 292 978 339 quam
1005 291 1244 338 quaerere,
1271 281 1412 338 parta
1436 273 1578 320 tueri.

290 352 450 399 Casus
478 353 605 400 inest
630 354 750 400 illic:
791 354 869 400 hic
896 354 987 400 erit
1011 353 1128 400 artis
1153 368 1294 415 opuS.

226 428 370 475 Nunc
398 429 531 483 mihi,
559 430 597 475 si
625 429 840 492 quando,
868 429 1001 476 Puer
1025 437 1075 476 et
1100 427 1366 491 Cytherea,
1395 426 1581 473 favete:

292 503 441 551 Nunc
471 504 648 552 Erato:
689 521 800 552 nam
826 512 878 552 tu
905 521 1081 552 nomen
1104 504 1282 551 amoris
1308 504 1479 550 habes.
1547 504 1603 549 16

226 579 410 642 Magna
429 597 569 644 paro;
599 598 722 644 quas
743 582 899 645 possit
920 582 1074 629 Amor
1094 597 1346 629 remanere
1366 596 1454 643 per
1472 587 1601 626 artes

293 656 487 713 Dicere,
514 666 615 705 tam
640 666 778 705 vasto
803 674 1046 721 pervagus
1071 659 1189 705 orbe
1215 673 1353 721 puer.

226 731 290 778 Et
315 734 432 780 levis
459 742 550 790 est,
574 742 623 782 et
646 736 798 783 habet
818 736 1057 797 geminas,
1081 735 1263 798 quibus
1285 734 1460 788 evolet,
1481 734 1599 779 alas.

290 808 501 858 Difficile
527 820 603 858 est
628 812 720 859 illis
747 812 1041 876 imposuisse
1066 812 1285 858 modum.

1539 812 1604 854 20

223 883 446 948 Hospitis
472 887 653 950 effugio
679 896 1031 952 praestruxerat
1056 888 1221 934 omnia
1248 886 1431 933 Minos.

289 961 544 1011 Audacem
571 965 745 1027 pennis
772 965 954 1028 reperit
979 965 1057 1011 ille
1082 965 1227 1011 viam.

224 1036 458 1087 Daedalus
484 1049 538 1088 ut
561 1041 739 1089 clausit
763 1050 1061 1105 conceptum
1086 1042 1289 1088 crimine
1315 1040 1485 1087 matris

289 1115 705 1182 Semibovemque
731 1120 901 1175 virum,
929 1119 1313 1180 semivirumque
1340 1118 1543 1173 bovem3

223 1190 299 1238 Sit
323 1194 499 1240 modus
524 1196 714 1252 exsilio,
741 1197 884 1252 dixit,
904 1196 1182 1259 justissime
1209 1194 1403 1241 Minos:
1538 1196 1601 1239 25

288 1267 517 1332 Accipiat
540 1272 730 1319 cineres
755 1280 884 1320 terra
907 1280 1113 1336 paterna
1135 1287 1289 1319 meos.

225 1341 288 1390 Et
312 1346 544 1407 quoniam
570 1347 619 1394 in
645 1349 822 1411 patria,
850 1348 962 1395 fatis
988 1349 1201 1410 agitatus
1227 1347 1426 1410 iniquis,

286 1420 463 1470 Vivere
489 1440 586 1471 non
611 1426 765 1488 potui,
793 1426 856 1472 sit
880 1426 998 1472 mihi
1024 1441 1172 1489 posse
1197 1425 1335 1472 mori.

267 1565 314 1594 16.
341 1565 442 1601 Nunc,
474 1566 578 1603 Erato,
601 1567 680 1608 δία]
714 1568 786 1598 Non
806 1567 876 1598 ideo

219 1617 339 1643 tantum
367 1614 491 1644 Musam
518 1615 598 1646 hanc
629 1616 716 1646 Naso
741 1617 874 1653 invocat,

220 1660 294 1701 quia
310 1672 419 1693 nomen
437 1664 476 1694 ab
499 1664 626 1700 Amore,
644 1664 713 1697 ἀπὸ
729 1667 785 1696 τοῦ
800 1665 875 1706 ἔρω-

221 1721 286 1747 τος,
321 1716 351 1741 et
384 1711 521 1742 versibus
550 1719 661 1754 praeest
700 1713 875 1751 amatoriis;

219 1758 274 1788 sed
295 1759 368 1800 quia
390 1760 482 1790 bellis
503 1761 610 1797 etiam,
635 1773 704 1803 quae
727 1773 788 1793 non
809 1772 876 1793 rara

220 1807 299 1838 inter
324 1814 464 1839 amantes
485 1817 682 1851 consurgunt.
727 1811 777 1842 Sic
797 1821 874 1852 prae-

218 1855 261 1886 lia
276 1856 414 1888 dicturus
428 1858 528 1894 Mam,
545 1870 614 1901 quae
628 1870 665 1890 ex
680 1870 783 1891 amore
798 1861 875 1890 Tur-

221 1904 251 1934 ni
268 1911 300 1935 et
315 1906 424 1936 [Eneae
441 1907 472 1936 in
488 1907 647 1939 Laviniam
665 1914 782 1945 exorta,
799 1910 874 1940 Era-

221 1959 262 1989 to,
288 1964 347 1984 non
378 1954 555 1997 Calliopen,
584 1957 615 1987 in
646 1957 726 1988 hanc
755 1964 873 1999 partem

221 2003 323 2044 operis
340 2003 455 2034 sociam
477 2004 630 2036 advocat:
655 2005 727 2037 vide
747 2006 874 2037 AEneid.

220 2050 333 2081 librum
345 2051 399 2081 vii.
416 2052 476 2082 37:

266 2099 358 2131 Nunc
387 2111 453 2142 age,
480 2103 531 2141 qui
563 2112 653 2143 reges,
683 2102 788 2138 Erato,
813 2115 875 2143 qna·

307 2155 434 2188 tempora
452 2161 564 2180 rerum.

266 2197 317 2227 18.
344 2197 421 2228 Orbe
434 2199 537 2238 puer-,J
567 2198 651 2234 Tum,
667 2199 704 2229 ad
717 2210 875 2241 pervagus,

222 2256 261 2276 an
271 2246 308 2276 ad
320 2254 400 2277 vaslo
411 2248 476 2277 orbe
487 2247 701 2278 referendum?
746 2249 875 2280 Dorm-

277 2296 327 2326 19.
366 2296 480 2330 Quibus
507 2297 610 2332 evolet,
641 2297 734 2337 a!as.]
774 2299 875 2330 Avolet

222 2344 341 2385 Regius
360 2350 390 2374 et
411 2344 464 2375 alii
484 2345 659 2386 complures
678 2357 750 2377 cum
775 2347 874 2387 prima

219 2392 456 2434 editione.quod
466 2404 589 2434 sequor.
609 2394 778 2426 limxsuvs.
803 2396 874 2426 Non

220 2442 404 2472 movendam
427 2448 502 2484 puto
528 2453 646 2479 vocem,
672 2445 778 2480 evolat,
803 2456 873 2486 quae

221 2496 308 2521 notat
331 2490 462 2522 evadere
484 2502 592 2522 manus
617 2493 765 2533 prendere
789 2494 873 2535 cupi—

221 2539 352 2575 entium,
367 2546 398 2570 et
412 2540 442 2571 in
458 2541 567 2577 altum,
583 2541 631 2572 vel
653 2552 690 2572 ex
706 2549 873 2583 conspectu

221 2589 336 2619 volare.
382 2590 498 2620 Burin.

272 2639 326 2668 21.
375 2638 570 2669 Pra’cluserat
608 2641 705 2669 omnia
746 2640 870 2681 Minos.]

222 2687 437 2717 Praeseruierat
478 2688 619 2718 meliores
656 2688 723 2720 libri
761 2700 874 2730 magno

943 1578 1082 1598 numero.
1099 1566 1226 1598 rectius.
1249 1577 1322 1597 nam
1340 1567 1449 1597 clausit
1466 1576 1535 1596 mox
1551 1576 1599 1596 se-

943 1616 1058 1657 quitur.
1103 1616 1255 1646 Daedalus
1271 1616 1337 1657 ipse
1363 1615 1416 1646 lib.
1437 1615 1500 1646 viii.
1518 1615 1599 1645 Met.

948 1666 1017 1696 185.
1032 1664 1071 1695 de
1086 1664 1266 1695 Minotauro
1279 1676 1285 1694 ι

1119 1713 1225 1744 Tei-rus
1241 1715 1322 1748 licet,
1339 1714 1448 1753 inquit,
1464 1720 1491 1743 et
1507 1716 1603 1743 undas

989 1763 1149 1792 Obstruat:
1173 1769 1205 1792 ut
1219 1764 1323 1793 coelum
1344 1770 1424 1793 certe
1436 1769 1530 1802 patet.
1547 1764 1599 1792 ibi-

1029 1822 1095 1842 mus
1110 1812 1199 1841 illac.-

989 1860 1094 1890 Omnia
1119 1862 1274 1900 possideat,
1300 1872 1357 1891 nnn
1383 1862 1508 1900 possidet
1530 1862 1600 1890 u'e'ru

1031 1910 1140 1940 Minos.
1440 1909 1558 1942 HmNs.

988 1957 1120 1997 Hospitis
1134 1958 1256 1999 effugio,
1272 1957 1350 1998 δῖα]
1378 1958 1535 1993 Daedalai,
1548 1960 1600 2000 qui

943 2004 981 2035 ad
992 2005 1132 2037 Minoem
1149 2006 1343 2047 confugerat,
1354 2007 1456 2047 capite
1469 2006 1598 2038 damna-

943 2060 992 2085 tus
1009 2055 1047 2085 ab
1070 2055 1245 2096 Areopago,
1265 2056 1305 2085 ob
1328 2055 1464 2086 occisum
1489 2055 1601 2086 sororis

944 2102 1040 2134 filium
1065 2104 1207 2138 Talaum,
1231 2103 1286 2145 qui
1312 2114 1373 2134 non
1397 2103 1547 2145 imparem
1569 2116 1601 2136 se

944 2152 1099 2193 quondam
1116 2152 1147 2183 in
1156 2158 1234 2187 arte,
1244 2163 1307 2193 qua
1316 2152 1515 2194 praecellebat
1526 2154 1601 2184 1)ae-

943 2201 1044 2237 dalus‚
1055 2202 1192 2233 futurum
1208 2202 1397 2232 minabatur.
1433 2202 1599 2234 Daedalum

944 2255 1048 2280 autem
1063 2251 1178 2285 Minos,
1191 2249 1221 2280 in
1238 2250 1315 2292 ipso,
1327 2261 1421 2291 quem
1435 2256 1599 2287 struxerat,

943 2298 1120 2340 labyrintho
1149 2309 1220 2330 cum
1250 2299 1338 2330 Icaro
1367 2299 1430 2330 filio
1459 2299 1597 2335 inclusit,

942 2347 1015 2387 quia
1023 2347 1312 2389 Pasiphaen,Tauri
1323 2358 1424 2379 amore
1435 2347 1598 2384 furentem.

941 2406 1004 2426 suae
1021 2396 1094 2428 artis
1109 2407 1166 2438 ope
1176 2396 1314 2437 juverat.
1360 2396 1480 2429 Amm-

984 2447 1038 2476 28.
1068 2446 1115 2476 Da
1131 2447 1204 2476 mihi
1225 2457 1304 2486 posse
1327 2447 1434 2487 mor-n]
1461 2447 1507 2478 Sit
1528 2449 1600 2478 mihi

941 2494 1040 2525 Jureti
1063 2501 1230 2536 excerpta:
1262 2495 1398 2536 eleganti
1417 2496 1600 2530 Graecismo.

942 2542 1078 2584 γένοιτο,
1101 2543 1195 2579 ἔστω,
1219 2542 1392 2584 ἐνδέχοιτο.
1413 2545 1458 2575 sic
1481 2551 1599 2579 contra.

946 2592 1011 2622 Non
1028 2599 1080 2628 est,
1098 2592 1154 2624 οὐκ
1169 2593 1246 2624 ἔστι.
1264 2593 1331 2623 Non
1351 2595 1403 2630 sit,
1424 2593 1471 2624 Ne
1488 2596 1537 2628 sit.
1552 2596 1599 2636 μή

942 2640 1077 2682 γένοιτο,
1092 2642 1138 2682 μὴ
1158 2640 1183 2672 δ’
1198 2642 1290 2674 ἔστω.
1305 2642 1362 2673 οὐκ
1377 2642 1453 2678 ἔστι,
1469 2654 1524 2685 pro
1539 2654 1599 2674 non

945 2689 1028 2726 licet,
1045 2701 1104 2721 non
1119 2690 1220 2722 datur.
1267 2691 1386 2722 Hiems.
