1760 3172
396 192 704 235 TRISTIUM
738 191 856 233 LIB.
891 190 928 231 Ι.
963 190 1141 233 ELEG.
1176 192 1213 232 Ι.

1420 192 1502 233 141

114 309 347 372 Denique
373 325 578 356 securus
603 307 761 362 famae,
789 306 930 361 liber,
958 306 1026 353 ire
1049 313 1329 361 memento;

179 385 287 433 Nec
313 385 404 432 tibi
431 385 495 432 sit
519 385 650 432 lecto
676 382 995 447 displicuisse
1021 382 1209 446 pudor:
1439 387 1502 430 50

113 461 228 509 Non
253 462 325 509 ita
348 478 402 509 se
426 461 570 508 nobis
596 460 788 524 praebet
811 459 1009 506 fortuna
1033 459 1323 516 secundam,

180 538 252 585 Ut
275 538 366 585 tibi
392 538 457 585 sit
480 537 605 585 ratio
632 537 791 585 laudis
818 537 1050 584 habenda
1073 543 1191 584 tuae.

113 615 286 662 Donec
312 631 446 662 eram
473 631 664 679 sospes,
691 613 825 661 tituli
851 614 1094 676 tange-bar
1119 630 1301 669 amore,

179 691 549 754 Quaerendique
576 691 695 738 mihi
721 690 935 737 nominis
962 691 1108 737 ardor
1133 697 1255 737 erat.

114 767 349 815 Carmina
362 760 495 833 nunc
516 768 556 814 si
577 784 675 815 non
696 767 1037 830 studiumque,
1056 768 1191 829 quod
1210 767 1385 823 obfuit,
1404 769 1502 823 odi,

181 844 259 891 Sit
283 844 404 893 satis
423 833 470 911 j
473 845 673 907 ingenio
700 844 769 891 sic
797 844 915 907 fuga
939 851 1082 908 parta
1106 861 1234 892 meo.
1441 849 1503 892 5ss

113 920 136 966 I
163 928 346 978 tamen,
374 922 405 978 i,
422 912 522 986 'pro
547 939 626 969 me
651 929 722 977 tu,
750 922 830 968 eui
866 921 999 977 lieet,
1027 922 1231 985 adspice
1260 921 1501 970 Romam:

179 998 245 1045 Di
269 999 509 1056 facerent,
537 1016 737 1063 possem
763 1015 895 1046 nunc
917 1015 1057 1046 meus
1084 1015 1194 1047 esse
1218 999 1368 1046 liber!

115 1074 222 1123 Nec
241 1083 307 1132 te,
326 1077 462 1140 quod
479 1077 650 1125 venias
672 1093 906 1139 magnam
928 1077 1220 1140 peregrinus
1242 1077 1291 1124 in
1311 1079 1502 1132 urbem,

180 1151 415 1214 Ignotum
440 1154 625 1218 populo
651 1170 800 1218 posse
824 1154 991 1201 venire
1017 1160 1155 1217 puta.
1442 1158 1505 1202 00

116 1228 187 1276 Ut
209 1229 355 1277 titulo
380 1246 567 1286 careas,
595 1230 704 1294 ipso
730 1247 935 1278 noscere
961 1231 1154 1288 colore3

180 1307 510 1356 Dissimulare
534 1309 657 1356 velis
683 1315 733 1355 te
759 1308 878 1355 lieet
902 1324 1013 1356 esse
1039 1324 1223 1355 meum.

115 1383 260 1432 Clam
286 1393 453 1433 tamen
480 1387 681 1442 intrato,
710 1403 772 1434 ne
797 1393 847 1434 te
874 1401 985 1433 mea
1009 1386 1231 1433 carmina
1254 1386 1467 1434 laedant:

181 1462 230 1510 Ν
233 1480 297 1510 on
323 1471 455 1520 sunt,
482 1471 538 1511 ut
565 1464 818 1527 quondam
845 1465 995 1527 plena
1018 1463 1196 1510 favoris
1222 1471 1379 1510 erant.

115 1538 168 1586 Si
195 1540 308 1602 quis
333 1541 441 1597 erit,
470 1541 555 1610 qui
581 1548 647 1597 te,
677 1541 796 1604 quia
821 1541 887 1588 sis
915 1557 1072 1597 meus,
1101 1557 1211 1588 esse
1237 1542 1506 1603 legendum

181 1615 296 1663 Non
322 1612 501 1694 putet,2⁴
512 1635 538 1666 e
564 1618 751 1681 gremio
777 1618 1072 1683 rejiciatqu
1099 1634 1217 1675 suo3
1441 1622 1504 1666 66

114 1691 332 1756 Inspice,
359 1694 456 1750 dic,
481 1694 704 1742 titulum:
734 1711 834 1741 non
860 1712 970 1741 sum
995 1703 1274 1759 praeceptor
1298 1696 1502 1742 amoris:

179 1768 316 1837 Quas
341 1771 537 1828 meruit,
566 1788 738 1835 poenas
759 1773 863 1835 jam
890 1771 1029 1819 dedit
1054 1772 1177 1818 illud
1203 1789 1346 1836 opus.

155 1902 208 1933 54.
235 1902 396 1937 Quaerendi
408 1902 562 1943 nominis]
581 1902 774 1944 Comparan-

113 1950 160 1982 dae
176 1951 280 1988 famae,
299 1951 343 1983 sic
357 1952 411 1982 lib.
424 1963 453 1983 v.
469 1952 558 1993 Eleg.
573 1952 627 1983 xii.
644 1954 696 1984 39,

156 2002 207 2032 56.
232 2002 280 2032 Sic
294 2002 392 2043 satis]
419 2001 451 2032 Si
466 2003 555 2044 ingen
562 2003 586 2032 io
601 2013 672 2033 cum
689 2003 774 2034 Heu-

112 2060 227 2082 manno
250 2050 283 2082 in
303 2061 380 2082 casu
403 2051 500 2082 dandi
524 2052 680 2088 sumseris,
699 2052 775 2094 quin

113 2099 205 2142 hujus
233 2101 458 2143 conjecturam,
490 2103 529 2132 sit
557 2104 628 2132 satis
657 2104 776 2143 ingenio

112 2161 177 2186 nec,
194 2151 319 2192 probes,
336 2156 391 2182 aut
412 2151 489 2192 fuga
513 2161 567 2192 pro
588 2151 699 2182 exsilio
721 2159 774 2183 ex-

113 2199 222 2241 plices,
249 2199 370 2242 planior
394 2201 472 2231 forte
495 2200 624 2231 exsistet
648 2212 773 2233 sensus:

114 2248 200 2280 Olim
227 2249 360 2292 gloriam
388 2250 491 2281 laudis
520 2250 663 2291 quaesivi,
691 2262 775 2282 nunc

113 2309 186 2330 vero
205 2298 377 2341 ingenium,
399 2299 430 2330 h.
447 2310 474 2330 e.
500 2298 622 2331 indoles
645 2306 700 2331 aut
722 2311 775 2331 ca-

113 2347 209 2378 nendi
223 2348 357 2379 facilitas
367 2348 456 2389 (vide
470 2347 577 2379 Gifan.
595 2349 675 2380 obss.
693 2349 728 2379 L.
739 2350 774 2380 L.

113 2408 144 2440 p.
160 2398 234 2434 232,
250 2399 325 2429 233.
337 2397 387 2429 ed.
403 2397 550 2438 Altenb.)
562 2398 606 2429 ita
619 2404 775 2430 mutatum

113 2453 172 2483 est,
188 2453 222 2478 ut
241 2447 316 2478 satis
338 2447 414 2478 mihi
436 2447 488 2483 sit,
504 2448 529 2478 si
550 2447 593 2484 id,
611 2448 694 2489 quod
720 2450 774 2479 ob-

114 2496 183 2532 fuit,
198 2507 259 2527 non
275 2496 337 2527 odi.
381 2497 531 2528 HARLES.

158 2547 210 2576 57.
234 2545 254 2575 I
268 2553 377 2582 tamen,
393 2553 421 2576 et
434 2557 488 2586 pro
506 2546 577 2586 me.]
606 2546 651 2577 Tu¹
667 2553 775 2583 tamen,

114 2597 125 2625 i
150 2606 204 2634 pro
232 2606 277 2625 me
301 2595 397 2630 ‚Polin
423 2595 527 2626 vatic.
553 2601 584 2626 et
612 2602 673 2627 tres
700 2596 775 2626 alii:

115 2644 194 2676 alter
230 2644 388 2681 Politiani,
419 2645 437 2674 I
462 2657 544 2675 7111710
573 2652 601 2676 et
635 2657 689 2685 pro
723 2658 777 2676 me.

114 2694 232 2730 Scribe,
254 2694 273 2723 Ι
289 2701 398 2731 tamen,
416 2697 437 2730 i,
458 2706 512 2734 pro
530 2706 595 2727 νηρς
622 2695 674 2736 qui
701 2706 776 2726 sane

116 2744 272 2774 venustior
286 2744 435 2786 loquendi
451 2744 562 2774 modus
577 2750 634 2775 est.

886 1903 938 1933 58.
969 1902 1061 1934 Nunc
1090 1904 1197 1944 meus]¹
1235 1904 1336 1935 Probe
1364 1904 1507 1935 meliores

843 1951 914 1982 libri
930 1962 1043 1993 magno
1060 1963 1188 1983 numero
1204 1965 1312 1993 possem
1331 1966 1412 1984 mmo
1427 1966 1508 1984 mens

844 2013 900 2032 esse
917 2003 1008 2033 liber:
1033 2001 1204 2043 eleganter,
1228 2003 1312 2045 quod
1336 2009 1367 2034 et
1393 2003 1425 2034 in
1444 2004 1507 2034 suis

843 2050 1004 2082 invenerat
1032 2051 1222 2092 Naugerius.
1277 2052 1408 2093 Vulgati
1437 2064 1506 2094 per-

843 2110 948 2141 peram
962 2111 1055 2139 posses
1071 2113 1128 2131 non,
1143 2112 1224 2131 'meus
1234 2112 1300 2132 esse.
1345 2101 1463 2133 HmNs.

887 2150 938 2180 61.
964 2149 1030 2189 Ipso
1053 2150 1175 2191 colora]
1206 2151 1305 2192 Nigro
1327 2156 1359 2181 et
1383 2151 1507 2193 lugubri

843 2198 964 2235 habitu,
981 2204 1013 2229 et
1028 2200 1168 2231 versibus
1183 2200 1297 2242 quibus
1312 2201 1508 2242 conscriptus

843 2258 886 2278 es.
931 2249 980 2278 M.

887 2298 939 2328 65.
965 2297 1052 2332 Quod
1068 2299 1091 2328 si
1107 2297 1213 2338 meum]
1241 2298 1322 2332 Quia
1345 2300 1383 2328 sis
1398 2298 1507 2332 melio-

843 2356 891 2376 res
906 2352 936 2377 et
948 2351 1031 2377 recte
1046 2358 1052 2376 :
1078 2346 1116 2377 de
1133 2356 1196 2387 quo
1212 2347 1287 2377 alibi
1302 2353 1349 2378 est
1363 2347 1483 2377 dietum
1499 2360 1507 2385 ;

842 2395 933 2426 Trist.
958 2396 1012 2427 lib.
1038 2395 1070 2426 ii.
1095 2396 1147 2426 49.
1174 2405 1211 2426 ex
1239 2396 1376 2437 antiquis
1399 2396 1506 2428 libris:

848 2445 945 2486 thue
967 2452 1038 2476 tuus
1061 2448 1175 2487 gautlet
1194 2448 1287 2483 miles,
1306 2449 1376 2486 quia
1402 2449 1507 2478 'vicerit

843 2496 962 2525 hostem.
1008 2495 1127 2525 Hhms.

888 2546 939 2575 67.
974 2545 1041 2575 Nun
1077 2556 1139 2575 sum
1175 2551 1339 2583 proeccptor
1372 2545 1507 2585 amoris]

846 2595 917 2625 Non
940 2599 1038 2625 tracto
1060 2600 1157 2624 artem
1179 2594 1316 2629 amandi,
1340 2599 1374 2624 ut
1397 2594 1508 2625 fratres

844 2644 904 2674 mei
919 2650 997 2673 tres:
1024 2649 1054 2672 et
1070 2643 1101 2673 ii.
1118 2643 1156 2672 de
1174 2643 1265 2672 Pout.
1280 2644 1326 2672 El.
1344 2654 1372 2672 X.
1394 2643 1442 2673 15.

890 2693 971 2723 AVUS„
1002 2704 1106 2731 Jlal'llm
1141 2694 1275 2731 ])]‘ll(ICJIS
1304 2699 1400 2723 [Ll'leln
1434 2694 1505 2722 dnm

974 2748 1084 2771 [ructat
1101 2743 1233 2777 amandi,
