1760 3172
399 170 707 212 TRISTIUM
740 169 860 211 LIB.
897 170 987 211 ΙΙΙ.
1021 171 1201 213 ELEG.
1237 172 1300 213 II.

1459 173 1545 215 225

153 285 255 333 Vos
281 301 499 348 quoque,
527 286 568 332 si
592 285 665 332 fas
688 292 778 340 est,
806 285 1012 333 confusa
1032 287 1220 349 pudore
1246 288 1457 350 repulsae

220 361 414 410 Sumite
438 362 646 426 plebeiae
673 362 894 408 carmina
918 368 1086 408 nostra
1110 378 1304 410 manus.

632 684 933 732 ELEGIA
984 649 1062 731 il.

152 821 306 869 ERGO
329 830 435 871 erat
454 824 503 871 in
520 824 634 872 fatis
660 825 921 887 Scythiam
944 839 1144 887 quoque
1159 824 1319 870 visere
1339 826 1538 880 nostris,

217 899 444 964 Quaeque
471 901 722 965 Lycaonio
747 908 877 949 terra
902 902 994 948 sub
1021 917 1114 948 axe
1134 902 1304 964 jacet?

152 974 260 1024 Nec
285 994 388 1033 vos,
416 978 660 1036 Pierides,
687 996 778 1026 nec
805 980 954 1042 stirps
982 977 1170 1033 Lamia,
1197 984 1361 1025 vestro

219 1053 382 1102 Docta
406 1056 651 1103 sacerdoti
676 1057 822 1103 turba
844 1055 1029 1103 tulistis
1056 1055 1239 1118 opem?

151 1130 261 1178 Nec
287 1132 423 1189 mihi,
451 1134 586 1196 quod
610 1134 705 1180 lusi
729 1150 843 1182 vero
869 1133 976 1180 sine
999 1132 1222 1187 crimine,
1249 1132 1471 1194 prodest,
1511 1134 1540 1178 5

217 1207 466 1273 Quodque
490 1211 649 1273 magis
675 1211 776 1258 vita
802 1210 953 1258 Musa
971 1212 1150 1273 jocosa
1173 1225 1286 1256 mea
1309 1216 1413 1265 est;

150 1283 374 1334 Plurima
398 1288 487 1336 sed
512 1289 690 1352 pelago
714 1295 947 1351 terraque
971 1287 1196 1351 pericula
1220 1302 1424 1349 passum

217 1362 376 1411 Ustus
403 1365 465 1412 ab
491 1366 698 1413 adsiduo
724 1365 903 1427 frigore
929 1364 1124 1411 Pontus
1150 1364 1319 1410 habet.

149 1436 351 1503 Quique
375 1440 529 1504 fugax
553 1458 733 1497 rerum,
762 1457 1039 1503 securaque
1064 1441 1114 1486 in
1140 1440 1241 1486 otia
1265 1446 1429 1494 natus,

216 1515 384 1564 Mollis
403 1524 454 1565 et
477 1518 741 1581 impatiens
768 1524 883 1564 ante
908 1517 1090 1564 laboris
1110 1532 1268 1573 eram3
1480 1519 1539 1562 lo

152 1591 340 1641 Ultima
363 1610 492 1642 nunc
518 1584 821 1658 patiorjnec
848 1610 926 1641 me
947 1609 1081 1640 mare
1103 1593 1344 1656 portubus
1364 1593 1539 1639 orbum

216 1659 683 1727 Perderesdiversae
709 1686 801 1718 nec
826 1677 1032 1734 potuere
1057 1670 1148 1716 viae
1169 1687 1178 1717 :

146 1870 236 1911 cujus
250 1869 427 1911 iguorniniae
443 1872 560 1914 pudore
576 1873 808 1904 confunduntur

149 1918 201 1959 (ut
222 1919 330 1960 pulcre
347 1919 440 1951 finxit
462 1920 571 1963 poeta)
587 1921 619 1952 in
640 1932 751 1953 manus
777 1929 808 1952 et

146 1967 353 2000 bibliothecas
366 1969 556 2011 privatorum
572 1976 603 2001 et
616 1970 809 2012 plebeiorum

146 2016 319 2049 hominum.
363 2019 512 2050 HARIAES.

193 2118 220 2147 l.
255 2116 338 2159 Ergo
359 2118 452 2158 erat.]
493 2118 612 2150 Deerat
637 2118 694 2149 hoc
718 2118 807 2149 disti-

148 2165 228 2196 chon
251 2166 321 2197 cod.
337 2167 434 2198 Servii
443 2179 452 2206 ;
489 2167 571 2208 quod
596 2169 691 2198 nostri
717 2168 808 2198 ambo

149 2213 280 2246 habent:
305 2216 337 2246 in
353 2215 460 2247 multis
470 2222 501 2247 et
515 2215 639 2258 optimis
653 2216 719 2247 haec
735 2217 808 2247 Ele—

146 2264 198 2305 gia
213 2264 453 2296 continuabatur
467 2265 626 2307 superiori.

191 2314 223 2344 2.
245 2313 305 2344 Sub
320 2325 372 2345 axe
388 2313 566 2355 Lycaonia]
592 2314 656 2344 Sub
672 2318 805 2355 septem-

146 2362 270 2392 trionali
284 2363 388 2404 plaga,
404 2363 448 2394 sic
469 2362 627 2404 adpellata
642 2372 660 2392 a
676 2363 808 2394 Callisto

148 2411 304 2452 Lycaonis
319 2410 393 2447 filia,
410 2422 479 2453 quae
493 2412 527 2442 in
541 2411 689 2453 majorem
704 2422 807 2442 ursam

148 2466 280 2497 mutata,
296 2461 450 2501 Lycaonia
471 2471 490 2491 a
505 2461 605 2502 poetis
620 2460 807 2492 nominatur.

192 2512 223 2541 3.
246 2510 354 2540 Latoia
368 2510 483 2550 stirps]
511 2510 541 2540 h.
556 2520 586 2541 e.
605 2510 731 2551 Apollo,
753 2511 806 2541 Jo-

147 2561 195 2592 vis
217 2566 248 2591 et
274 2560 396 2591 Latonae
419 2559 513 2590 filius,
558 2560 668 2590 Latoia
691 2565 807 2596 autem,

147 2620 209 2639 non
230 2609 361 2639 Latonia
383 2608 580 2639 scribendum
596 2608 688 2639 docet
710 2608 807 2639 Hein-

149 2657 234 2689 sius:
261 2668 280 2688 a
302 2657 403 2692 λατὼ,
420 2657 576 2694 Λατώϊος.
620 2657 693 2687 Pari
717 2657 808 2687 modo

150 2716 169 2737 a
185 2705 328 2747 πάτρως,
339 2705 468 2737 Vossius
483 2705 522 2736 ad
535 2706 640 2737 Catul.
651 2705 671 2736 i.
687 2717 718 2746 p.
735 2707 764 2741 4,
777 2707 807 2736 5.

192 2759 292 2789 VOL.
317 2759 360 2788 II.

877 1875 1045 1915 πατρῷον,
1061 1878 1092 1903 et
1109 1872 1252 1903 Patroam
1270 1871 1423 1912 Virginem
1438 1870 1540 1912 fingit.

876 1923 1025 1953 HARLES.

920 1973 950 2002 4.
975 1970 1155 2010 Sacerdoti]
1195 1969 1328 2001 Ovidio:
1353 1973 1426 1999 sunt
1456 1968 1540 1998 enim

877 2027 976 2063 poetae
992 2019 1150 2062 Apollinis
1171 2024 1202 2049 et
1216 2020 1382 2049 Musarum
1396 2017 1540 2048 sacerdo-

877 2076 944 2107 tes3
966 2069 1121 2105 Tibullus,
1136 2068 1192 2099 lib.
1208 2067 1240 2099 ii.
1254 2068 1302 2098 El.
1315 2079 1344 2098 v.
1360 2077 1424 2099 ver.
1440 2069 1454 2097 l
1470 2079 1477 2097 ι

921 2120 1037 2155 Phoebe,
1053 2119 1142 2160 fave,
1166 2128 1259 2148 novus
1286 2118 1461 2159 ingreditur
1488 2124 1542 2147 tua

1003 2169 1111 2207 templa
1124 2168 1269 2198 sacerdos.

920 2219 950 2248 8.
992 2216 1109 2256 Ust11s.]
1147 2215 1178 2245 h.
1202 2225 1230 2245 e.
1256 2214 1329 2255 gelu
1361 2213 1544 2245 adstrictus.

879 2267 973 2297 Urere
999 2265 1083 2296 enim
1116 2265 1154 2295 ob
1192 2273 1318 2293 sensum
1356 2262 1540 2293 acerrimum

874 2316 969 2347 etiam
979 2314 1076 2355 frigus
1086 2313 1217 2351 dicitur3
1235 2311 1299 2342 vid.
1310 2310 1390 2341 infra
1397 2311 1440 2342 iii.
1449 2312 1478 2341 4.
1488 2312 1541 2342 48.

875 2365 1024 2395 HARLES.

920 2412 1063 2451 Pontus]
1092 2411 1211 2440 Pontus
1223 2408 1375 2445 Euxinus,
1388 2409 1439 2439 cui
1454 2408 1542 2450 adja-

876 2468 925 2493 cet
939 2461 1104 2491 Tomitana
1119 2469 1184 2489 ora.
1230 2458 1324 2487 Mun.

919 2512 950 2540 9.
968 2508 1196 2549 Quiquefugax
1209 2505 1336 2545 rerum]
1363 2505 1426 2542 Qui
1440 2506 1539 2536 forum

877 2565 907 2590 et
922 2560 993 2590 lites
1006 2558 1153 2588 vitabam.
1199 2556 1302 2585 Pom.

922 2608 971 2637 12.
996 2606 1127 2636 Diversae
1152 2603 1230 2643 viau]
1255 2602 1355 2633 Maris
1378 2609 1409 2633 et
1438 2609 1539 2640 terrae,

875 2655 908 2685 in
937 2654 1051 2696 quibus
1079 2653 1217 2693 utrisque
1245 2652 1321 2682 dura
1350 2662 1457 2693 passus
1494 2659 1541 2684 est

876 2704 955 2734 citra
969 2709 1110 2733 mortem.

951 2758 978 2793 Q
