1760 3172
447 161 538 202 EX
571 161 783 202 PONTO
817 161 936 202 LIB.
970 161 1006 202 Ι.
1039 162 1231 204 EPIST.
1264 163 1319 204 V.
1482 164 1566 206 375

195 276 508 324 Parcendum
534 283 610 324 est
641 275 803 323 animo
829 275 1108 323 miserabile
1131 277 1306 325 vulnus
1331 278 1563 329 habenti:

261 353 556 400 Subducant
580 353 716 401 oneri
741 353 867 400 colla
890 359 1091 416 perusta
1114 354 1280 401 boves.

189 429 271 487 At,
297 437 431 493 puto,
456 430 641 477 fructus
661 431 817 485 adest,
833 430 1111 493 justissima
1135 447 1285 478 causa
1308 432 1560 488 laboru1n3

257 507 324 553 Et
348 514 456 554 sata
480 524 592 554 cum
617 509 773 554 multo
798 507 980 554 foenore
1006 506 1171 554 reddit
1196 523 1327 569 ager.
1500 511 1562 555 26

191 583 409 647 Tempus
435 584 497 631 ad
522 584 614 631 hoc
640 584 798 640 nobis,
820 591 1015 647 repetas
1040 583 1158 630 licet
1182 583 1360 639 onmia,
1378 585 1566 631 nullum

258 660 465 717 Profuit,
492 668 642 724 atque
666 661 853 708 utinam
874 677 971 706 non
993 653 1272 707 nocuisset!
1311 677 1452 723 opus.

193 737 295 783 Cur
319 737 467 800 igitur
491 738 735 785 scribam?
773 737 962 784 miraris
982 755 991 784 :
1028 736 1175 783 miror
1200 744 1249 784 et
1272 737 1377 801 ipse
1397 756 1406 794 ;

1503 818 1566 861 30

258 814 323 861 Et
347 832 542 862 mecum
567 832 734 879 quaero
761 831 908 878 saepe,
937 814 1058 877 quid
1079 814 1193 861 inde
1218 814 1386 861 feram.

191 890 269 937 An
295 893 506 955 populus
526 909 639 940 vere
665 909 809 939 sanos
834 898 984 953 negat
1008 908 1117 939 esse
1142 898 1332 954 poetas,

259 967 481 1032 Sumque
505 969 627 1016 fides
652 970 798 1033 hujus
823 969 1043 1016 maxima
1064 968 1198 1015 vocis
1225 969 1351 1031 ego?

190 1044 304 1101 Qui,
331 1047 484 1093 sterili
507 1047 653 1094 toties
672 1064 825 1110 quum
850 1047 943 1093 sim
968 1048 1208 1109 deceptus
1234 1046 1296 1093 ab
1323 1061 1452 1101 arvo,

258 1122 510 1170 Damnosa
534 1130 700 1187 persto
725 1124 938 1171 condere
965 1139 1134 1170 semen
1159 1123 1324 1170 humo.

192 1199 397 1247 Scilicet
411 1207 488 1248 est
501 1200 712 1264 cupidus
732 1200 1005 1248 studiorum
1025 1200 1238 1263 quisque
1256 1215 1455 1246 suorum
1473 1218 1482 1257 ;
1503 1203 1565 1248 35

255 1275 474 1340 Tempus
490 1284 550 1330 ,et
574 1277 779 1324 adsueta
802 1293 984 1341 ponere
1010 1277 1060 1323 in
1084 1283 1187 1323 arte
1205 1277 1363 1339 juvat.

192 1353 401 1400 Saucius
428 1345 584 1417 ejurat
608 1370 825 1417 pugnam
848 1353 1116 1416 gladiator3
1158 1359 1208 1400 at
1233 1353 1381 1408 idem,

260 1430 526 1478 Immemor
549 1431 738 1494 antiqui
761 1431 993 1487 vulneris,
1017 1447 1151 1478 arma
1175 1430 1334 1494 capit:

195 1507 278 1554 Nil
303 1508 396 1555 sibi
421 1524 534 1555 cum
559 1508 722 1572 pelagi
748 1508 868 1555 dicit
891 1508 993 1555 fore
1018 1506 1283 1569 naufragus
1309 1507 1482 1564 un'dis3

260 1584 385 1632 Mox
408 1585 544 1632 ducit
569 1601 744 1641 remos,
773 1601 872 1648 qua
895 1585 1041 1632 modo
1065 1584 1214 1640 navit,
1243 1599 1387 1646 aqua.

193 1778 286 1809 quem
302 1766 383 1803 vide,
401 1778 437 1798 ex
459 1767 624 1799 Patavino.
649 1768 713 1799 Alii
727 1768 846 1809 Lycus,-

194 1816 312 1853 Erfurt,
337 1821 369 1848 et
393 1817 507 1848 Bavar.
536 1819 622 1854 licus,
652 1818 740 1859 cujus
767 1818 848 1859 prior

192 1865 316 1906 syllaba
338 1865 451 1907 passim
481 1866 650 1908 corripitur.
694 1867 771 1897 Sunt
794 1877 848 1897 au-

193 1919 257 1945 tem
282 1914 367 1946 dicta
391 1926 427 1945 ex
451 1915 622 1957 proverbiO,
638 1926 706 1957 quae
729 1921 848 1951 notant,

194 1974 255 1994 non
277 1974 343 1994 esse
363 1974 468 1994 curam
490 1974 571 1994 curae
589 1964 774 2000 addendam,
792 1975 848 1995 nee

193 2012 320 2043 adflicto
342 2013 560 2044 adflictionem.
606 2013 725 2044 Hebrus
750 2013 848 2044 maxi-

194 2072 262 2093 mus
275 2062 415 2093 Thraciae
431 2062 490 2093 fuit
503 2062 626 2098 fluvius,
642 2062 695 2103 qui
714 2062 745 2092 in
766 2073 848 2094 mare

193 2121 226 2141 se
255 2110 388 2142 effundit
410 2113 569 2152 AEgaeum.
624 2111 725 2141 Athos
761 2122 849 2143 mons

192 2165 260 2190 erat
281 2161 422 2191 excelsus
435 2159 644 2197 Macedoniae,
658 2171 751 2201 quem
766 2161 845 2191 Xer-

193 2218 248 2238 xes
261 2208 405 2249 perfodit.
443 2209 590 2240 HARLEs.

237 2258 290 2288 23.
318 2258 505 2289 Parcendum
528 2265 569 2289 est
597 2259 722 2299 anima]
754 2259 846 2300 Igno-

194 2306 344 2337 seendum
365 2312 411 2337 est
433 2306 529 2338 menti
553 2318 629 2338 meae
656 2307 802 2344 adflictae,
823 2307 849 2338 si

195 2367 256 2387 non
271 2357 350 2387 facio
366 2356 483 2398 optima
497 2357 645 2388 carmina.

237 2407 290 2436 24.
317 2406 402 2436 Colla
424 2407 573 2446 perusta]
617 2405 710 2437 Colla
745 2406 851 2437 labore

196 2460 380 2494 consumta3
403 2460 434 2486 et
458 2455 502 2486 ita
526 2455 650 2492 adtrita,
670 2460 705 2486 ut
728 2462 854 2498 perusta

195 2502 370 2534 videantur.

241 2553 293 2582 26.
325 2553 366 2583 Et
390 2559 455 2583 sata
481 2564 549 2583 cum
577 2554 671 2583 multo
696 2552 848 2595 foenore.]

197 2602 285 2632 Sicut
308 2612 381 2642 ager
402 2601 522 2638 fertilis,
543 2601 568 2632 si
591 2613 662 2633 eum
683 2602 779 2638 colas,
805 2612 852 2632 se-

197 2661 269 2682 men
292 2651 444 2682 creditum
469 2651 710 2694 multiplicatum
731 2650 851 2683 reddit:

1506 1586 1570 1630 40

916 1767 959 1797 ita
979 1766 1138 1807 ingenium
1153 1765 1281 1801 bonum,
1297 1765 1321 1795 si
1338 1775 1422 1801 cura,
1437 1764 1569 1795 medita-

915 1815 969 1851 tio,
995 1814 1133 1846 studium
1160 1813 1358 1850 accesserint,
1384 1814 1475 1854 longe
1496 1823 1570 1844 eva-

916 1865 968 1896 det
983 1863 1170 1896 soecundius.
1207 1864 1310 1894 Pes-T.

959 1915 1010 1945 27.
1041 1914 1308 1952 Tempore—nullo
1338 1912 1450 1943 frustra
1481 1912 1573 1953 jubet

916 1963 1063 1994 Heinsius
1078 1962 1234 2000 scribere3
1255 1968 1286 1992 et
1305 1962 1414 1992 merito
1435 1961 1574 1992 defendit

917 2013 1090 2043 Burmann.
1129 2012 1427 2049 tempus—nullum.
1485 2009 1574 2040 Licet

915 2062 999 2093 enim
1014 2061 1101 2093 varia
1114 2060 1254 2091 carmina
1272 2059 1438 2102 scripserit,
1452 2059 1574 2090 nullum

916 2119 1021 2143 tamen
1041 2111 1100 2143 sibi
1122 2112 1161 2142 ad
1177 2111 1236 2142 hoc
1251 2122 1350 2152 usque
1366 2116 1489 2152 tempus
1504 2120 1573 2151 pro-

915 2161 1009 2193 fuisse
1024 2160 1112 2192 dicit.
1144 2161 1292 2191 HARLES.

957 2212 1010 2241 28.
1028 2209 1136 2250 Opus]
1164 2209 1272 2240 Libros
1293 2208 1331 2239 de
1346 2207 1423 2238 Arte
1438 2207 1575 2238 Amandi

915 2259 1068 2299 designat.

959 2310 1011 2339 32.
1027 2309 1099 2338 Sum
1115 2309 1244 2337 maxima
1253 2306 1361 2347 fides]
1388 2306 1463 2336 Sum
1473 2304 1573 2335 maxi-

916 2367 1011 2392 mum,
1028 2355 1112 2398 quod
1136 2361 1235 2397 poetae
1258 2354 1319 2385 sint
1344 2354 1455 2390 insani,
1471 2364 1575 2384 exem-

916 2406 1020 2448 plum:
1047 2405 1111 2446 qui,
1128 2415 1224 2446 quum
1247 2404 1391 2435 carminis
1415 2413 1509 2434 causa
1526 2413 1574 2433 re-

917 2455 1040 2496 legatus
1055 2454 1123 2491 sim,
1137 2453 1239 2484 adhuc
1256 2464 1382 2484 carmen
1395 2452 1504 2483 scribo.

963 2505 1015 2535 33.
1031 2505 1076 2534 Ab
1091 2514 1161 2533 arvo
1177 2503 1298 2543 sterili]
1322 2503 1353 2532 A
1373 2501 1482 2533 studiis
1501 2511 1574 2543 poe-

919 2553 1000 2588 ticis,
1025 2563 1094 2594 quae
1120 2552 1243 2583 nullum
1268 2552 1343 2583 mihi
1366 2551 1500 2582 fructum
1521 2550 1576 2581 ad-

920 2602 1032 2633 tulere.

1050 2700 1145 2730 13134
