<?xml version="1.0" encoding="UTF-8"?>
<!DOCTYPE html PUBLIC "-//W3C//DTD XHTML 1.0 Transitional//EN"
    "http://www.w3.org/TR/xhtml1/DTD/xhtml1-transitional.dtd">
<html xmlns="http://www.w3.org/1999/xhtml" xml:lang="en" lang="en">
 <head>
  <title>
</title>
<meta http-equiv="Content-Type" content="text/html;charset=utf-8" />
  <meta name='ocr-system' content='tesseract 3.04.00' />
  <meta name='ocr-capabilities' content='ocr_page ocr_carea ocr_par ocr_line ocrx_word'/>
</head>
<body>
  <div class='ocr_page' id='page_1' title='image "./povidiinasonisop02oviduoft_0140.png"; bbox 0 0 1760 3172; ppageno 0'>
   <div class='ocr_carea' id='block_1_1' title="bbox 235 187 320 229">
    <p class='ocr_par' dir='ltr' id='par_1_1' title="bbox 235 187 320 229">
     <span class='ocr_line' id='line_1_1' title="bbox 235 187 320 229; baseline 0 0"><span class='ocrx_word' id='word_1_1' title='bbox 235 187 320 229; x_wconf 89' lang='lat'>130</span> 
     </span>
    </p>
   </div>
   <div class='ocr_carea' id='block_1_2' title="bbox 623 183 1242 228">
    <p class='ocr_par' dir='ltr' id='par_1_2' title="bbox 623 183 1242 228">
     <span class='ocr_line' id='line_1_2' title="bbox 623 183 1242 228; baseline -0.003 0"><span class='ocrx_word' id='word_1_2' title='bbox 623 186 676 228; x_wconf 88' lang='lat' dir='ltr'>P.</span> <span class='ocrx_word' id='word_1_3' title='bbox 710 184 925 228; x_wconf 93' lang='lat' dir='ltr'>OVIDII</span> <span class='ocrx_word' id='word_1_4' title='bbox 959 183 1242 226; x_wconf 90' lang='lat' dir='ltr'><strong>NASONIS</strong></span> 
     </span>
    </p>
   </div>
   <div class='ocr_carea' id='block_1_3' title="bbox 238 297 1608 364">
    <p class='ocr_par' dir='ltr' id='par_1_3' title="bbox 238 297 1608 364">
     <span class='ocr_line' id='line_1_3' title="bbox 238 297 1608 364; baseline -0.002 -15"><span class='ocrx_word' id='word_1_5' title='bbox 238 303 375 350; x_wconf 86' lang='lat' dir='ltr'>Rure</span> <span class='ocrx_word' id='word_1_6' title='bbox 400 302 572 358; x_wconf 88' lang='lat' dir='ltr'>latent,</span> <span class='ocrx_word' id='word_1_7' title='bbox 599 300 896 364; x_wconf 82' lang='lat' dir='ltr'>finguntque</span> <span class='ocrx_word' id='word_1_8' title='bbox 921 315 1108 348; x_wconf 87' lang='lat' dir='ltr'>comas.</span> <span class='ocrx_word' id='word_1_9' title='bbox 1146 299 1265 346; x_wconf 91' lang='lat' dir='ltr'>licet</span> <span class='ocrx_word' id='word_1_10' title='bbox 1288 299 1473 346; x_wconf 88' lang='lat' dir='ltr'>arduus</span> <span class='ocrx_word' id='word_1_11' title='bbox 1498 297 1608 346; x_wconf 88' lang='lat' dir='ltr'>illas</span> 
     </span>
    </p>
   </div>
   <div class='ocr_carea' id='block_1_4' title="bbox 303 375 1451 435">
    <p class='ocr_par' dir='ltr' id='par_1_4' title="bbox 303 375 1451 435">
     <span class='ocr_line' id='line_1_4' title="bbox 303 375 1451 435; baseline -0.003 -9"><span class='ocrx_word' id='word_1_12' title='bbox 303 379 450 426; x_wconf 89' lang='lat' dir='ltr'>Celet</span> <span class='ocrx_word' id='word_1_13' title='bbox 472 378 660 435; x_wconf 82' lang='lat' dir='ltr'>Athos3</span> <span class='ocrx_word' id='word_1_14' title='bbox 701 377 859 425; x_wconf 91' lang='lat' dir='ltr'>cultas</span> <span class='ocrx_word' id='word_1_15' title='bbox 886 377 1015 423; x_wconf 89' lang='lat' dir='ltr'>altus</span> <span class='ocrx_word' id='word_1_16' title='bbox 1040 375 1248 423; x_wconf 80' lang='lat' dir='ltr'>habebit</span> <span class='ocrx_word' id='word_1_17' title='bbox 1273 375 1451 423; x_wconf 90' lang='lat' dir='ltr'><strong>Athos.</strong></span> 
     </span>
    </p>
   </div>
   <div class='ocr_carea' id='block_1_5' title="bbox 1560 378 1626 421">
    <p class='ocr_par' dir='ltr' id='par_1_5' title="bbox 1560 378 1626 421">
     <span class='ocr_line' id='line_1_5' title="bbox 1560 378 1626 421; baseline 0 0"><span class='ocrx_word' id='word_1_18' title='bbox 1560 378 1626 421; x_wconf 89' lang='lat'>30</span> 
     </span>
    </p>
   </div>
   <div class='ocr_carea' id='block_1_6' title="bbox 233 453 1623 1133">
    <p class='ocr_par' dir='ltr' id='par_1_6' title="bbox 235 453 1575 596">
     <span class='ocr_line' id='line_1_6' title="bbox 235 453 1575 519; baseline -0.001 -17"><span class='ocrx_word' id='word_1_19' title='bbox 235 454 329 503; x_wconf 91' lang='lat' dir='ltr'>Est</span> <span class='ocrx_word' id='word_1_20' title='bbox 351 456 501 504; x_wconf 90' lang='lat' dir='ltr'>etiam</span> <span class='ocrx_word' id='word_1_21' title='bbox 526 455 775 519; x_wconf 82' lang='lat' dir='ltr'>placuisse</span> <span class='ocrx_word' id='word_1_22' title='bbox 800 453 894 501; x_wconf 90' lang='lat' dir='ltr'>sibi</span> <span class='ocrx_word' id='word_1_23' title='bbox 921 460 1295 517; x_wconf 89' lang='lat' dir='ltr'>quotacumque</span> <span class='ocrx_word' id='word_1_24' title='bbox 1318 454 1575 517; x_wconf 89' lang='lat' dir='ltr'>voluptas:</span> 
     </span>
     <span class='ocr_line' id='line_1_7' title="bbox 299 529 1423 596; baseline -0.002 -17"><span class='ocrx_word' id='word_1_25' title='bbox 299 532 587 596; x_wconf 84' lang='lat' dir='ltr'>Virginibus</span> <span class='ocrx_word' id='word_1_26' title='bbox 610 531 747 579; x_wconf 90' lang='lat' dir='ltr'>cordi</span> <span class='ocrx_word' id='word_1_27' title='bbox 772 538 1014 594; x_wconf 84' lang='lat' dir='ltr'>grataque</span> <span class='ocrx_word' id='word_1_28' title='bbox 1039 529 1198 577; x_wconf 88' lang='lat' dir='ltr'>forma</span> <span class='ocrx_word' id='word_1_29' title='bbox 1217 545 1307 577; x_wconf 88' lang='lat' dir='ltr'>sua</span> <span class='ocrx_word' id='word_1_30' title='bbox 1331 537 1423 577; x_wconf 91' lang='lat' dir='ltr'>est.</span> 
     </span>
    </p>

    <p class='ocr_par' dir='ltr' id='par_1_7' title="bbox 234 606 1405 750">
     <span class='ocr_line' id='line_1_8' title="bbox 234 606 1390 671; baseline -0.003 -14"><span class='ocrx_word' id='word_1_31' title='bbox 234 608 485 657; x_wconf 81' lang='lat' dir='ltr'>Laudatas</span> <span class='ocrx_word' id='word_1_32' title='bbox 510 609 696 656; x_wconf 92' lang='lat' dir='ltr'>homini</span> <span class='ocrx_word' id='word_1_33' title='bbox 721 608 933 656; x_wconf 90' lang='lat' dir='ltr'>volucris</span> <span class='ocrx_word' id='word_1_34' title='bbox 958 606 988 654; x_wconf 89' lang='lat' dir='ltr'><strong>J</strong></span> <span class='ocrx_word' id='word_1_35' title='bbox 993 607 1177 655; x_wconf 89' lang='lat' dir='ltr'>unonia</span> <span class='ocrx_word' id='word_1_36' title='bbox 1199 623 1390 671; x_wconf 91' lang='lat' dir='ltr'>pennas</span> 
     </span>
     <span class='ocr_line' id='line_1_9' title="bbox 303 684 1405 750; baseline -0.003 -17"><span class='ocrx_word' id='word_1_37' title='bbox 303 686 568 750; x_wconf 85' lang='lat' dir='ltr'>Explicat;</span> <span class='ocrx_word' id='word_1_38' title='bbox 609 692 660 733; x_wconf 96' lang='lat' dir='ltr'>et</span> <span class='ocrx_word' id='word_1_39' title='bbox 683 684 842 733; x_wconf 69' lang='lat' dir='ltr'>forma</span> <span class='ocrx_word' id='word_1_40' title='bbox 869 690 1010 732; x_wconf 91' lang='lat' dir='ltr'>muta</span> <span class='ocrx_word' id='word_1_41' title='bbox 1034 684 1262 748; x_wconf 83' lang='lat' dir='ltr'>superbit</span> <span class='ocrx_word' id='word_1_42' title='bbox 1286 684 1405 731; x_wconf 91' lang='lat' dir='ltr'>avis.</span> 
     </span>
    </p>

    <p class='ocr_par' dir='ltr' id='par_1_8' title="bbox 236 760 1623 903">
     <span class='ocr_line' id='line_1_10' title="bbox 236 760 1589 828; baseline -0.001 -18"><span class='ocrx_word' id='word_1_43' title='bbox 236 763 319 810; x_wconf 91' lang='lat' dir='ltr'>Sic</span> <span class='ocrx_word' id='word_1_44' title='bbox 346 763 513 828; x_wconf 90' lang='lat' dir='ltr'>potius</span> <span class='ocrx_word' id='word_1_45' title='bbox 539 779 628 810; x_wconf 88' lang='lat' dir='ltr'>nos</span> <span class='ocrx_word' id='word_1_46' title='bbox 654 769 765 810; x_wconf 90' lang='lat' dir='ltr'>uret</span> <span class='ocrx_word' id='word_1_47' title='bbox 789 777 948 820; x_wconf 89' lang='lat' dir='ltr'>amor;</span> <span class='ocrx_word' id='word_1_48' title='bbox 992 777 1146 825; x_wconf 92' lang='lat' dir='ltr'>quam</span> <span class='ocrx_word' id='word_1_49' title='bbox 1170 761 1379 808; x_wconf 90' lang='lat' dir='ltr'>fortibus</span> <span class='ocrx_word' id='word_1_50' title='bbox 1405 760 1589 817; x_wconf 87' lang='lat' dir='ltr'>herbis,</span> 
     </span>
     <span class='ocr_line' id='line_1_11' title="bbox 301 839 1623 903; baseline -0.002 -15"><span class='ocrx_word' id='word_1_51' title='bbox 301 840 438 895; x_wconf 84' lang='lat' dir='ltr'>Quas</span> <span class='ocrx_word' id='word_1_52' title='bbox 464 856 612 903; x_wconf 86' lang='lat' dir='ltr'>maga</span> <span class='ocrx_word' id='word_1_53' title='bbox 634 839 841 888; x_wconf 86' lang='lat' dir='ltr'>terribili</span> <span class='ocrx_word' id='word_1_54' title='bbox 868 840 1106 887; x_wconf 86' lang='lat' dir='ltr'>subsecat</span> <span class='ocrx_word' id='word_1_55' title='bbox 1129 846 1234 887; x_wconf 87' lang='lat' dir='ltr'>arte</span> <span class='ocrx_word' id='word_1_56' title='bbox 1259 854 1453 886; x_wconf 91' lang='lat' dir='ltr'>manus.</span> <span class='ocrx_word' id='word_1_57' title='bbox 1559 840 1623 886; x_wconf 89' lang='lat'>36</span> 
     </span>
    </p>

    <p class='ocr_par' dir='ltr' id='par_1_9' title="bbox 234 915 1520 1057">
     <span class='ocr_line' id='line_1_12' title="bbox 234 915 1520 980; baseline -0.002 -15"><span class='ocrx_word' id='word_1_58' title='bbox 234 917 282 965; x_wconf 97' lang='lat' dir='ltr'>N</span> <span class='ocrx_word' id='word_1_59' title='bbox 287 933 343 965; x_wconf 91' lang='lat' dir='ltr'>ec</span> <span class='ocrx_word' id='word_1_60' title='bbox 368 933 454 964; x_wconf 89' lang='lat' dir='ltr'>vos</span> <span class='ocrx_word' id='word_1_61' title='bbox 480 917 804 980; x_wconf 82' lang='lat' dir='ltr'>graminibus,</span> <span class='ocrx_word' id='word_1_62' title='bbox 825 932 918 964; x_wconf 91' lang='lat' dir='ltr'>nec</span> <span class='ocrx_word' id='word_1_63' title='bbox 944 916 1102 963; x_wconf 84' lang='lat' dir='ltr'>mixto</span> <span class='ocrx_word' id='word_1_64' title='bbox 1128 915 1319 964; x_wconf 88' lang='lat' dir='ltr'>credite</span> <span class='ocrx_word' id='word_1_65' title='bbox 1344 931 1520 963; x_wconf 87' lang='lat' dir='ltr'>succo:</span> 
     </span>
     <span class='ocr_line' id='line_1_13' title="bbox 301 993 1416 1057; baseline -0.002 -15"><span class='ocrx_word' id='word_1_66' title='bbox 301 994 410 1042; x_wconf 92' lang='lat' dir='ltr'>Nec</span> <span class='ocrx_word' id='word_1_67' title='bbox 431 1000 621 1042; x_wconf 92' lang='lat' dir='ltr'>tentate</span> <span class='ocrx_word' id='word_1_68' title='bbox 646 1010 832 1042; x_wconf 91' lang='lat' dir='ltr'>nocens</span> <span class='ocrx_word' id='word_1_69' title='bbox 857 994 990 1041; x_wconf 89' lang='lat' dir='ltr'>virus</span> <span class='ocrx_word' id='word_1_70' title='bbox 1015 993 1228 1041; x_wconf 90' lang='lat' dir='ltr'>amantis</span> <span class='ocrx_word' id='word_1_71' title='bbox 1254 1009 1416 1057; x_wconf 91' lang='lat' dir='ltr'>equae.</span> 
     </span>
    </p>

    <p class='ocr_par' dir='ltr' id='par_1_10' title="bbox 233 1070 1537 1133">
     <span class='ocr_line' id='line_1_14' title="bbox 233 1070 1537 1133; baseline -0.001 -14"><span class='ocrx_word' id='word_1_72' title='bbox 233 1070 280 1119; x_wconf 92' lang='lat' dir='ltr'><strong>N</strong></span> <span class='ocrx_word' id='word_1_73' title='bbox 287 1087 344 1119; x_wconf 91' lang='lat' dir='ltr'>ec</span> <span class='ocrx_word' id='word_1_74' title='bbox 369 1071 547 1118; x_wconf 88' lang='lat' dir='ltr'>mediae</span> <span class='ocrx_word' id='word_1_75' title='bbox 576 1070 758 1119; x_wconf 87' lang='lat' dir='ltr'>Marsis</span> <span class='ocrx_word' id='word_1_76' title='bbox 783 1070 1039 1117; x_wconf 91' lang='lat' dir='ltr'>finduntur</span> <span class='ocrx_word' id='word_1_77' title='bbox 1064 1070 1294 1118; x_wconf 86' lang='lat' dir='ltr'>cantibus</span> <span class='ocrx_word' id='word_1_78' title='bbox 1320 1085 1537 1133; x_wconf 86' lang='lat' dir='ltr'>angues:</span> 
     </span>
    </p>
   </div>
   <div class='ocr_carea' id='block_1_7' title="bbox 301 1147 1341 1211">
    <p class='ocr_par' dir='ltr' id='par_1_11' title="bbox 301 1147 1341 1211">
     <span class='ocr_line' id='line_1_15' title="bbox 301 1147 1341 1211; baseline -0.001 -16"><span class='ocrx_word' id='word_1_79' title='bbox 301 1148 410 1196; x_wconf 92' lang='lat' dir='ltr'>Nec</span> <span class='ocrx_word' id='word_1_80' title='bbox 436 1148 565 1195; x_wconf 90' lang='lat' dir='ltr'>redit</span> <span class='ocrx_word' id='word_1_81' title='bbox 588 1148 637 1194; x_wconf 93' lang='lat' dir='ltr'>in</span> <span class='ocrx_word' id='word_1_82' title='bbox 663 1147 824 1195; x_wconf 91' lang='lat' dir='ltr'>fontes</span> <span class='ocrx_word' id='word_1_83' title='bbox 850 1147 985 1194; x_wconf 93' lang='lat' dir='ltr'>unda</span> <span class='ocrx_word' id='word_1_84' title='bbox 1009 1147 1189 1211; x_wconf 89' lang='lat' dir='ltr'>supina</span> <span class='ocrx_word' id='word_1_85' title='bbox 1206 1163 1341 1195; x_wconf 86' lang='lat' dir='ltr'>suos.</span> 
     </span>
    </p>
   </div>
   <div class='ocr_carea' id='block_1_8' title="bbox 1559 1149 1625 1193">
    <p class='ocr_par' dir='ltr' id='par_1_12' title="bbox 1559 1149 1625 1193">
     <span class='ocr_line' id='line_1_16' title="bbox 1559 1149 1625 1193; baseline 0 0"><span class='ocrx_word' id='word_1_86' title='bbox 1559 1149 1625 1193; x_wconf 89' lang='grc'>40</span> 
     </span>
    </p>
   </div>
   <div class='ocr_carea' id='block_1_9' title="bbox 231 1223 1473 1522">
    <p class='ocr_par' dir='ltr' id='par_1_13' title="bbox 233 1223 1473 1366">
     <span class='ocr_line' id='line_1_17' title="bbox 233 1223 1473 1289; baseline -0.001 -16"><span class='ocrx_word' id='word_1_87' title='bbox 233 1225 301 1273; x_wconf 91' lang='lat' dir='ltr'>Et</span> <span class='ocrx_word' id='word_1_88' title='bbox 324 1225 552 1289; x_wconf 90' lang='lat' dir='ltr'>quamvis</span> <span class='ocrx_word' id='word_1_89' title='bbox 574 1225 756 1289; x_wconf 89' lang='lat' dir='ltr'>aliquis</span> <span class='ocrx_word' id='word_1_90' title='bbox 781 1224 1041 1272; x_wconf 88' lang='lat' dir='ltr'>Temesaea</span> <span class='ocrx_word' id='word_1_91' title='bbox 1065 1223 1329 1272; x_wconf 88' lang='lat' dir='ltr'>removerit</span> <span class='ocrx_word' id='word_1_92' title='bbox 1352 1239 1473 1282; x_wconf 88' lang='lat' dir='ltr'>aera;</span> 
     </span>
     <span class='ocr_line' id='line_1_18' title="bbox 298 1289 1383 1366; baseline -0.002 -17"><span class='ocrx_word' id='word_1_93' title='bbox 298 1302 590 1366; x_wconf 90' lang='lat' dir='ltr'>Numquam</span> <span class='ocrx_word' id='word_1_94' title='bbox 617 1302 758 1349; x_wconf 90' lang='lat' dir='ltr'>Luna</span> <span class='ocrx_word' id='word_1_95' title='bbox 772 1289 885 1349; x_wconf 57' lang='lat' dir='ltr'>’suis</span> <span class='ocrx_word' id='word_1_96' title='bbox 911 1300 1198 1349; x_wconf 87' lang='lat' dir='ltr'>excutietur</span> <span class='ocrx_word' id='word_1_97' title='bbox 1222 1300 1383 1364; x_wconf 90' lang='lat' dir='ltr'>equis.</span> 
     </span>
    </p>

    <p class='ocr_par' dir='ltr' id='par_1_14' title="bbox 231 1378 1373 1522">
     <span class='ocr_line' id='line_1_19' title="bbox 231 1378 1373 1442; baseline -0.003 -15"><span class='ocrx_word' id='word_1_98' title='bbox 231 1379 402 1427; x_wconf 88' lang='lat' dir='ltr'>Prima</span> <span class='ocrx_word' id='word_1_99' title='bbox 425 1380 491 1426; x_wconf 87' lang='lat' dir='ltr'>sit</span> <span class='ocrx_word' id='word_1_100' title='bbox 514 1380 564 1426; x_wconf 93' lang='lat' dir='ltr'>in</span> <span class='ocrx_word' id='word_1_101' title='bbox 582 1379 724 1428; x_wconf 89' lang='lat' dir='ltr'>vobis</span> <span class='ocrx_word' id='word_1_102' title='bbox 743 1395 937 1427; x_wconf 86' lang='lat' dir='ltr'>morum</span> <span class='ocrx_word' id='word_1_103' title='bbox 961 1378 1135 1436; x_wconf 88' lang='lat' dir='ltr'>tutela,</span> <span class='ocrx_word' id='word_1_104' title='bbox 1164 1378 1344 1442; x_wconf 88' lang='lat' dir='ltr'>puellae</span> <span class='ocrx_word' id='word_1_105' title='bbox 1363 1393 1373 1425; x_wconf 92' lang='lat'>:</span> 
     </span>
     <span class='ocr_line' id='line_1_20' title="bbox 298 1456 1221 1522; baseline -0.002 -17"><span class='ocrx_word' id='word_1_106' title='bbox 298 1458 508 1522; x_wconf 83' lang='lat' dir='ltr'>Ingenio</span> <span class='ocrx_word' id='word_1_107' title='bbox 533 1458 686 1506; x_wconf 90' lang='lat' dir='ltr'>facies</span> <span class='ocrx_word' id='word_1_108' title='bbox 711 1457 1012 1506; x_wconf 90' lang='lat' dir='ltr'>conciliante</span> <span class='ocrx_word' id='word_1_109' title='bbox 1038 1456 1221 1520; x_wconf 89' lang='lat' dir='ltr'>placet.</span> 
     </span>
    </p>
   </div>
   <div class='ocr_carea' id='block_1_10' title="bbox 226 1600 893 2769">
    <p class='ocr_par' dir='ltr' id='par_1_15' title="bbox 226 1600 892 1681">
     <span class='ocr_line' id='line_1_21' title="bbox 226 1600 892 1644; baseline 0.003 -13"><span class='ocrx_word' id='word_1_110' title='bbox 226 1607 353 1641; x_wconf 76' lang='lat' dir='ltr'>paratus</span> <span class='ocrx_word' id='word_1_111' title='bbox 368 1611 423 1643; x_wconf 91' lang='lat' dir='ltr'>pro</span> <span class='ocrx_word' id='word_1_112' title='bbox 439 1602 537 1632; x_wconf 78' lang='lat' dir='ltr'>cultu.</span> <span class='ocrx_word' id='word_1_113' title='bbox 559 1601 739 1644; x_wconf 84' lang='lat' dir='ltr'>Propertius</span> <span class='ocrx_word' id='word_1_114' title='bbox 761 1600 840 1632; x_wconf 90' lang='lat' dir='ltr'>libro</span> <span class='ocrx_word' id='word_1_115' title='bbox 859 1600 892 1633; x_wconf 92' lang='lat' dir='ltr'>ii.</span> 
     </span>
     <span class='ocr_line' id='line_1_22' title="bbox 227 1649 383 1681; baseline 0.006 -1"><span class='ocrx_word' id='word_1_116' title='bbox 227 1650 280 1680; x_wconf 87' lang='lat' dir='ltr'>El.</span> <span class='ocrx_word' id='word_1_117' title='bbox 295 1649 383 1681; x_wconf 84' lang='lat' dir='ltr'>xxiv.</span> 
     </span>
    </p>

    <p class='ocr_par' dir='ltr' id='par_1_16' title="bbox 226 1699 891 1887">
     <span class='ocr_line' id='line_1_23' title="bbox 274 1699 859 1740; baseline 0 -10"><span class='ocrx_word' id='word_1_118' title='bbox 274 1699 316 1729; x_wconf 84' lang='lat' dir='ltr'>Et</span> <span class='ocrx_word' id='word_1_119' title='bbox 330 1710 358 1730; x_wconf 84' lang='lat' dir='ltr'>se</span> <span class='ocrx_word' id='word_1_120' title='bbox 370 1700 439 1739; x_wconf 80' lang='lat' dir='ltr'>plus</span> <span class='ocrx_word' id='word_1_121' title='bbox 453 1701 509 1730; x_wconf 77' lang='lat' dir='ltr'>uni</span> <span class='ocrx_word' id='word_1_122' title='bbox 521 1701 545 1730; x_wconf 84' lang='lat' dir='ltr'>si</span> <span class='ocrx_word' id='word_1_123' title='bbox 560 1711 618 1740; x_wconf 80' lang='lat' dir='ltr'>qua</span> <span class='ocrx_word' id='word_1_124' title='bbox 630 1710 740 1739; x_wconf 79' lang='lat' dir='ltr'>parare</span> <span class='ocrx_word' id='word_1_125' title='bbox 752 1705 859 1740; x_wconf 78' lang='lat' dir='ltr'>potest.</span> 
     </span>
     <span class='ocr_line' id='line_1_24' title="bbox 229 1748 891 1780; baseline 0.002 -1"><span class='ocrx_word' id='word_1_126' title='bbox 229 1749 280 1779; x_wconf 89' lang='lat' dir='ltr'>De</span> <span class='ocrx_word' id='word_1_127' title='bbox 298 1755 408 1779; x_wconf 74' lang='lat' dir='ltr'>renam</span> <span class='ocrx_word' id='word_1_128' title='bbox 419 1750 526 1779; x_wconf 83' lang='lat' dir='ltr'>amoris</span> <span class='ocrx_word' id='word_1_129' title='bbox 541 1748 616 1780; x_wconf 89' lang='lat' dir='ltr'>alibi</span> <span class='ocrx_word' id='word_1_130' title='bbox 631 1748 762 1780; x_wconf 90' lang='lat' dir='ltr'>dictum.</span> <span class='ocrx_word' id='word_1_131' title='bbox 794 1748 891 1780; x_wconf 81' lang='lat' dir='ltr'>Vide-</span> 
     </span>
     <span class='ocr_line' id='line_1_25' title="bbox 226 1796 891 1839; baseline 0 -11"><span class='ocrx_word' id='word_1_132' title='bbox 226 1797 289 1828; x_wconf 87' lang='lat' dir='ltr'>rint</span> <span class='ocrx_word' id='word_1_133' title='bbox 312 1797 474 1828; x_wconf 79' lang='lat' dir='ltr'>acutiores.</span> <span class='ocrx_word' id='word_1_134' title='bbox 497 1808 554 1839; x_wconf 85' lang='lat' dir='ltr'>ego</span> <span class='ocrx_word' id='word_1_135' title='bbox 575 1796 659 1828; x_wconf 91' lang='lat' dir='ltr'>enim</span> <span class='ocrx_word' id='word_1_136' title='bbox 682 1797 731 1828; x_wconf 89' lang='lat' dir='ltr'>hic</span> <span class='ocrx_word' id='word_1_137' title='bbox 746 1797 823 1828; x_wconf 91' lang='lat' dir='ltr'>mihi</span> <span class='ocrx_word' id='word_1_138' title='bbox 839 1797 891 1828; x_wconf 89' lang='lat' dir='ltr'>vix</span> 
     </span>
     <span class='ocr_line' id='line_1_26' title="bbox 227 1845 669 1887; baseline -0.005 -10"><span class='ocrx_word' id='word_1_139' title='bbox 227 1845 396 1877; x_wconf 82' lang='lat' dir='ltr'>satisfacio.</span> <span class='ocrx_word' id='word_1_140' title='bbox 420 1846 529 1878; x_wconf 87' lang='lat' dir='ltr'>Posset</span> <span class='ocrx_word' id='word_1_141' title='bbox 543 1852 576 1878; x_wconf 89' lang='lat' dir='ltr'>et</span> <span class='ocrx_word' id='word_1_142' title='bbox 588 1846 650 1887; x_wconf 85' lang='lat' dir='ltr'>legi</span> <span class='ocrx_word' id='word_1_143' title='bbox 662 1858 669 1875; x_wconf 76' lang='lat'>2</span> 
     </span>
    </p>

    <p class='ocr_par' dir='ltr' id='par_1_17' title="bbox 272 1896 891 1936">
     <span class='ocr_line' id='line_1_27' title="bbox 272 1896 891 1936; baseline 0.002 -10"><span class='ocrx_word' id='word_1_144' title='bbox 272 1896 307 1927; x_wconf 84' lang='lat' dir='ltr'>Se</span> <span class='ocrx_word' id='word_1_145' title='bbox 317 1897 372 1926; x_wconf 78' lang='lat' dir='ltr'>sibi</span> <span class='ocrx_word' id='word_1_146' title='bbox 385 1907 503 1936; x_wconf 80' lang='lat' dir='ltr'>quoeque</span> <span class='ocrx_word' id='word_1_147' title='bbox 514 1902 635 1936; x_wconf 83' lang='lat' dir='ltr'>parent,</span> <span class='ocrx_word' id='word_1_148' title='bbox 648 1906 699 1926; x_wconf 87' lang='lat' dir='ltr'>nec</span> <span class='ocrx_word' id='word_1_149' title='bbox 712 1907 769 1936; x_wconf 83' lang='lat' dir='ltr'>quo</span> <span class='ocrx_word' id='word_1_150' title='bbox 785 1907 891 1927; x_wconf 81' lang='lat' dir='ltr'>venen-</span> 
     </span>
    </p>

    <p class='ocr_par' dir='ltr' id='par_1_18' title="bbox 226 1950 893 2769">
     <span class='ocr_line' id='line_1_28' title="bbox 357 1950 539 1975; baseline 0.005 -1"><span class='ocrx_word' id='word_1_151' title='bbox 357 1950 410 1974; x_wconf 79' lang='lat' dir='ltr'>tur</span> <span class='ocrx_word' id='word_1_152' title='bbox 427 1956 539 1975; x_wconf 83' lang='lat' dir='ltr'>amores</span> 
     </span>
     <span class='ocr_line' id='line_1_29' title="bbox 315 1992 891 2034; baseline 0.003 -12"><span class='ocrx_word' id='word_1_153' title='bbox 315 1992 435 2034; x_wconf 57' lang='lat' dir='ltr'>Refert.</span> <span class='ocrx_word' id='word_1_154' title='bbox 464 1995 620 2025; x_wconf 74' lang='lat' dir='ltr'>munclitiae</span> <span class='ocrx_word' id='word_1_155' title='bbox 649 1995 777 2024; x_wconf 80' lang='lat' dir='ltr'>crimina</span> <span class='ocrx_word' id='word_1_156' title='bbox 803 1995 891 2025; x_wconf 79' lang='lat' dir='ltr'>nulla</span> 
     </span>
     <span class='ocr_line' id='line_1_30' title="bbox 346 2042 848 2083; baseline 0.004 -11"><span class='ocrx_word' id='word_1_157' title='bbox 346 2042 466 2083; x_wconf 78' lang='lat' dir='ltr'>ferent.</span> <span class='ocrx_word' id='word_1_158' title='bbox 729 2043 848 2074; x_wconf 67' lang='lat' dir='ltr'>Hmss.</span> 
     </span>
     <span class='ocr_line' id='line_1_31' title="bbox 227 2091 394 2131; baseline 0 -10"><span class='ocrx_word' id='word_1_159' title='bbox 227 2091 394 2131; x_wconf 81' lang='lat' dir='ltr'>Legerem:</span> 
     </span>
     <span class='ocr_line' id='line_1_32' title="bbox 271 2140 893 2181; baseline 0.002 -11"><span class='ocrx_word' id='word_1_160' title='bbox 271 2140 334 2170; x_wconf 79' lang='lat' dir='ltr'>Per</span> <span class='ocrx_word' id='word_1_161' title='bbox 347 2151 376 2171; x_wconf 79' lang='lat' dir='ltr'>se</span> <span class='ocrx_word' id='word_1_162' title='bbox 389 2151 508 2181; x_wconf 75' lang='lat' dir='ltr'>quaeque</span> <span class='ocrx_word' id='word_1_163' title='bbox 516 2147 616 2181; x_wconf 84' lang='lat' dir='ltr'>parat,</span> <span class='ocrx_word' id='word_1_164' title='bbox 627 2152 680 2171; x_wconf 77' lang='lat' dir='ltr'>uec</span> <span class='ocrx_word' id='word_1_165' title='bbox 695 2153 751 2181; x_wconf 77' lang='lat' dir='ltr'>quo</span> <span class='ocrx_word' id='word_1_166' title='bbox 766 2148 893 2173; x_wconf 77' lang='lat' dir='ltr'>venetur</span> 
     </span>
     <span class='ocr_line' id='line_1_33' title="bbox 355 2200 468 2220; baseline 0.009 -1"><span class='ocrx_word' id='word_1_167' title='bbox 355 2200 468 2220; x_wconf 75' lang='lat' dir='ltr'>amores</span> 
     </span>
     <span class='ocr_line' id='line_1_34' title="bbox 315 2239 892 2280; baseline 0.005 -12"><span class='ocrx_word' id='word_1_168' title='bbox 315 2239 458 2280; x_wconf 75' lang='lat' dir='ltr'>Pra‘fert.</span> <span class='ocrx_word' id='word_1_169' title='bbox 481 2240 638 2270; x_wconf 73' lang='lat' dir='ltr'>munditia&gt;</span> <span class='ocrx_word' id='word_1_170' title='bbox 655 2240 784 2270; x_wconf 80' lang='lat' dir='ltr'>crimina</span> <span class='ocrx_word' id='word_1_171' title='bbox 802 2241 892 2271; x_wconf 81' lang='lat' dir='ltr'>nulla</span> 
     </span>
     <span class='ocr_line' id='line_1_35' title="bbox 357 2294 482 2318; baseline 0.008 -1"><span class='ocrx_word' id='word_1_172' title='bbox 357 2294 482 2318; x_wconf 80' lang='lat' dir='ltr'>merent.</span> 
     </span>
     <span class='ocr_line' id='line_1_36' title="bbox 228 2335 890 2379; baseline 0.005 -13"><span class='ocrx_word' id='word_1_173' title='bbox 228 2335 298 2366; x_wconf 89' lang='lat' dir='ltr'>Hoc</span> <span class='ocrx_word' id='word_1_174' title='bbox 320 2346 423 2372; x_wconf 89' lang='lat' dir='ltr'>sensu,</span> <span class='ocrx_word' id='word_1_175' title='bbox 440 2346 640 2378; x_wconf 87' lang='lat' dir='ltr'>unaquaeque</span> <span class='ocrx_word' id='word_1_176' title='bbox 655 2336 722 2368; x_wconf 90' lang='lat' dir='ltr'>sine</span> <span class='ocrx_word' id='word_1_177' title='bbox 738 2347 796 2379; x_wconf 87' lang='lat' dir='ltr'>ope</span> <span class='ocrx_word' id='word_1_178' title='bbox 812 2337 890 2369; x_wconf 87' lang='lat' dir='ltr'>alte-</span> 
     </span>
     <span class='ocr_line' id='line_1_37' title="bbox 226 2385 891 2428; baseline 0.003 -12"><span class='ocrx_word' id='word_1_179' title='bbox 226 2385 290 2416; x_wconf 86' lang='lat' dir='ltr'>rius</span> <span class='ocrx_word' id='word_1_180' title='bbox 313 2391 368 2416; x_wconf 88' lang='lat' dir='ltr'>aut</span> <span class='ocrx_word' id='word_1_181' title='bbox 390 2385 518 2416; x_wconf 88' lang='lat' dir='ltr'>consilio</span> <span class='ocrx_word' id='word_1_182' title='bbox 541 2385 596 2416; x_wconf 87' lang='lat' dir='ltr'>illa</span> <span class='ocrx_word' id='word_1_183' title='bbox 611 2391 710 2427; x_wconf 88' lang='lat' dir='ltr'>parat,</span> <span class='ocrx_word' id='word_1_184' title='bbox 723 2386 836 2428; x_wconf 92' lang='lat' dir='ltr'>quibus</span> <span class='ocrx_word' id='word_1_185' title='bbox 859 2397 891 2419; x_wconf 83' lang='lat' dir='ltr'>se</span> 
     </span>
     <span class='ocr_line' id='line_1_38' title="bbox 227 2435 891 2477; baseline 0.003 -12"><span class='ocrx_word' id='word_1_186' title='bbox 227 2435 308 2466; x_wconf 82' lang='lat' dir='ltr'>viros</span> <span class='ocrx_word' id='word_1_187' title='bbox 321 2445 432 2477; x_wconf 86' lang='lat' dir='ltr'>capere</span> <span class='ocrx_word' id='word_1_188' title='bbox 448 2445 536 2477; x_wconf 88' lang='lat' dir='ltr'>posse</span> <span class='ocrx_word' id='word_1_189' title='bbox 552 2440 655 2477; x_wconf 89' lang='lat' dir='ltr'>putat,</span> <span class='ocrx_word' id='word_1_190' title='bbox 668 2446 770 2477; x_wconf 86' lang='lat' dir='ltr'>neque</span> <span class='ocrx_word' id='word_1_191' title='bbox 786 2442 891 2468; x_wconf 87' lang='lat' dir='ltr'>tamen</span> 
     </span>
     <span class='ocr_line' id='line_1_39' title="bbox 226 2483 890 2526; baseline 0.003 -12"><span class='ocrx_word' id='word_1_192' title='bbox 226 2484 331 2526; x_wconf 88' lang='lat' dir='ltr'>palam</span> <span class='ocrx_word' id='word_1_193' title='bbox 349 2494 412 2526; x_wconf 87' lang='lat' dir='ltr'>prae</span> <span class='ocrx_word' id='word_1_194' title='bbox 436 2495 468 2515; x_wconf 90' lang='lat' dir='ltr'>se</span> <span class='ocrx_word' id='word_1_195' title='bbox 492 2483 560 2520; x_wconf 85' lang='lat' dir='ltr'>sert,</span> <span class='ocrx_word' id='word_1_196' title='bbox 573 2484 728 2526; x_wconf 89' lang='lat' dir='ltr'>quomodo</span> <span class='ocrx_word' id='word_1_197' title='bbox 751 2490 890 2522; x_wconf 83' lang='lat' dir='ltr'>venetur,</span> 
     </span>
     <span class='ocr_line' id='line_1_40' title="bbox 227 2532 891 2575; baseline 0.003 -12"><span class='ocrx_word' id='word_1_198' title='bbox 227 2532 282 2563; x_wconf 91' lang='lat' dir='ltr'>sed</span> <span class='ocrx_word' id='word_1_199' title='bbox 309 2532 382 2563; x_wconf 88' lang='lat' dir='ltr'>solis</span> <span class='ocrx_word' id='word_1_200' title='bbox 404 2532 567 2564; x_wconf 81' lang='lat' dir='ltr'>munditiis</span> <span class='ocrx_word' id='word_1_201' title='bbox 593 2532 625 2563; x_wconf 90' lang='lat' dir='ltr'>id</span> <span class='ocrx_word' id='word_1_202' title='bbox 655 2532 761 2570; x_wconf 87' lang='lat' dir='ltr'>efficit,</span> <span class='ocrx_word' id='word_1_203' title='bbox 777 2534 891 2575; x_wconf 88' lang='lat' dir='ltr'>quibus</span> 
     </span>
     <span class='ocr_line' id='line_1_41' title="bbox 228 2581 889 2624; baseline 0.003 -14"><span class='ocrx_word' id='word_1_204' title='bbox 228 2581 304 2611; x_wconf 90' lang='lat' dir='ltr'>nihil</span> <span class='ocrx_word' id='word_1_205' title='bbox 328 2592 458 2623; x_wconf 87' lang='lat' dir='ltr'>peccare</span> <span class='ocrx_word' id='word_1_206' title='bbox 482 2581 540 2612; x_wconf 90' lang='lat' dir='ltr'>sibi</span> <span class='ocrx_word' id='word_1_207' title='bbox 555 2581 690 2613; x_wconf 88' lang='lat' dir='ltr'>videtur.</span> <span class='ocrx_word' id='word_1_208' title='bbox 737 2582 806 2618; x_wconf 88' lang='lat' dir='ltr'>Hoc</span> <span class='ocrx_word' id='word_1_209' title='bbox 822 2583 889 2624; x_wconf 87' lang='lat' dir='ltr'>jam</span> 
     </span>
     <span class='ocr_line' id='line_1_42' title="bbox 226 2629 890 2673; baseline 0.003 -13"><span class='ocrx_word' id='word_1_210' title='bbox 226 2629 391 2671; x_wconf 86' lang='lat' dir='ltr'>sequentia</span> <span class='ocrx_word' id='word_1_211' title='bbox 409 2631 542 2670; x_wconf 73' lang='lat' dir='ltr'>docent5</span> <span class='ocrx_word' id='word_1_212' title='bbox 565 2641 672 2662; x_wconf 84' lang='lat' dir='ltr'>omnes</span> <span class='ocrx_word' id='word_1_213' title='bbox 692 2631 815 2673; x_wconf 84' lang='lat' dir='ltr'>puellas</span> <span class='ocrx_word' id='word_1_214' title='bbox 834 2641 890 2673; x_wconf 87' lang='lat' dir='ltr'>per</span> 
     </span>
     <span class='ocr_line' id='line_1_43' title="bbox 226 2679 890 2718; baseline 0 -8"><span class='ocrx_word' id='word_1_215' title='bbox 226 2689 258 2710; x_wconf 79' lang='lat' dir='ltr'>se</span> <span class='ocrx_word' id='word_1_216' title='bbox 283 2679 361 2710; x_wconf 86' lang='lat' dir='ltr'>scire</span> <span class='ocrx_word' id='word_1_217' title='bbox 385 2685 482 2710; x_wconf 84' lang='lat' dir='ltr'>artem</span> <span class='ocrx_word' id='word_1_218' title='bbox 498 2690 530 2710; x_wconf 91' lang='lat' dir='ltr'>se</span> <span class='ocrx_word' id='word_1_219' title='bbox 546 2679 786 2711; x_wconf 85' lang='lat' dir='ltr'>commendandi</span> <span class='ocrx_word' id='word_1_220' title='bbox 799 2691 808 2718; x_wconf 92' lang='lat'>;</span> <span class='ocrx_word' id='word_1_221' title='bbox 832 2680 890 2710; x_wconf 90' lang='lat' dir='ltr'>etsi</span> 
     </span>
     <span class='ocr_line' id='line_1_44' title="bbox 226 2727 889 2769; baseline 0.003 -12"><span class='ocrx_word' id='word_1_222' title='bbox 226 2727 346 2765; x_wconf 80' lang='lat' dir='ltr'>nullum</span> <span class='ocrx_word' id='word_1_223' title='bbox 362 2727 544 2769; x_wconf 81' lang='lat' dir='ltr'>magistrum</span> <span class='ocrx_word' id='word_1_224' title='bbox 563 2728 691 2764; x_wconf 82' lang='lat' dir='ltr'>habent,</span> <span class='ocrx_word' id='word_1_225' title='bbox 707 2727 781 2769; x_wconf 87' lang='lat' dir='ltr'>quia</span> <span class='ocrx_word' id='word_1_226' title='bbox 794 2728 889 2760; x_wconf 86' lang='lat' dir='ltr'>etiam</span> 
     </span>
    </p>
   </div>
   <div class='ocr_carea' id='block_1_11' title="bbox 958 1597 1625 2772">
    <p class='ocr_par' dir='ltr' id='par_1_19' title="bbox 958 1597 1625 1685">
     <span class='ocr_line' id='line_1_45' title="bbox 959 1597 1625 1641; baseline -0.003 -10"><span class='ocrx_word' id='word_1_227' title='bbox 959 1599 1082 1631; x_wconf 83' lang='lat' dir='ltr'>rusticae</span> <span class='ocrx_word' id='word_1_228' title='bbox 1107 1604 1139 1630; x_wconf 88' lang='lat' dir='ltr'>et</span> <span class='ocrx_word' id='word_1_229' title='bbox 1161 1609 1230 1641; x_wconf 90' lang='lat' dir='ltr'>quae</span> <span class='ocrx_word' id='word_1_230' title='bbox 1256 1598 1289 1629; x_wconf 87' lang='lat' dir='ltr'>in</span> <span class='ocrx_word' id='word_1_231' title='bbox 1313 1603 1419 1630; x_wconf 87' lang='lat' dir='ltr'>monte</span> <span class='ocrx_word' id='word_1_232' title='bbox 1435 1597 1520 1629; x_wconf 86' lang='lat' dir='ltr'>Atho</span> <span class='ocrx_word' id='word_1_233' title='bbox 1535 1597 1625 1629; x_wconf 92' lang='lat' dir='ltr'>habi-</span> 
     </span>
     <span class='ocr_line' id='line_1_46' title="bbox 958 1648 1496 1685; baseline -0.002 -5"><span class='ocrx_word' id='word_1_234' title='bbox 958 1655 1038 1685; x_wconf 89' lang='lat' dir='ltr'>tant,</span> <span class='ocrx_word' id='word_1_235' title='bbox 1054 1660 1086 1680; x_wconf 92' lang='lat' dir='ltr'>se</span> <span class='ocrx_word' id='word_1_236' title='bbox 1103 1649 1205 1680; x_wconf 90' lang='lat' dir='ltr'>colere</span> <span class='ocrx_word' id='word_1_237' title='bbox 1222 1648 1332 1680; x_wconf 87' lang='lat' dir='ltr'>solent.</span> <span class='ocrx_word' id='word_1_238' title='bbox 1377 1649 1496 1679; x_wconf 75' lang='lat' dir='ltr'>Bumu.</span> 
     </span>
    </p>

    <p class='ocr_par' dir='ltr' id='par_1_20' title="bbox 958 1697 1625 2172">
     <span class='ocr_line' id='line_1_47' title="bbox 1001 1697 1623 1741; baseline -0.003 -11"><span class='ocrx_word' id='word_1_239' title='bbox 1001 1700 1053 1731; x_wconf 87' lang='grc'>35.</span> <span class='ocrx_word' id='word_1_240' title='bbox 1074 1699 1254 1741; x_wconf 82' lang='lat' dir='ltr'>Vosurget.]</span> <span class='ocrx_word' id='word_1_241' title='bbox 1281 1699 1365 1740; x_wconf 84' lang='lat' dir='ltr'>Lego</span> <span class='ocrx_word' id='word_1_242' title='bbox 1376 1708 1414 1729; x_wconf 83' lang='lat' dir='ltr'>ex</span> <span class='ocrx_word' id='word_1_243' title='bbox 1426 1697 1623 1740; x_wconf 81' lang='lat' dir='ltr'>antiquorum</span> 
     </span>
     <span class='ocr_line' id='line_1_48' title="bbox 958 1747 1623 1789; baseline -0.002 -10"><span class='ocrx_word' id='word_1_244' title='bbox 958 1748 1104 1779; x_wconf 91' lang='lat' dir='ltr'>codicum</span> <span class='ocrx_word' id='word_1_245' title='bbox 1125 1747 1304 1783; x_wconf 86' lang='lat' dir='ltr'>autoritate,</span> <span class='ocrx_word' id='word_1_246' title='bbox 1324 1747 1394 1789; x_wconf 34' lang='lat' dir='ltr'>Nos&lt;</span> <span class='ocrx_word' id='word_1_247' title='bbox 1407 1753 1509 1789; x_wconf 80' lang='lat' dir='ltr'>tanget</span> <span class='ocrx_word' id='word_1_248' title='bbox 1527 1758 1623 1778; x_wconf 81' lang='lat' dir='ltr'>amor.</span> 
     </span>
     <span class='ocr_line' id='line_1_49' title="bbox 958 1795 1625 1829; baseline -0.001 0"><span class='ocrx_word' id='word_1_249' title='bbox 958 1803 994 1829; x_wconf 88' lang='lat' dir='ltr'>ut</span> <span class='ocrx_word' id='word_1_250' title='bbox 1017 1798 1056 1829; x_wconf 88' lang='lat' dir='ltr'>sit</span> <span class='ocrx_word' id='word_1_251' title='bbox 1079 1808 1208 1829; x_wconf 88' lang='lat' dir='ltr'>sensus:</span> <span class='ocrx_word' id='word_1_252' title='bbox 1252 1796 1389 1828; x_wconf 86' lang='lat' dir='ltr'>Facilius</span> <span class='ocrx_word' id='word_1_253' title='bbox 1411 1807 1468 1828; x_wconf 89' lang='lat' dir='ltr'>nos</span> <span class='ocrx_word' id='word_1_254' title='bbox 1489 1795 1569 1828; x_wconf 86' lang='lat' dir='ltr'>viros</span> <span class='ocrx_word' id='word_1_255' title='bbox 1592 1797 1625 1828; x_wconf 89' lang='lat' dir='ltr'>in</span> 
     </span>
     <span class='ocr_line' id='line_1_50' title="bbox 959 1846 1623 1889; baseline 0 -11"><span class='ocrx_word' id='word_1_256' title='bbox 959 1857 1095 1878; x_wconf 84' lang='lat' dir='ltr'>amorem</span> <span class='ocrx_word' id='word_1_257' title='bbox 1111 1852 1248 1878; x_wconf 86' lang='lat' dir='ltr'>vestrum</span> <span class='ocrx_word' id='word_1_258' title='bbox 1268 1846 1399 1877; x_wconf 83' lang='lat' dir='ltr'>trahetis</span> <span class='ocrx_word' id='word_1_259' title='bbox 1411 1846 1500 1877; x_wconf 84' lang='lat' dir='ltr'>cultu</span> <span class='ocrx_word' id='word_1_260' title='bbox 1515 1857 1623 1889; x_wconf 89' lang='lat' dir='ltr'>corpo-</span> 
     </span>
     <span class='ocr_line' id='line_1_51' title="bbox 959 1895 1625 1938; baseline 0.003 -12"><span class='ocrx_word' id='word_1_261' title='bbox 959 1895 1010 1932; x_wconf 86' lang='lat' dir='ltr'>ris,</span> <span class='ocrx_word' id='word_1_262' title='bbox 1027 1907 1122 1938; x_wconf 89' lang='lat' dir='ltr'>quam</span> <span class='ocrx_word' id='word_1_263' title='bbox 1151 1895 1282 1937; x_wconf 85' lang='lat' dir='ltr'>magicis</span> <span class='ocrx_word' id='word_1_264' title='bbox 1308 1896 1437 1927; x_wconf 85' lang='lat' dir='ltr'>artibus.</span> <span class='ocrx_word' id='word_1_265' title='bbox 1472 1896 1625 1928; x_wconf 50' lang='lat' dir='ltr'>Mimos.</span> 
     </span>
     <span class='ocr_line' id='line_1_52' title="bbox 958 1943 1623 1988; baseline 0.003 -13"><span class='ocrx_word' id='word_1_266' title='bbox 958 1944 1072 1987; x_wconf 90' lang='lat' dir='ltr'>Scripti</span> <span class='ocrx_word' id='word_1_267' title='bbox 1107 1955 1179 1976; x_wconf 89' lang='lat' dir='ltr'>cum</span> <span class='ocrx_word' id='word_1_268' title='bbox 1208 1944 1310 1986; x_wconf 87' lang='lat' dir='ltr'>prima</span> <span class='ocrx_word' id='word_1_269' title='bbox 1345 1943 1493 1982; x_wconf 87' lang='lat' dir='ltr'>editione,</span> <span class='ocrx_word' id='word_1_270' title='bbox 1522 1953 1623 1988; x_wconf 78' lang='lat' dir='ltr'>urget.</span> 
     </span>
     <span class='ocr_line' id='line_1_53' title="bbox 958 1993 1623 2037; baseline 0.003 -12"><span class='ocrx_word' id='word_1_271' title='bbox 958 2005 1040 2025; x_wconf 90' lang='lat' dir='ltr'>unus</span> <span class='ocrx_word' id='word_1_272' title='bbox 1066 1993 1303 2030; x_wconf 87' lang='lat' dir='ltr'>Ambrosianus,</span> <span class='ocrx_word' id='word_1_273' title='bbox 1324 2005 1371 2025; x_wconf 83' lang='lat' dir='ltr'>vos</span> <span class='ocrx_word' id='word_1_274' title='bbox 1398 2001 1480 2026; x_wconf 81' lang='lat' dir='ltr'>uret.</span> <span class='ocrx_word' id='word_1_275' title='bbox 1526 1995 1623 2037; x_wconf 81' lang='lat' dir='ltr'>Lege,</span> 
     </span>
     <span class='ocr_line' id='line_1_54' title="bbox 960 2043 1625 2084; baseline 0.003 -10"><span class='ocrx_word' id='word_1_276' title='bbox 960 2044 1042 2074; x_wconf 81' lang='lat' dir='ltr'>Hinc</span> <span class='ocrx_word' id='word_1_277' title='bbox 1054 2046 1154 2084; x_wconf 74' lang='lat' dir='ltr'>potius</span> <span class='ocrx_word' id='word_1_278' title='bbox 1170 2055 1220 2074; x_wconf 77' lang='lat' dir='ltr'>nos</span> <span class='ocrx_word' id='word_1_279' title='bbox 1234 2050 1308 2074; x_wconf 84' lang='lat' dir='ltr'>urat</span> <span class='ocrx_word' id='word_1_280' title='bbox 1327 2055 1422 2074; x_wconf 79' lang='lat' dir='ltr'>amor.</span> <span class='ocrx_word' id='word_1_281' title='bbox 1447 2043 1519 2075; x_wconf 88' lang='lat' dir='ltr'>vide</span> <span class='ocrx_word' id='word_1_282' title='bbox 1534 2050 1625 2076; x_wconf 78' lang='lat' dir='ltr'>notas</span> 
     </span>
     <span class='ocr_line' id='line_1_55' title="bbox 958 2091 1624 2133; baseline 0.006 -11"><span class='ocrx_word' id='word_1_283' title='bbox 958 2092 1066 2123; x_wconf 88' lang='lat' dir='ltr'>Amor.</span> <span class='ocrx_word' id='word_1_284' title='bbox 1078 2093 1135 2124; x_wconf 90' lang='lat' dir='ltr'>lib.</span> <span class='ocrx_word' id='word_1_285' title='bbox 1151 2093 1171 2124; x_wconf 93' lang='lat' dir='ltr'>i.</span> <span class='ocrx_word' id='word_1_286' title='bbox 1184 2092 1274 2133; x_wconf 86' lang='lat' dir='ltr'>Eleg.</span> <span class='ocrx_word' id='word_1_287' title='bbox 1290 2091 1323 2122; x_wconf 89' lang='lat' dir='ltr'>ii.</span> <span class='ocrx_word' id='word_1_288' title='bbox 1337 2102 1415 2124; x_wconf 88' lang='lat' dir='ltr'>vers.</span> <span class='ocrx_word' id='word_1_289' title='bbox 1431 2093 1481 2124; x_wconf 89' lang='lat'>17.</span> <span class='ocrx_word' id='word_1_290' title='bbox 1504 2093 1624 2126; x_wconf 68' lang='lat' dir='ltr'>mes.</span> 
     </span>
     <span class='ocr_line' id='line_1_56' title="bbox 960 2141 1360 2172; baseline 0 0"><span class='ocrx_word' id='word_1_291' title='bbox 960 2141 1024 2172; x_wconf 92' lang='lat' dir='ltr'>vid.</span> <span class='ocrx_word' id='word_1_292' title='bbox 1039 2147 1071 2172; x_wconf 86' lang='lat' dir='ltr'>et</span> <span class='ocrx_word' id='word_1_293' title='bbox 1086 2141 1125 2172; x_wconf 91' lang='lat' dir='ltr'>ad</span> <span class='ocrx_word' id='word_1_294' title='bbox 1140 2141 1184 2172; x_wconf 90' lang='lat' dir='ltr'>iii.</span> <span class='ocrx_word' id='word_1_295' title='bbox 1200 2141 1272 2172; x_wconf 87' lang='lat' dir='ltr'>Art.</span> <span class='ocrx_word' id='word_1_296' title='bbox 1285 2141 1360 2172; x_wconf 88' lang='grc'><strong>541.</strong></span> 
     </span>
    </p>

    <p class='ocr_par' dir='ltr' id='par_1_21' title="bbox 958 2189 1625 2527">
     <span class='ocr_line' id='line_1_57' title="bbox 1004 2189 1622 2231; baseline 0.002 -10"><span class='ocrx_word' id='word_1_297' title='bbox 1004 2191 1057 2222; x_wconf 89' lang='grc'>39.</span> <span class='ocrx_word' id='word_1_298' title='bbox 1074 2190 1281 2231; x_wconf 74' lang='grc' dir='ltr'>Γίηᾶαηῒιιν.]</span> <span class='ocrx_word' id='word_1_299' title='bbox 1301 2189 1462 2222; x_wconf 84' lang='lat' dir='ltr'>Citathaec</span> <span class='ocrx_word' id='word_1_300' title='bbox 1471 2190 1622 2227; x_wconf 79' lang='lat' dir='ltr'>CarisiuS,</span> 
     </span>
     <span class='ocr_line' id='line_1_58' title="bbox 959 2240 1625 2282; baseline 0.002 -12"><span class='ocrx_word' id='word_1_301' title='bbox 959 2240 1015 2271; x_wconf 91' lang='lat' dir='ltr'>lib.</span> <span class='ocrx_word' id='word_1_302' title='bbox 1038 2240 1062 2271; x_wconf 92' lang='lat' dir='ltr'>i.</span> <span class='ocrx_word' id='word_1_303' title='bbox 1088 2240 1121 2270; x_wconf 91' lang='lat' dir='ltr'>in</span> <span class='ocrx_word' id='word_1_304' title='bbox 1149 2240 1244 2271; x_wconf 91' lang='lat' dir='ltr'>verbo</span> <span class='ocrx_word' id='word_1_305' title='bbox 1271 2241 1401 2282; x_wconf 78' lang='lat' dir='ltr'>Anguis.</span> <span class='ocrx_word' id='word_1_306' title='bbox 1435 2240 1502 2282; x_wconf 87' lang='lat' dir='ltr'>ejus</span> <span class='ocrx_word' id='word_1_307' title='bbox 1528 2241 1625 2271; x_wconf 89' lang='lat' dir='ltr'>verba</span> 
     </span>
     <span class='ocr_line' id='line_1_59' title="bbox 959 2290 1624 2332; baseline 0 -12"><span class='ocrx_word' id='word_1_308' title='bbox 959 2295 1031 2320; x_wconf 88' lang='lat' dir='ltr'>sunt</span> <span class='ocrx_word' id='word_1_309' title='bbox 1045 2301 1050 2319; x_wconf 93' lang='lat'><strong>:</strong></span> <span class='ocrx_word' id='word_1_310' title='bbox 1077 2290 1196 2331; x_wconf 77' lang='lat' dir='ltr'>Anguis</span> <span class='ocrx_word' id='word_1_311' title='bbox 1217 2301 1286 2320; x_wconf 82' lang='lat' dir='ltr'>cum</span> <span class='ocrx_word' id='word_1_312' title='bbox 1308 2291 1346 2320; x_wconf 78' lang='lat' dir='ltr'>sit</span> <span class='ocrx_word' id='word_1_313' title='bbox 1361 2290 1521 2319; x_wconf 77' lang='lat' dir='ltr'>masculini</span> <span class='ocrx_word' id='word_1_314' title='bbox 1532 2300 1624 2332; x_wconf 79' lang='lat' dir='ltr'>gene-</span> 
     </span>
     <span class='ocr_line' id='line_1_60' title="bbox 958 2338 1622 2380; baseline 0.002 -12"><span class='ocrx_word' id='word_1_315' title='bbox 958 2340 1010 2374; x_wconf 82' lang='lat' dir='ltr'>ris,</span> <span class='ocrx_word' id='word_1_316' title='bbox 1026 2340 1169 2369; x_wconf 55' lang='lat' dir='ltr'>siluerunt</span> <span class='ocrx_word' id='word_1_317' title='bbox 1193 2345 1292 2369; x_wconf 85' lang='lat' dir='ltr'>tamen</span> <span class='ocrx_word' id='word_1_318' title='bbox 1312 2344 1340 2368; x_wconf 81' lang='lat' dir='ltr'>et</span> <span class='ocrx_word' id='word_1_319' title='bbox 1348 2338 1508 2380; x_wconf 69' lang='lat' dir='ltr'>feminini,</span> <span class='ocrx_word' id='word_1_320' title='bbox 1524 2345 1558 2369; x_wconf 83' lang='lat' dir='ltr'>ut</span> <span class='ocrx_word' id='word_1_321' title='bbox 1569 2338 1622 2369; x_wconf 89' lang='lat' dir='ltr'>Ti-</span> 
     </span>
     <span class='ocr_line' id='line_1_61' title="bbox 958 2386 1623 2428; baseline 0.002 -11"><span class='ocrx_word' id='word_1_322' title='bbox 958 2387 1083 2426; x_wconf 87' lang='lat' dir='ltr'>bullus;</span> <span class='ocrx_word' id='word_1_323' title='bbox 1107 2386 1199 2418; x_wconf 76' lang='lat' dir='ltr'>Irutae</span> <span class='ocrx_word' id='word_1_324' title='bbox 1220 2388 1333 2418; x_wconf 77' lang='lat' dir='ltr'>detinet</span> <span class='ocrx_word' id='word_1_325' title='bbox 1352 2388 1472 2428; x_wconf 76' lang='lat' dir='ltr'>anguis.</span> <span class='ocrx_word' id='word_1_326' title='bbox 1499 2393 1530 2418; x_wconf 86' lang='lat' dir='ltr'>et</span> <span class='ocrx_word' id='word_1_327' title='bbox 1545 2387 1623 2418; x_wconf 85' lang='lat' dir='ltr'>Ovi-</span> 
     </span>
     <span class='ocr_line' id='line_1_62' title="bbox 959 2435 1622 2476; baseline 0.002 -10"><span class='ocrx_word' id='word_1_328' title='bbox 959 2435 1047 2467; x_wconf 89' lang='lat' dir='ltr'>dius:</span> <span class='ocrx_word' id='word_1_329' title='bbox 1074 2436 1183 2467; x_wconf 80' lang='lat' dir='ltr'>Medz&#39;ae</span> <span class='ocrx_word' id='word_1_330' title='bbox 1208 2436 1319 2467; x_wconf 82' lang='lat' dir='ltr'>Marsis</span> <span class='ocrx_word' id='word_1_331' title='bbox 1332 2437 1507 2476; x_wconf 76' lang='lat' dir='ltr'>finduntur</span> <span class='ocrx_word' id='word_1_332' title='bbox 1524 2439 1622 2467; x_wconf 80' lang='lat' dir='ltr'>canti-</span> 
     </span>
     <span class='ocr_line' id='line_1_63' title="bbox 959 2485 1288 2527; baseline 0.003 -12"><span class='ocrx_word' id='word_1_333' title='bbox 959 2486 1011 2515; x_wconf 81' lang='lat' dir='ltr'>bus</span> <span class='ocrx_word' id='word_1_334' title='bbox 1025 2497 1149 2527; x_wconf 79' lang='lat' dir='ltr'>angues.</span> <span class='ocrx_word' id='word_1_335' title='bbox 1194 2485 1288 2517; x_wconf 73' lang='lat' dir='ltr'>Cior.</span> 
     </span>
    </p>

    <p class='ocr_par' dir='ltr' id='par_1_22' title="bbox 958 2534 1622 2772">
     <span class='ocr_line' id='line_1_64' title="bbox 1003 2534 1621 2574; baseline 0.003 -10"><span class='ocrx_word' id='word_1_336' title='bbox 1003 2535 1055 2565; x_wconf 85' lang='lat'>41.</span> <span class='ocrx_word' id='word_1_337' title='bbox 1081 2534 1221 2564; x_wconf 76' lang='lat' dir='ltr'>Temesaea</span> <span class='ocrx_word' id='word_1_338' title='bbox 1237 2534 1324 2574; x_wconf 59' lang='lat' dir='ltr'>ocra]</span> <span class='ocrx_word' id='word_1_339' title='bbox 1348 2534 1478 2565; x_wconf 86' lang='lat' dir='ltr'>Temese</span> <span class='ocrx_word' id='word_1_340' title='bbox 1501 2534 1533 2565; x_wconf 92' lang='lat' dir='ltr'>in</span> <span class='ocrx_word' id='word_1_341' title='bbox 1556 2535 1621 2566; x_wconf 81' lang='lat' dir='ltr'>Ita-</span> 
     </span>
     <span class='ocr_line' id='line_1_65' title="bbox 958 2582 1622 2625; baseline 0.003 -12"><span class='ocrx_word' id='word_1_342' title='bbox 958 2582 1012 2613; x_wconf 85' lang='lat' dir='ltr'>lia.</span> <span class='ocrx_word' id='word_1_343' title='bbox 1028 2583 1207 2613; x_wconf 88' lang='lat' dir='ltr'>Brutiorum</span> <span class='ocrx_word' id='word_1_344' title='bbox 1222 2582 1371 2625; x_wconf 91' lang='lat' dir='ltr'>oppidum</span> <span class='ocrx_word' id='word_1_345' title='bbox 1387 2583 1456 2620; x_wconf 80' lang='lat' dir='ltr'>suit,</span> <span class='ocrx_word' id='word_1_346' title='bbox 1469 2593 1486 2614; x_wconf 90' lang='lat' dir='ltr'>a</span> <span class='ocrx_word' id='word_1_347' title='bbox 1503 2584 1622 2615; x_wconf 77' lang='lat' dir='ltr'>Latinis</span> 
     </span>
     <span class='ocr_line' id='line_1_66' title="bbox 962 2631 1620 2671; baseline 0.005 -10"><span class='ocrx_word' id='word_1_348' title='bbox 962 2631 1079 2671; x_wconf 78' lang='lat' dir='ltr'>Templa</span> <span class='ocrx_word' id='word_1_349' title='bbox 1096 2631 1227 2667; x_wconf 87' lang='lat' dir='ltr'>dictum,</span> <span class='ocrx_word' id='word_1_350' title='bbox 1244 2637 1278 2663; x_wconf 90' lang='lat' dir='ltr'>ut</span> <span class='ocrx_word' id='word_1_351' title='bbox 1293 2631 1425 2668; x_wconf 84' lang='lat' dir='ltr'>Plinius,</span> <span class='ocrx_word' id='word_1_352' title='bbox 1441 2631 1497 2663; x_wconf 92' lang='lat' dir='ltr'>lib.</span> <span class='ocrx_word' id='word_1_353' title='bbox 1513 2634 1543 2664; x_wconf 89' lang='lat'>3.</span> <span class='ocrx_word' id='word_1_354' title='bbox 1566 2632 1620 2664; x_wconf 91' lang='lat' dir='ltr'>do-</span> 
     </span>
     <span class='ocr_line' id='line_1_67' title="bbox 958 2680 1621 2723; baseline 0.005 -13"><span class='ocrx_word' id='word_1_355' title='bbox 958 2686 1019 2711; x_wconf 87' lang='lat' dir='ltr'>cet.</span> <span class='ocrx_word' id='word_1_356' title='bbox 1043 2680 1092 2710; x_wconf 91' lang='lat' dir='ltr'>Ibi</span> <span class='ocrx_word' id='word_1_357' title='bbox 1108 2687 1196 2712; x_wconf 88' lang='lat' dir='ltr'>erant</span> <span class='ocrx_word' id='word_1_358' title='bbox 1216 2680 1385 2712; x_wconf 82' lang='lat' dir='ltr'>aerifodinae</span> <span class='ocrx_word' id='word_1_359' title='bbox 1400 2693 1406 2711; x_wconf 94' lang='lat'><strong>:</strong></span> <span class='ocrx_word' id='word_1_360' title='bbox 1423 2692 1501 2723; x_wconf 89' lang='lat' dir='ltr'>quas</span> <span class='ocrx_word' id='word_1_361' title='bbox 1517 2688 1621 2714; x_wconf 86' lang='lat' dir='ltr'>tamen</span> 
     </span>
     <span class='ocr_line' id='line_1_68' title="bbox 958 2729 1604 2772; baseline 0.005 -13"><span class='ocrx_word' id='word_1_362' title='bbox 958 2740 1013 2760; x_wconf 87' lang='lat' dir='ltr'>suo</span> <span class='ocrx_word' id='word_1_363' title='bbox 1029 2736 1164 2772; x_wconf 83' lang='lat' dir='ltr'>tempore</span> <span class='ocrx_word' id='word_1_364' title='bbox 1180 2729 1343 2767; x_wconf 86' lang='lat' dir='ltr'>defecisse,</span> <span class='ocrx_word' id='word_1_365' title='bbox 1359 2731 1468 2762; x_wconf 82' lang='lat' dir='ltr'>Strabo</span> <span class='ocrx_word' id='word_1_366' title='bbox 1484 2731 1604 2763; x_wconf 87' lang='lat' dir='ltr'>scribit.</span> 
     </span>
    </p>
   </div>
  </div>
 </body>
</html>
