1760 3172
300 443 582 492 PUBLII
645 441 913 489 OVIDII
976 439 1328 487 NASONIS

586 617 1047 661 EPISTOLARUM

484 783 636 839 EX
706 779 1147 840 PONTO

597 953 772 991 LIBER
808 953 1039 990 PRIMUS.

689 1116 947 1149 4.

595 1265 843 1296 EPISTOLA
866 1264 1044 1295 PRIMA.

692 1397 904 1439 BRUTO
917 1400 953 1437 ³⁶².

134 1514 305 1570 NASO,
332 1513 605 1561 Tomitanae
624 1515 729 1577 jam
753 1530 850 1561 non
876 1529 1031 1561 novus
1057 1512 1219 1560 incola
1242 1518 1402 1569 terrae,

200 1590 310 1639 Hoc
332 1590 423 1638 tibi
447 1591 509 1639 de
536 1591 713 1639 Getico
738 1591 879 1638 litore
904 1589 1059 1637 mittit
1082 1606 1235 1653 opus:

136 1667 190 1715 Si
212 1675 369 1724 vacat,
395 1668 610 1732 hospitio
634 1667 938 1732 peregrinos,
968 1666 1140 1721 Brute,
1167 1666 1361 1713 libellos

202 1744 413 1810 Excipe,
428 1746 658 1808 ’dumque
683 1745 865 1808 aliquo,
893 1743 1116 1807 quolibet
1140 1743 1267 1789 abde
1292 1743 1417 1789 loco.

135 1821 346 1870 Publica
368 1817 466 1870 n'on
491 1822 674 1869 audent
697 1821 824 1869 inter
846 1826 1167 1868 monumenta
1189 1819 1371 1876 venire,
1480 1822 1509 1866 5

203 1899 282 1947 Ne
307 1915 425 1946 suus
449 1900 544 1947 hoc
569 1898 666 1946 illis
692 1898 923 1946 clauserit
948 1904 1117 1944 auctor
1141 1897 1248 1943 iter.

178 2081 198 2100 *
230 2081 337 2113 Codex
364 2083 480 2114 Bavar.
510 2081 592 2113 hanc
619 2081 716 2113 habet
743 2082 791 2113 in-

135 2130 333 2173 scriptionem
347 2143 353 2161 :
378 2131 491 2171 Incipit
505 2133 576 2162 liber
588 2133 714 2172 primus.
749 2131 789 2161 Ε-

131 2181 312 2220 pistolarum
340 2180 441 2211 Ovidii
465 2180 594 2211 Nasonis
622 2182 657 2211 de
684 2181 791 2211 Panto.

138 2229 273 2268 Epistola
297 2232 396 2270 prima
424 2232 463 2261 ad
488 2230 631 2261 Brutum.
684 2230 729 2261 At
756 2232 792 2261 de

137 2279 235 2310 Ponto
257 2279 416 2310 inficetum
440 2285 497 2315 est,
526 2285 558 2311 et
587 2290 605 2311 a
631 2280 792 2311 recentiori

137 2338 233 2359 manu
248 2327 404 2365 adsutum,
414 2339 472 2360 nec
484 2328 555 2360 libri
567 2335 686 2360 veteres
699 2329 792 2371 pleri-

138 2387 198 2418 que
213 2377 311 2408 ullam
326 2383 497 2419 agnoscant
506 2378 750 2420 inscriptionem.
760 2390 791 2410 v.

138 2425 248 2457 Heius.
280 2427 334 2468 qui
362 2426 457 2458 etiam
481 2428 634 2463 observat,
661 2427 792 2469 optimos

138 2474 263 2507 codices
276 2475 390 2507 habere
406 2477 516 2507 Bruto.
548 2478 696 2508 HARLES.

186 2575 214 2604 1.
228 2573 298 2603 Jam
311 2585 370 2604 mm
390 2586 482 2605 novus
499 2575 628 2615 incola-J
654 2574 793 2605 Incolam

139 2633 200 2652 non
221 2633 333 2653 novum
354 2633 387 2653 se
401 2627 503 2659 vocat,
520 2634 574 2664 pro
590 2623 696 2659 veteri,
713 2624 794 2654 κατὰ

138 2671 307 2709 λιτότητα.
352 2671 434 2702 Nam
451 2672 516 2713 jam
536 2676 678 2712 quartum
701 2683 793 2714 prope

143 2729 256 2751 annum
280 2720 311 2750 in
327 2720 426 2751 Ponto
445 2720 568 2761 agebat,
590 2720 621 2750 id
641 2721 722 2761 quod
747 2720 793 2751 in-

858 2082 904 2113 fra
931 2091 1002 2112 mox
1032 2080 1169 2122 adparet,
1194 2079 1282 2120 Eleg.
1301 2078 1366 2110 viii.
1410 2079 1512 2110 Caete-

858 2143 936 2168 rum,
954 2136 988 2162 ut
1002 2131 1060 2161 hoc
1078 2130 1239 2164 addamus,
1254 2134 1374 2170 septem
1389 2129 1514 2159 omnino

859 2191 954 2212 annos
973 2181 1004 2210 in
1020 2180 1118 2210 Ponto
1133 2178 1246 2209 vixisse
1266 2183 1357 2219 poeta
1371 2177 1513 2215 videtur;

859 2237 953 2272 atque
976 2229 1057 2260 intra
1082 2234 1144 2258 tres
1167 2227 1292 2269 priores,
1315 2237 1363 2262 ea,
1382 2237 1513 2267 quorum

859 2279 968 2310 titulus
991 2283 1039 2310 est
1063 2278 1217 2313 Tristium,
1237 2274 1415 2317 scripsisse:
1439 2275 1512 2306 reli-

860 2329 929 2371 quis
956 2334 1070 2363 autem,
1096 2327 1164 2356 haec
1190 2336 1259 2367 quae
1288 2327 1324 2355 de
1347 2325 1443 2354 Ponto
1465 2324 1513 2354 in-

859 2378 1043 2413 scribuntur,
1059 2381 1094 2406 ut
1112 2386 1152 2406 ex
1172 2374 1246 2417 ipsis
1268 2373 1354 2404 libris
1373 2373 1513 2415 adparet.

859 2428 988 2458 Mrem„

902 2477 932 2506 2.
950 2476 996 2505 De
1013 2474 1117 2504 Getico
1133 2472 1246 2512 litora]
1273 2471 1323 2502 De
1342 2470 1432 2502 litore
1447 2481 1513 2501 ma-

860 2525 900 2556 ris
914 2524 1040 2559 Euxini,
1056 2522 1138 2564 quod
1153 2523 1243 2553 Getae
1259 2520 1412 2552 accolunt.

904 2575 934 2604 6.
952 2573 1101 2603 Cquserit
1121 2573 1172 2601 hoc
1194 2571 1277 2610 itera]
1306 2569 1425 2600 Fecerit
1440 2570 1514 2600 scri-

860 2623 963 2654 bendo
981 2626 1138 2663 praecepta
1155 2618 1315 2654 amatoria,
1333 2629 1371 2649 ne
1391 2618 1421 2649 hi
1438 2629 1514 2660 quo-

862 2682 921 2713 que
941 2670 980 2701 (le
996 2671 1094 2700 Ponto
1113 2668 1210 2699 libelli
1230 2668 1346 2709 possint
1364 2666 1395 2698 in
1412 2667 1513 2708 publi-

862 2731 932 2750 cum
948 2719 1080 2761 prodire.
