1760 3172
219 193 304 234 114
611 191 662 232 Ρ.
696 189 910 233 OVIDII
944 188 1227 232 NASONIS

228 306 328 354 Sed
366 305 482 353 bibe
519 305 631 369 plus
664 306 832 361 etiam,
865 321 1015 368 quam
1048 304 1184 368 quod
1221 303 1495 368 praecordia
1529 319 1615 367 po-

293 382 509 429 Gutture
529 382 604 429 sac
625 383 773 446 pleno
795 389 959 429 sumta
980 380 1226 428 redundet
1244 396 1389 444 aqua.
1419 381 1589 442 [scunt
1607 396 1617 428 :

225 459 485 507 Perfruere
511 476 672 522 usque
697 460 798 515 tua,
827 459 962 505 nullo
988 459 1301 521 prohibente,
1329 458 1516 522 puella.

293 536 387 582 Illa
412 536 502 583 tibi
529 543 701 583 noctes
728 535 934 589 auferat,
961 534 1047 581 illa
1070 534 1194 581 dies.

228 612 399 660 Taedia
425 629 610 676 quaere.
650 613 793 659 malis
819 612 1007 659 faciunt
1032 618 1081 659 et
1105 610 1256 658 taedia
1278 611 1444 658 finem.
1525 613 1620 658 539

294 689 324 735 J
330 705 409 736 am
436 705 656 752 quoque,
685 705 800 735 cum
825 688 999 736 credas
1026 704 1175 751 posse
1200 703 1385 743 carere,
1412 703 1575 735 mane.

229 765 364 813 Dum
390 767 518 813 bene
544 773 593 813 te
619 766 861 821 cumules,
886 772 936 812 et
961 765 1106 828 copia
1130 765 1274 812 tollat
1298 779 1545 821 amorem3

297 841 339 888 E
365 841 589 890 fastidita
616 858 716 888 non
736 843 880 904 juvet
901 843 1001 888 isse
1027 841 1190 888 domo.

231 918 311 965 Fit
335 934 540 981 quoque
564 919 743 980 longus
770 933 923 973 amor,
952 934 1103 981 quem
1129 917 1404 965 diffidentia
1427 917 1599 964 nutrit.

298 995 446 1042 Hunc
473 1002 527 1041 tu
554 994 593 1040 si
621 1011 814 1058 quaeres
840 1011 1055 1058 ponere;
1095 1010 1226 1058 pone
1251 1001 1459 1042 metum.
1527 996 1623 1041 544

231 1071 328 1126 Qui
355 1072 514 1127 timet,
538 1079 592 1118 ut
617 1089 706 1120 sua
731 1072 810 1128 sit,
833 1087 930 1121 neu
953 1073 1065 1136 quis
1092 1072 1185 1120 sibi
1206 1072 1438 1121 detrahat
1458 1071 1620 1127 illam;

299 1149 391 1196 Ille
418 1149 721 1196 Machaonia
747 1148 830 1195 vix
856 1166 951 1212 ope
978 1165 1128 1196 sanus
1155 1149 1265 1196 erit.

231 1226 354 1273 Plus
381 1233 515 1273 amat
539 1242 566 1274 e
591 1226 720 1273 natis
746 1234 905 1274 mater
930 1227 1224 1290 plerumque
1249 1225 1462 1280 duobus,

300 1302 399 1349 Pro
424 1304 569 1366 cujus
594 1302 772 1359 reditu,
802 1304 936 1366 quod
961 1304 1089 1366 gerit
1113 1319 1263 1358 arma,
1292 1302 1451 1350 timet.

233 1378 327 1425 Est
351 1395 508 1442 prope
536 1379 785 1426 Collinam
811 1381 1056 1444 templum
1079 1379 1362 1427 venerabile
1386 1385 1608 1443 portam:

301 1455 549 1519 Imposuit
571 1457 759 1520 templo
786 1457 988 1504 nomina
1011 1457 1175 1504 celsus
1202 1456 1359 1520 Eryx.
1533 1459 1630 1503 550

235 1531 328 1579 Est
351 1532 450 1579 illie
479 1531 710 1580 Lethaeus
737 1533 906 1590 Amor,
935 1534 1022 1597 qui
1047 1540 1251 1597 pectora
1276 1540 1446 1591 sanat3

302 1609 464 1672 Inque
490 1626 605 1656 suas
631 1610 851 1672 gelidam
877 1610 1137 1674 lampadas
1163 1610 1304 1674 addit
1329 1626 1528 1674 aquam.

236 1685 346 1733 Illic
372 1693 422 1733 et
439 1687 650 1749 juvenes
671 1686 798 1733 votis
825 1686 1006 1734 oblivia
1030 1694 1272 1750 poscunt:

304 1762 372 1810 Et
396 1762 436 1809 si
462 1779 564 1826 qua
587 1769 665 1810 est
689 1763 812 1810 duro
837 1770 986 1827 capta
1009 1764 1180 1827 puella
1202 1764 1322 1810 viro.

235 1838 287 1885 Is
312 1839 431 1886 mihi
459 1839 530 1886 sie
555 1839 712 1886 dixit:
754 1839 969 1901 (dubito,
995 1856 1205 1887 verusne
1233 1840 1433 1903 Cupido
1536 1843 1633 1888 555

302 1915 383 1962 An
409 1932 611 1963 somnus
636 1915 815 1973 fuerit;
857 1917 945 1965 sed
970 1924 1093 1980 puto
1121 1933 1324 1964 somnus
1351 1917 1500 1978 erat.)

240 1992 284 2039 O
313 1992 398 2057 qui
423 1993 663 2041 sollicitos
690 1995 838 2041 modo
864 1995 971 2051 das,
999 1995 1146 2042 modo
1173 1994 1350 2050 demis,
1379 2010 1588 2051 amores,

304 2069 484 2133 Adjice
509 2070 777 2134 praeceptis
802 2071 895 2119 hoc
922 2087 1139 2136 quoque,
1169 2070 1323 2127 Naso,
1350 2071 1465 2119 tuis.

281 2219 356 2250 546.
384 2219 437 2249 Vi1
450 2231 501 2259 ope
515 2230 606 2250 sanus
620 2219 707 2260 erin]
733 2220 799 2250 Alii
817 2220 900 2256 libri,
1014 2223 1088 2253 551.
1123 2222 1252 2253 Pectora
1283 2221 1402 2262 sanaim]
1445 2220 1533 2251 Fovit
1554 2231 1637 2252 unus

240 2275 335 2300 sutus.
350 2279 442 2305 unus,
454 2270 566 2299 salvus.
585 2269 647 2300 Sed
662 2268 707 2299 nil
722 2276 819 2300 muta.
842 2270 903 2300 Pa·
971 2270 1105 2301 Heinsii.
1125 2273 1253 2301 rulnera
1274 2277 1375 2301 sanat.
1395 2269 1475 2300 alius
1490 2280 1573 2306 mox,
1588 2271 1637 2300 in-

239 2317 374 2354 tavinus‚
395 2329 485 2349 sanus
509 2325 587 2349 erat.
611 2319 708 2360 Lego,
732 2330 823 2350 sanus
846 2326 905 2350 eat.
971 2331 1026 2360 que
1048 2321 1108 2350 suis
1128 2331 1162 2360 g.
1188 2320 1332 2359 lampadis
1351 2329 1431 2349 unus
1446 2318 1583 2349 Putean.
1606 2324 1639 2349 et

240 2367 323 2397 Vide
354 2367 454 2398 Notas
485 2367 518 2398 in
552 2367 696 2409 Elegiam
733 2368 772 2399 de
807 2374 905 2399 morte
972 2367 1146 2399 Leidensis.
1158 2368 1291 2398 tentavit
1302 2367 1376 2398 olim
1391 2367 1552 2404 Heinsius,
1564 2368 1641 2397 lam-

240 2415 337 2446 Drusi
352 2416 409 2446 sub
422 2415 526 2446 finem.
572 2416 689 2448 Ilzms.
969 2418 1067 2456 pasin.
1115 2416 1177 2447 Vix
1205 2423 1294 2458 puto.
1324 2427 1397 2447 nam
1423 2416 1501 2447 solet
1529 2417 1640 2447 addere

284 2465 358 2496 549.
390 2464 445 2495 Est
468 2477 557 2506 prope
587 2466 737 2496 Collinam
762 2468 904 2506 templum
973 2465 1087 2496 Noster
1099 2476 1170 2496 cum
1183 2465 1400 2507 praepositione
1411 2467 1443 2496 in
1459 2466 1638 2497 accusativo

241 2514 407 2544 venerabile
415 2520 553 2553 portum.-
575 2513 719 2554 Imposuit
733 2516 839 2554 templo
854 2527 905 2545 πο·
969 2514 1114 2556 jungere.
1161 2515 1279 2545 mes.

241 2565 323 2593 mina
338 2564 431 2593 celsus
450 2563 561 2604 Eryx]
588 2564 657 2595 Lib.
673 2564 716 2594 iv.
733 2564 818 2594 Fast.
833 2564 906 2594 871.
1017 2563 1093 2594 557.
1121 2563 1146 2593 Ο
1169 2565 1219 2603 qui
1239 2563 1403 2603 sollicitos]
1428 2562 1560 2604 Regius,
1581 2564 1638 2593 sol-

242 2612 363 2648 Strabo,
379 2612 433 2643 lib.
447 2612 487 2643 vi.
534 2613 626 2643 Cior.
975 2613 1096 2642 licitus.-
1135 2611 1335 2642 scribendum
1374 2611 1462 2648 forte,
1497 2612 1642 2642 sollicitis.

285 2662 359 2691 550.
377 2662 479 2692 Celsus
493 2661 604 2703 Eryx]
624 2661 707 2693 Vide
720 2672 789 2703 quae
802 2661 906 2692 notavi
974 2660 1094 2692 scilicet
1105 2661 1274 2702 juvenibus
1289 2667 1320 2692 et
1335 2660 1462 2702 puellis.
1510 2661 1624 2691 Bran.

241 2721 279 2741 ex
290 2710 422 2752 Polybio
432 2711 464 2742 in
474 2711 777 2754 EpistolaSapphus.
806 2711 907 2742 Intm.
