1760 3172
250 179 307 221 32

640 183 688 224 Ρ.
724 184 934 226 0V1D11
970 186 1248 229 NASONIS

254 295 399 358 Saepe
425 305 590 345 tamen
615 299 820 346 demens
846 300 995 347 stulte
1020 300 1197 349 fecisse
1222 302 1417 349 fateris:

315 372 487 436 Teque
512 374 674 422 ferunt
698 376 780 422 irae
806 376 1096 439 poenituisse
1120 385 1235 425 tuae.

250 451 358 499 Hoc
384 454 533 501 vetui.
573 471 658 502 vos
683 470 802 502 eece
827 461 961 502 vetat
984 455 1232 518 deprensa
1258 455 1419 503 Dione

315 528 527 578 Insidias
553 531 676 586 illas,
705 546 830 594 quas
855 531 968 577 tulit
992 531 1116 594 ipsa,
1144 532 1263 595 pati.

246 605 354 653 Nec
381 624 466 654 vos
492 607 628 654 rivali
651 607 858 670 laqueos
884 607 1161 670 disponite:
1202 624 1293 655 nec
1319 624 1404 655 vos

1531 611 1627 655 595

312 684 545 748 Excipite
571 686 751 732 arcana
777 684 928 731 verba
951 691 1122 732 notata
1145 701 1311 732 manu.

246 758 350 807 Ista
372 761 459 808 viri
485 768 690 824 captent
713 761 776 822 (si
797 762 903 823 jam
929 761 1176 825 captanda
1199 761 1470 825 putabunt)

309 836 446 891 Quos
471 837 658 885 faciunt
674 839 836 900 justos
863 838 989 900 ignis
1016 845 1066 885 et
1089 839 1224 886 unda
1247 839 1392 885 viros.

243 911 321 960 En
346 913 523 962 iterum
547 921 732 962 testor:
772 915 892 961 nihil
917 915 1014 972 hic,
1042 916 1135 962 nisi
1159 916 1270 978 lege
1297 914 1574 971 remissum,

308 989 530 1039 Luditur.
569 993 619 1039 in
643 992 822 1039 nostris
847 992 1018 1040 instita
1042 993 1176 1040 nulla
1194 993 1340 1056 jocis.

237 1158 314 1188 bant
342 1163 424 1189 ante.
470 1158 553 1189 Nam
582 1163 614 1189 et
639 1157 782 1199 sequenti
808 1169 898 1189 versu

236 1207 446 1244 scribendum,
461 1214 497 1238 ut
511 1209 610 1248 pudor
624 1209 716 1238 omnis
730 1209 820 1243 abest,
836 1218 898 1238 non

235 1263 264 1287 et
277 1258 385 1296 pudor.
402 1256 486 1298 quod
507 1257 636 1299 scriptos
651 1255 814 1297 editosque
828 1267 897 1298 per-

238 1316 345 1347 peram
377 1305 544 1348 occupavit
567 1310 679 1347 praeter
708 1304 897 1336 Patavinum

239 1365 346 1385 unum.
382 1355 501 1385 mes.
544 1354 610 1384 Hoc
637 1355 691 1384 tibi
718 1365 773 1393 pro
795 1353 898 1395 facto,

238 1404 381 1435 Francof.
406 1409 438 1434 et
459 1410 579 1445 septem
603 1402 801 1437 alit—Quod
827 1409 898 1433 ante

237 1455 384 1493 tegebant,
407 1455 528 1484 liberius
540 1454 683 1495 jhciunt.
728 1452 857 1494 Colligit
879 1463 896 1484 e

238 1503 344 1534 sabula
363 1503 488 1539 Noster,
506 1513 575 1544 quae
597 1501 637 1532 ad
652 1512 717 1532 rem
740 1511 826 1532 suam
851 1501 895 1532 sa-

237 1558 361 1583 eerent:
386 1551 441 1583 sed
458 1552 550 1591 longe
567 1550 630 1582 alia
650 1560 739 1580 mens
761 1550 896 1580 Homero

235 1601 304 1637 fuit,
318 1611 414 1642 quum
429 1599 507 1630 talia
522 1604 688 1630 canentem
703 1598 786 1640 apud
803 1598 896 1628 Phae-

236 1659 310 1681 acas
333 1649 549 1680 Demodocum
569 1647 755 1685 induceret;
779 1657 851 1678 nam
870 1647 895 1678 si

236 1698 392 1729 Athenaeo
407 1698 494 1734 fides,
509 1697 578 1728 loco
599 1706 692 1738 supra
709 1695 816 1732 citato,
832 1695 849 1726 ὁ
864 1695 895 1727 δὲ

237 1748 329 1789 παρὰ
350 1747 467 1782 Φαίαξι
490 1744 676 1787 Δημόδοκος
697 1743 765 1776 α’ὂει
780 1743 896 1786 Ἀρεος

236 1797 290 1827 καὶ
309 1795 502 1837 Ἀφροδίτης
520 1793 712 1830 συνουσίαν,
729 1793 766 1824 οὐ
788 1792 837 1824 διὰ
859 1795 895 1825 τὸ

237 1844 455 1885 ἀποδέχεσθαι
473 1844 510 1875 τὸ
527 1845 675 1874 τοιοῦτον
692 1841 806 1880 πάθος,
822 1842 896 1874 ἀλλ’

237 1893 438 1936 ἀποτρέπων
459 1893 578 1929 αὐτοὺς
601 1892 804 1933 παρανόμων
830 1891 895 1934 ὀρέ-

237 1944 330 1979 ξεων,
351 1941 440 1980 εἰδὼς
459 1941 494 1973 ἐν
512 1943 655 1982 τρυφερῷ
677 1953 742 1972 τινι
760 1940 825 1982 βίῳ
846 1953 895 1972 τε·

235 1991 450 2034 θραμμένους,
459 1990 634 2033 κᾴντεῦθεν
643 1989 817 2031 ὁμοιότατα
828 1991 895 2027 τοῖς

236 2041 368 2083 τρόποις
393 2040 504 2071 αὐτῶν
531 2040 572 2070 τὰ
596 2040 680 2080 πρὸς
702 2037 894 2070 ἀνάπαυσιν

236 2089 415 2132 προφέρων.
445 2088 539 2126 Quod
555 2099 593 2119 ex
608 2087 683 2129 ipsis
703 2093 803 2129 poetae
828 2098 894 2118 ver—

235 2139 284 2170 bis
312 2138 476 2169 manifeste
505 2142 603 2178 patet,
631 2135 684 2177 qui
712 2136 809 2171 Deos,
838 2136 894 2166 de-

235 2198 345 2230 prenso
366 2188 470 2218 Marte
488 2196 560 2217 cum
576 2186 714 2220 Venere,
733 2194 796 2215 una
818 2195 893 2215 voce

235 2242 341 2267 narrat
364 2236 573 2267 exclamasse:
605 2234 671 2265 Οὐκ
689 2232 789 2275 ἀρετᾷ
812 2234 893 2264 κακὰ

238 2285 327 2327 ἔργα.

277 2334 351 2365 593.
379 2332 432 2362 Vos
455 2343 518 2362 ecce
539 2338 619 2362 vetat
639 2333 781 2370 deprensa
799 2331 895 2361 Dione

236 2383 366 2414 Insidias
377 2383 535 2421 illas,quas
545 2382 616 2411 tulit
629 2381 701 2420 ipsa,
710 2379 805 2420 path]
818 2380 894 2410 Sen-

232 2443 301 2463 sum
315 2437 422 2473 aptum
438 2435 472 2461 ut
484 2429 638 2460 cohaereat
652 2439 724 2460 cum
739 2429 892 2470 sequenti,

231 2480 264 2511 in
280 2480 337 2511 hoc
353 2478 486 2510 disticho
501 2478 633 2520 requiro.
649 2477 725 2518 quid
737 2478 819 2508 enim
835 2483 892 2514 est,

233 2536 314 2560 vetat
338 2539 385 2559 vos
407 2529 532 2558 insidias
555 2528 624 2557 illas
643 2527 720 2566 pati,
745 2536 816 2556 cum
842 2525 892 2557 hic

233 2583 391 2619 praecepta
416 2576 471 2607 dat
492 2575 577 2611 viris,
603 2585 664 2606 non
684 2573 816 2617 puellis;
847 2574 893 2605 di-

232 2626 365 2658 cendum
381 2636 453 2666 ergo
465 2625 573 2656 fuisset
583 2624 653 2655 illas
666 2623 805 2659 insidias,
816 2633 894 2665 quas

233 2675 331 2705 Marti
352 2674 454 2719 posuit
468 2673 642 2708 Vulcanus,
667 2682 721 2703 vos
743 2671 893 2703 rivalibus

232 2729 262 2754 et
284 2722 392 2754 amicis
415 2721 524 2754 vestris
540 2722 645 2754 Venus
668 2726 754 2752 vetat
778 2721 891 2756 facere.

1530 995 1627 1040 600

966 1168 1063 1200 quare
1086 1168 1196 1200 pamm
1221 1158 1320 1194 abest,
1336 1157 1411 1199 quin
1434 1155 1628 1188 retinuissem

966 1207 1140 1248 vulgatam,
1157 1217 1227 1248 quae
1247 1212 1295 1238 est
1313 1206 1345 1237 in
1364 1205 1506 1248 plurimis
1529 1205 1625 1247 scrip-

965 1255 1024 1285 tis:

1098 1305 1153 1335 Vos
1167 1315 1231 1336 ecce
1244 1310 1324 1334 vetat
1338 1305 1482 1344 deprensa
1499 1303 1596 1334 Dione

1009 1352 1140 1384 Insidias
1154 1354 1233 1389 illas,
1247 1363 1318 1393 quus
1334 1353 1407 1383 tulit
1422 1353 1496 1392 ipsu,
1512 1343 1597 1382 dare.

967 1401 1052 1432 Dare
1072 1403 1199 1433 insidias
1222 1403 1293 1432 navi
1317 1400 1398 1432 dixit
1416 1400 1523 1431 Plaut.
1543 1401 1626 1432 Bac·
1670 1414 1673 1417 ·

964 1450 1048 1482 chid.
1063 1450 1098 1481 ii.
1114 1451 1159 1482 iii.
1177 1452 1231 1482 52.
1255 1456 1288 1481 et
1302 1449 1400 1481 Milit.
1414 1449 1448 1481 ii.
1462 1449 1507 1480 iii.
1524 1451 1579 1481 32.
1595 1456 1627 1481 et

964 1499 1052 1530 alibi.
1069 1499 1128 1530 nisi
1140 1499 1209 1541 quis
1223 1499 1343 1530 acutior
1354 1498 1442 1530 nobis
1457 1509 1584 1530 sensum
1594 1499 1625 1530 in

964 1549 1137 1580 Heinsiana
1151 1548 1284 1580 lectione
1300 1548 1406 1579 videat
1421 1547 1497 1579 satis
1508 1553 1627 1590 aptum.

963 1598 994 1629 in
1011 1609 1073 1629 uno
1084 1598 1208 1630 Heinsii
1223 1597 1330 1629 codice
1345 1604 1423 1634 erat,
1435 1609 1486 1628 nos
1500 1609 1565 1628 ecce
1579 1609 1627 1628 ve-

964 1653 1009 1678 tat
1021 1649 1097 1687 pati.
1121 1646 1203 1689 quod
1224 1652 1328 1689 posset
1344 1645 1427 1682 ferri,
1443 1651 1479 1677 ut
1494 1645 1628 1678 Ovidius

963 1707 996 1727 se
1019 1707 1143 1738 quoque
1160 1706 1234 1727 cum
1255 1695 1336 1731 aliis,
1350 1701 1386 1726 ut
1401 1695 1511 1726 alienis
1526 1694 1627 1726 thala-

963 1745 1022 1776 mis
1049 1744 1244 1780 insidiantes,
1273 1744 1416 1780 inducat,
1442 1754 1520 1785 quos
1540 1750 1627 1775 vetat

963 1794 1073 1825 Venus
1097 1792 1302 1835 deprehendi.
1349 1792 1481 1823 Insidias
1501 1794 1572 1829 ulli,
1596 1805 1626 1833 q.

964 1850 988 1873 t.
1018 1845 1042 1873 i.
1072 1845 1145 1874 dare
1174 1841 1366 1873 Bartholini.
1404 1841 1500 1873 etiam
1534 1842 1627 1873 bene.

964 1893 1082 1922 Bumu.

1006 1942 1080 1972 598.
1107 1940 1424 1982 Quosfaciuntjustos
1438 1943 1517 1982 ignis
1527 1947 1554 1972 et
1567 1953 1625 1972 un-

963 1992 1001 2020 da
1028 1990 1137 2030 viros.]
1167 1990 1224 2020 Est
1250 1999 1358 2021 sensus
1381 1990 1496 2031 pofitae,
1520 1989 1627 2022 literas

961 2045 1146 2076 amatorum,
1171 2038 1196 2070 si
1220 2038 1454 2080 intercipieudae
1476 2039 1556 2070 adeo
1579 2040 1624 2070 vi-

961 2088 1084 2125 dentur,
1102 2087 1302 2130 intercipiant
1319 2087 1379 2123 illi,
1397 2087 1451 2129 qui
1475 2087 1625 2119 adhibitis

961 2137 1032 2179 igne
1045 2143 1076 2169 et
1089 2148 1172 2179 aqua
1182 2137 1272 2179 justi,
1284 2137 1342 2168 hoc
1353 2142 1401 2167 est
1411 2137 1542 2178 legitimi
1558 2148 1623 2169 ma-

961 2185 1011 2217 riti
1027 2186 1102 2217 sacti
1122 2192 1205 2222 sunt,
1221 2196 1282 2217 non
1305 2185 1430 2221 rivales,
1446 2191 1501 2216 aut
1514 2185 1624 2217 similis

961 2234 1158 2266 conditionis.
1204 2235 1353 2266 Solebant
1380 2240 1485 2265 autem
1515 2234 1547 2266 in
1577 2245 1624 2266 so·

961 2284 1117 2316 lemnibus
1131 2284 1259 2326 nuptiis,
1270 2284 1384 2326 quibus
1398 2294 1475 2315 uxor
1489 2291 1520 2316 et
1532 2285 1624 2316 mari-

962 2333 1157 2374 tuslegitime
1165 2333 1389 2375 jungebantur,
1400 2332 1481 2374 ignis
1491 2338 1624 2375 etaqua,

963 2381 1117 2418 adhiberi,
1146 2393 1216 2424 quae
1251 2382 1396 2423 utrinque
1434 2392 1564 2424 sponsus
1594 2389 1626 2415 et

960 2441 1040 2461 nova
1063 2436 1162 2472 nupta
1183 2430 1416 2471 contingerent:
1441 2430 1480 2460 ad
1501 2431 1620 2472 signifi-

961 2478 1107 2515 candum,
1119 2478 1213 2520 quod,
1226 2484 1261 2509 ut
1275 2478 1342 2509 haec
1356 2478 1512 2510 elementa
1526 2480 1622 2521 potis—

960 2538 1072 2559 simum
1087 2537 1124 2558 ac
1139 2538 1274 2559 maxime
1294 2527 1479 2564 necessaria,
1496 2527 1575 2560 inter
1588 2540 1620 2560 se

960 2576 992 2607 in
1020 2587 1184 2608 commune
1212 2581 1393 2618 tangerent:
1431 2576 1476 2608 ita
1501 2584 1621 2610 ceteras

959 2636 1083 2667 quoque
1120 2636 1168 2656 res
1212 2625 1402 2656 necessarias
1440 2636 1621 2659 communes

958 2680 1062 2705 essent
1077 2673 1225 2706 habituri.
1272 2674 1400 2705 Μιογι.
