1760 3172
168 185 225 225 70
493 163 496 167 ’
563 180 614 220 Ρ.
649 178 862 221 ovmss
899 178 1180 220 NASONIS

176 299 332 345 Fallet
356 304 406 344 et
430 295 674 344 humiduli
701 310 814 357 quae
841 293 926 341 fiet
951 295 1178 341 acumine
1205 293 1305 349 lini,

239 375 305 422 Et
329 374 453 422 feret
477 372 698 420 occultas
724 387 849 435 pura
869 371 1054 418 tabella
1078 379 1237 418 notas.

1467 374 1564 417 630

173 451 346 499 Adfuit
372 449 566 497 Acrisio
591 448 846 496 servandae
873 463 992 494 cura
1019 449 1227 512 puellae:

241 528 389 578 Hunc
415 535 582 575 tamen
614 526 698 573 illa
721 542 811 572 suo
838 525 1044 573 crimine
1069 525 1187 573 fecit
1211 540 1371 573 avum.

173 607 307 661 Quid
331 605 480 653 faciat
505 611 697 660 custos3
739 619 854 650 cum
879 603 978 650 sint
1002 610 1076 650 tot
1100 604 1149 650 in
1174 603 1296 650 urbe
1320 603 1542 650 theatra?

241 683 371 731 Cum
397 688 595 746 spectet
615 683 819 744 junctos
846 680 929 727 illa
954 681 1167 729 libenter
1190 679 1382 744 equos?

174 761 305 808 Cum
331 761 504 808 sedeat
528 758 723 805 Phariae
749 758 908 805 sistris
933 765 1138 822 operata
1156 759 1408 821 juvencae3
1467 759 1563 804 635

240 838 454 901 Quoque
479 837 555 883 sui
580 836 788 883 comites
814 836 882 883 ire
908 843 1154 891 vetentur,
1181 835 1296 882 eat?

174 916 305 963 Cum
329 914 469 977 fuget
494 929 521 961 e
546 913 746 976 templis
780 912 950 959 oculos
979 912 1122 960 Bona
1147 911 1276 959 Diva
1299 910 1529 965 virorum,

238 992 582 1055 Praeterquam
609 991 649 1037 si
675 1006 802 1054 quos
828 989 911 1037 illa
934 990 1101 1036 venire
1121 989 1294 1053 jubet:

175 1071 321 1125 Cum,
349 1068 557 1116 custode
582 1067 698 1114 foris
723 1066 917 1114 tunicas
945 1074 1172 1115 servante
1198 1052 1395 1130 puellae,

242 1146 422 1193 Celent
445 1144 649 1192 furtivos
674 1143 856 1191 balnea
880 1150 989 1190 tuta
1012 1143 1141 1190 viros
1161 1160 1169 1191 :

1469 1143 1566 1188 640

175 1225 322 1279 Cum,
350 1223 547 1287 quoties
573 1238 698 1286 opus
725 1229 817 1277 est,
844 1220 995 1268 fallax
1019 1227 1227 1284 aegrotet
1252 1219 1438 1275 amica;

241 1301 308 1349 Et
332 1302 479 1349 cedat
501 1301 631 1347 lecto
657 1298 935 1362 quamlibet
959 1314 1092 1360 aegra
1116 1314 1228 1344 suo:

215 1453 290 1484 629.
326 1452 425 1482 Fallet
455 1458 484 1482 et
514 1450 694 1490 humiduli]
736 1450 837 1480 Imeus

174 1504 240 1534 siue
258 1501 353 1533 dubio
376 1506 550 1542 corruptus.
597 1498 744 1530 Heinsius
763 1498 837 1529 olim

174 1552 360 1593 conjecerat,
374 1551 506 1580 αΙιιηιὶηε
522 1550 598 1579 nitri
607 1560 616 1585 ‚·
634 1548 687 1579 sed
700 1557 739 1578 an
754 1552 837 1578 recte

174 1601 307 1636 dicatur,
338 1601 459 1629 alumen
488 1600 566 1628 nitri
595 1596 714 1627 dubito.
747 1597 836 1632 sorte,

174 1650 326 1680 humiduli
341 1659 403 1689 ‹111ae
413 1648 472 1688 fiet
492 1647 626 1677 alumine
645 1647 720 1676 limi.
744 1645 838 1676 fiebat

173 1699 255 1729 enim
281 1697 407 1728 alumen
432 1707 470 1727 ex
498 1707 576 1735 aqua
601 1701 632 1726 et
663 1696 732 1725 limo
760 1700 837 1725 teste

175 1747 290 1783 Plinio,
311 1746 365 1777 lib.
385 1757 480 1777 xxxv.
499 1746 549 1776 12.
572 1750 603 1776 et
621 1744 762 1780 Vossius,
782 1744 836 1775 lib.

173 1799 194 1828 i.
217 1796 256 1828 de
272 1807 303 1827 re
319 1796 461 1827 Gramm.
477 1805 504 1825 c.
521 1794 573 1824 40.
591 1794 684 1824 docet
699 1793 836 1824 alumine

173 1851 205 1877 ct
239 1855 333 1876 succo
362 1843 521 1885 tithymali
558 1843 698 1874 occultas
729 1842 837 1874 literas

175 1893 279 1926 scribi.
295 1893 349 1925 sed
365 1893 453 1924 locus
468 1892 519 1923 hic
541 1892 718 1923 accuratius
732 1891 835 1922 adhuc

173 1942 408 1985 expendendus.
441 1946 669 1983 pentametrum
695 1951 767 1972 vero
797 1941 836 1972 de

173 1993 236 2024 alia
266 1991 395 2023 fallacia
423 1990 611 2032 capiendum
641 1996 728 2032 puto.
764 2000 836 2021 nam

175 2043 236 2074 huc
267 2052 366 2083 usque
396 2040 434 2071 de
464 2039 561 2071 literis
589 2040 621 2070 in
649 2039 759 2070 charta
787 2040 836 2070 vel

175 2091 355 2122 membrana
391 2089 498 2120 oculos
535 2088 726 2130 fugientibus
760 2089 835 2130 egit,

175 2140 258 2183 quod
281 2140 320 2171 de
344 2138 471 2170 tabellis
490 2139 601 2169 ceratis
624 2138 757 2180 intelligi
782 2149 835 2170 ne-

175 2189 254 2231 quit.
269 2198 375 2230 quare,
389 2187 449 2219 nisi
465 2189 575 2218 tabella
586 2187 679 2218 etiam
693 2187 731 2218 de
747 2187 836 2218 char-

174 2245 206 2270 ta
221 2238 372 2270 sumenda
389 2237 439 2273 sit,
455 2242 487 2268 et
507 2237 551 2267 ita
571 2237 753 2267 continuato
773 2247 836 2267 ser-

175 2298 265 2319 mone
279 2298 359 2327 pura
375 2287 485 2317 tabella
500 2286 550 2322 sit,
564 2296 633 2327 quae
648 2285 725 2316 1111111
741 2286 836 2329 scrip-

177 2344 242 2369 tum
268 2335 415 2372 ostendit,
445 2335 495 2366 hic
524 2335 595 2377 capi
619 2341 724 2377 posset
748 2336 835 2372 forte,

174 2398 253 2428 pura
274 2387 393 2421 tabella,
414 2395 468 2427 pro
489 2395 558 2415 rasa
576 2390 606 2415 et
627 2384 733 2426 plana,
750 2392 781 2416 et
805 2385 836 2415 in

176 2447 238 2477 qua
254 2434 330 2466 nihil
347 2434 417 2465 stilo
436 2439 597 2465 exaratum
614 2440 782 2475 appareat3
806 2441 837 2465 et

176 2486 252 2517 forte
275 2484 347 2515 talis
367 2484 491 2515 occulta
512 2483 590 2514 ratio
610 2483 767 2514 scribendi
788 2484 835 2514 in—

177 2535 292 2570 nuitur,
305 2535 430 2576 qualem
442 2533 586 2565 Justinus
601 2540 703 2564 narrat
720 2534 837 2565 Dema-

175 2590 277 2617 ratum
294 2583 486 2619 adhibuisse,
504 2582 559 2613 lib.
576 2583 608 2614 ii.
624 2593 694 2625 cap.
711 2595 740 2614 x.
756 2590 789 2614 ut
806 2583 836 2614 in

175 2634 261 2675 ligno
284 2633 380 2664 literae
402 2633 589 2668 scribantur,
605 2643 674 2674 qum
694 2643 762 2664 cera
783 2644 834 2664 su-

176 2684 361 2726 perinducta
385 2683 558 2715 deleantur.
585 2689 616 2715 et
639 2684 692 2715 lib.
718 2685 782 2716 xxi.
807 2686 837 2716 6.

177 2733 229 2765 ubi
248 2744 369 2764 vacuam
387 2744 484 2763 cerum
500 2740 602 2770 vocat,
614 2743 709 2774 quam
726 2734 839 2765 Noster

901 1460 1013 1488 purum
1051 1450 1199 1480 tabellam.
1232 1447 1290 1479 sed
1327 1446 1405 1478 nihil
1443 1446 1567 1478 definio.

905 1497 1021 1528 Bunm.

948 1549 1022 1579 635.
1049 1547 1124 1577 Cum
1138 1549 1237 1578 sedeat
1263 1548 1381 1577 Phariae
1395 1547 1487 1576 sacris
1502 1558 1566 1586 ope-

906 1608 969 1628 rosa
981 1600 1144 1637 juvencae5
1172 1597 1294 1638 Quoque
1312 1608 1371 1626 suae
1390 1598 1507 1626 comites
1525 1598 1568 1625 ire

906 1653 1048 1677 vetantur
1071 1646 1148 1687 eut]
1178 1646 1280 1676 Sistris
1303 1645 1410 1686 scripti
1435 1645 1568 1686 potiores

905 1706 978 1726 cum
999 1695 1099 1738 prima
1118 1695 1266 1726 editione.
1290 1704 1384 1736 quam
1400 1693 1565 1724 lectionem

906 1756 967 1777 non
990 1751 1037 1777 est
1057 1751 1092 1776 ut
1113 1745 1221 1776 multis
1240 1744 1410 1776 adstruam.
1432 1754 1503 1774 cum
1528 1743 1567 1774 de

905 1796 994 1827 sistro
1007 1794 1099 1825 Isidis
1111 1805 1158 1826 res
1170 1795 1210 1825 sit
1219 1794 1267 1825 vel
1282 1793 1385 1835 pueris
1397 1792 1567 1823 notissima.

903 1844 1049 1876 Tibullus
1064 1843 1102 1874 de
1117 1843 1225 1880 sistris,
1240 1843 1296 1873 lib.
1312 1843 1332 1872 i.
1348 1842 1436 1883 Eleg.
1453 1841 1496 1872 iii.
1513 1842 1565 1872 23.

950 1894 1032 1929 Quid
1062 1899 1117 1924 tua
1144 1904 1226 1923 nunc
1257 1892 1313 1922 Isis
1340 1892 1423 1928 mihi,
1455 1891 1566 1921 Delia?

1031 1944 1102 1983 quid
1114 1943 1187 1972 mihi
1201 1947 1324 1981 prosunt

997 1990 1059 2022 Illa
1076 1998 1128 2022 tua
1146 1992 1228 2021 toties
1241 2001 1300 2020 aeru
1316 1989 1434 2030 repulsa
1451 1990 1565 2018 manu?

1404 2039 1523 2069 Hfflxs.

906 2090 969 2121 Ubi
987 2089 1058 2120 vide
1080 2088 1322 2124 Broukliusium,
1347 2088 1401 2129 qui
1425 2087 1506 2118 sistri
1531 2088 1566 2118 fi-

903 2149 1012 2181 guram
1027 2139 1166 2170 exhibet.

948 2189 1022 2220 636.
1048 2188 1171 2228 Quoque
1189 2199 1247 2218 suae
1266 2189 1382 2218 comites
1398 2188 1442 2218 ire
1451 2188 1566 2226 juben-

904 2245 966 2273 tur,
991 2238 1067 2278 ean]
1103 2237 1240 2273 Merula,
1270 2247 1328 2268 succ
1352 2238 1480 2271 cornites,
1506 2235 1564 2266 hoc

904 2294 961 2323 est,
976 2287 1087 2329 inquit,
1106 2286 1175 2317 aliae
1191 2292 1351 2317 matronae.
1380 2285 1441 2316 Sed
1457 2284 1567 2316 melior

903 2335 996 2367 lectio
1032 2335 1155 2366 videtur
1186 2345 1303 2370 eorum,
1342 2334 1395 2375 qui
1432 2334 1541 2375 legunt
1557 2345 1564 2363 ι

907 2386 1028 2426 Quoque
1043 2387 1088 2416 sui
1104 2387 1220 2416 comites
1235 2387 1278 2415 ire
1295 2390 1446 2420 vetantur,
1457 2390 1516 2414 eat.
1531 2389 1564 2414 ut

904 2435 958 2465 Sui
978 2437 1105 2470 comites,
1129 2433 1168 2465 de
1190 2433 1382 2468 custodibus,
1402 2433 1456 2474 qui
1477 2432 1564 2462 illam

904 2485 1092 2515 comitantur
1107 2490 1138 2514 et
1152 2484 1329 2518 observant,
1349 2481 1543 2523 intelligatur
1556 2493 1563 2510 ;

905 2535 957 2575 qui
973 2545 1044 2565 cum
1060 2533 1121 2563 sint
1140 2543 1250 2567 mareS,
1267 2532 1306 2563 ad
1320 2542 1409 2563 sacra
1425 2531 1517 2562 Isidis
1534 2536 1566 2561 et

906 2584 1000 2614 Bonze
1028 2584 1105 2613 Deae
1128 2582 1212 2612 haud
1238 2591 1397 2622 quaquam
1412 2579 1565 2611 intromit-

904 2639 1020 2664 tuntur.
1066 2632 1191 2662 Mrtwr„

948 2684 1024 2713 642.
1049 2682 1147 2712 Tollac
1167 2688 1195 2711 et
1220 2682 1252 2710 in
1275 2681 1385 2710 tectam
1408 2680 1563 2719 quemlibet

906 2734 959 2762 illu
985 2731 1100 2771 suarm]
1128 2729 1247 2761 Aldina
1271 2728 1366 2760 editio
1392 2728 1497 2764 habet,
1524 2726 1565 2758 Et
