1760 3172
395 172 705 215 TRISTIUM
738 171 860 213 LIB.
893 172 932 212 Ι.
967 172 1148 214 ELEG.
1182 173 1274 214 III.

1452 173 1535 215 155

142 287 450 350 Coelestique
473 289 593 343 viro,
622 286 735 350 quis
760 302 840 334 me
865 287 1124 351 deceperit
1148 304 1296 343 error,

211 364 407 422 Dicite3
449 381 538 428 pro
563 365 712 428 culpa
736 381 798 411 ne
824 364 988 411 scelus
1014 380 1125 411 esse
1151 371 1308 427 putet.

143 440 231 498 Ut,
258 441 394 503 quod
417 457 504 489 vos
530 441 685 496 scitis,
713 456 872 503 poenae
899 456 1103 503 quoque
1129 441 1312 488 sentiat
1336 448 1533 489 auctor:

209 516 418 564 Placato
443 533 650 581 possum
674 533 773 564 non
797 516 947 563 miser
972 533 1083 564 esse
1110 517 1236 564 Deo.

1472 522 1537 565 40

141 593 253 641 Hac
278 611 427 658 prece
452 594 654 642 adoravi
681 594 903 657 Superos
929 610 1051 655 ego3
1091 594 1319 657 pluribus
1344 611 1485 650 uxor,

210 672 446 735 Singultu
470 673 662 720 medios
688 672 1030 736 praepediente
1057 687 1221 718 sonos.

140 749 234 797 Illa
258 750 425 805 etiam,
453 758 567 798 ante
594 751 745 798 Lares
771 748 933 812 passis
960 755 1210 811 prostrata
1235 749 1446 812 capillis,

209 826 436 888 Contigit
460 827 738 873 exstinctos
764 841 848 873 ore
874 832 1118 872 tremente
1143 824 1279 871 focos
1306 842 1315 872 :

138 901 404 966 Multaque
428 903 479 950 in
504 920 701 951 aversos
727 903 902 951 effudit
924 903 1076 950 verba
1100 902 1337 957 Penates,

1466 907 1530 950 45

205 978 304 1026 Pro
328 980 586 1043 deplorato
611 996 710 1026 non
734 979 946 1026 valitura
968 979 1088 1025 viro.

140 1054 359 1120 Jamque
383 1073 533 1104 morae
560 1057 776 1121 spatium
802 1073 902 1103 nox
928 1055 1242 1120 praecipitata
1267 1057 1501 1118 negabat,

205 1132 466 1196 Versaque
492 1135 554 1180 ab
577 1150 675 1189 axe*
697 1149 786 1179 suo
807 1132 1068 1180 Parrhasis
1095 1132 1275 1180 Arctos
1301 1141 1422 1180 erat.

183 1293 236 1324 37.
262 1293 486 1335 Coeleszivi1-0.]
513 1295 677 1336 Augusto:
704 1294 759 1336 qui
775 1300 806 1325 et

138 1341 228 1374 vivus
243 1349 275 1375 et
287 1348 427 1375 mortuus
441 1343 563 1375 divinos
578 1344 691 1374 meruit
706 1344 803 1374 bono-

138 1401 201 1422 res.

182 1441 234 1472 39.
257 1440 363 1472 Variae
391 1446 465 1472 sunt
491 1442 678 1484 conjecturae
704 1441 805 1472 varia-

139 1500 200 1531 que
216 1490 309 1532 hujus
324 1501 431 1522 versus
442 1490 548 1522 lectio.
572 1492 672 1522 Vetus
685 1491 736 1522 ed.
765 1491 794 1521 U
795 1498 805 1521 t

138 1549 186 1569 vos
195 1541 322 1575 sentitis,
331 1550 424 1579 poenae
436 1551 548 1580 quoque
562 1542 671 1570 sentiat
687 1547 804 1571 auctor.

139 1594 171 1619 et
183 1588 310 1619 Merula
323 1599 414 1628 poenae
429 1595 537 1619 auctor
551 1590 632 1620 bene
648 1589 802 1630 explicat:

139 1637 315 1679 Augustus,
353 1643 462 1668 auctor
498 1638 611 1669 exsilii.
655 1638 805 1669 Heinsius

137 1686 275 1728 conjicit.
313 1686 365 1723 Ut,
381 1689 457 1727 quod
484 1698 530 1718 vos
548 1689 630 1718 scitis
645 1687 707 1729 (ita
721 1687 805 1718 enim

136 1735 277 1778 plerique
292 1735 430 1777 veteres)
443 1748 536 1776 poenae
557 1748 670 1778 quoque
691 1739 716 1767 si
730 1739 805 1767 sciat

136 1791 254 1822 auctor,
272 1785 399 1816 Placato
416 1788 636 1825 possim—aut,
658 1786 710 1822 Ut,
727 1788 805 1827 quod

137 1846 186 1866 vos
207 1837 299 1872 scitis,
311 1846 404 1875 poenae
427 1847 540 1876 quoque
559 1838 667 1867 resciat
685 1843 804 1867 auctor.

138 1884 314 1915 Burmann.
339 1895 430 1915 vero:
465 1884 564 1925 thue
585 1897 619 1916 ea
644 1897 691 1916 vos
711 1887 803 1922 scitis,

133 1944 227 1973 paenae
248 1944 285 1964 ne
304 1935 418 1964 ‘nesciat
435 1940 553 1964 auctor.
598 1935 716 1965 Forsan
732 1945 804 1965 vero

137 1991 207 2012 voc.
228 1993 320 2022 poenae
342 1981 536 2023 adscriptum
551 1982 611 2013 fuit
631 1982 664 2013 in
679 1993 733 2013 ora
749 1994 803 2014 eu-

133 2030 262 2073 jusdam
273 2030 390 2062 codicis
399 2031 439 2062 ad
450 2031 738 2073 interpretationem
746 2035 803 2063 τοῦ

135 2086 253 2116 auctor,
270 2085 302 2111 et
315 2079 466 2122 deinceps
487 2081 621 2111 mutavit
642 2081 804 2123 antiquam

135 2128 313 2166 lectionem,
329 2139 399 2170 quae
423 2129 501 2160 forte
524 2130 593 2160 fuit.
636 2130 688 2166 Ut,
713 2131 761 2171 (h.
775 2142 803 2161 e.

137 2177 299 2219 quamvis)
322 2181 400 2219 quod
422 2190 470 2210 vos
484 2181 576 2215 scitis,
594 2179 671 2210 dure
690 2192 802 2220 quoque

136 2229 258 2264 sentiat,
275 2229 351 2268 (aut
364 2227 501 2268 censeat)
517 2235 634 2259 auctor.
681 2230 802 2266 Quam-

137 2287 233 2318 quam
248 2276 410 2318 Augustus
420 2277 533 2308 durum
547 2277 586 2308 de
602 2289 652 2309 me
669 2278 740 2309 tulit
753 2279 802 2320 ju-

137 2324 265 2361 dicium,
277 2330 394 2362 tamen,
409 2326 464 2356 illo
478 2326 614 2368 placato,
627 2327 720 2358 miser
734 2338 801 2359 esse

138 2384 199 2404 non
213 2376 350 2415 possum.
395 2375 544 2406 HAnmis.

181 2424 234 2453 42.
258 2422 405 2465 Singultu
424 2426 532 2455 medios
542 2427 744 2464 praepediente
758 2438 802 2457 sa-

137 2472 214 2512 uas.]
245 2471 408 2512 Lacrymis
421 2473 516 2504 verba
536 2473 799 2515 impedientibus:

137 2522 182 2553 sic
196 2521 229 2552 in
243 2521 338 2552 Rem.
352 2521 426 2552 Am.
442 2533 522 2553 vers.
538 2523 600 2553 598
613 2535 622 2553 .-

180 2571 342 2610 Ruptaque
376 2573 517 2612 singultu
552 2574 640 2603 verba
677 2574 803 2605 dolentis

266 2625 364 2649 erant.

136 2667 298 2698 ——Medios
319 2679 410 2699 sonos.
434 2669 545 2701 Media
566 2676 600 2701 et
618 2669 803 2713 imperfecta

137 2716 242 2748 verba.
288 2717 406 2748 Hrzrxs.

918 1294 970 1323 44.
996 1293 1282 1335 Exstinctosjbcos]
1310 1293 1449 1330 Quidam
1463 1295 1538 1325 scri-

872 1342 918 1385 pti
945 1353 1018 1373 cum
1047 1343 1139 1373 editis
1167 1343 1327 1374 nonnullis
1361 1351 1541 1375 exstructos:

872 1400 997 1424 ‹rternos
1006 1393 1123 1435 primus
1133 1393 1238 1424 Vatic.
1263 1399 1294 1424 et
1306 1404 1359 1424 sex
1373 1394 1443 1432 alii3
1460 1405 1542 1426 unus

874 1442 980 1473 Vatic.
1004 1449 1153 1473 externos:
1177 1442 1248 1484 lege
1264 1444 1422 1474 hesternos.
1447 1443 1537 1485 Virg.

873 1491 938 1522 viii.
956 1503 1034 1523 vers.
1051 1493 1113 1523 542
1127 1504 1133 1521 ε

875 1541 1056 1581 Etprimum
1065 1541 1338 1580 Herculeissopitas
1348 1543 1541 1583 ignibusaras

874 1590 1009 1627 Excitat,
1026 1591 1254 1631 hesternumque
1269 1591 1396 1621 Larem:
1416 1603 1540 1631 parvos-

958 1651 1012 1680 que
1029 1640 1158 1671 Penates

873 1689 975 1720 Laetus
986 1691 1024 1720 ad
1028 1691 1061 1719 it.

873 1738 1075 1779 Quamquam
1108 1738 1141 1768 in
1170 1737 1329 1768 nonnullis
1362 1738 1535 1770 vetustissi-

873 1787 931 1817 mis
969 1787 1055 1818 libris
1086 1794 1298 1827 externumque
1330 1787 1439 1818 Larem
1472 1788 1539 1820 illic

870 1835 995 1877 legitur,
1012 1847 1107 1878 quam
1122 1837 1309 1878 scripturam
1325 1837 1454 1867 damnat
1469 1838 1539 1868 Ser-

872 1884 951 1921 vius,
962 1891 993 1916 et
1005 1886 1173 1916 hesternum
1188 1885 1298 1916 Larem
1310 1885 1539 1927 interpretatur

871 1936 1030 1974 cuipridie
1040 1936 1283 1975 sacrificaverat,-
1299 1934 1354 1965 sed
1363 1941 1395 1966 et
1402 1937 1540 1966 exstincti

867 1983 931 2022 foci
946 1990 1029 2015 recte
1044 1995 1077 2015 se
1094 1984 1221 2020 habent,
1237 1994 1312 2014 nam
1334 1986 1414 2025 ‘iguis
1429 1986 1539 2014 exstin-

870 2035 1020 2074 guebatur
1035 2034 1067 2064 in
1083 2033 1228 2064 exsilium
1243 2033 1343 2064 ituris.
1367 2034 1541 2065 Vossianus

871 2084 1019 2122 antiquos,
1035 2088 1070 2113 ut
1085 2083 1140 2113 lib.
1155 2082 1197 2113 iv.
1214 2083 1387 2118 Fastorum,
1405 2084 1487 2113 410:

917 2132 1004 2162 Detis
1018 2139 1047 2163 et
1063 2135 1093 2163 in
1108 2139 1216 2163 veteres
1233 2139 1263 2162 tu
1271 2143 1318 2163 reu
1335 2133 1539 2173 grauafocos.

873 2180 992 2212 Hfirxs.

917 2231 968 2261 45.
994 2230 1033 2260 In
1048 2232 1182 2261 adversos
1202 2230 1310 2272 effudit
1337 2232 1420 2260 rerba
1441 2231 1542 2261 Peuci-

871 2280 940 2320 tes.]
967 2280 1073 2310 Scribe
1090 2281 1119 2309 iu
1137 2291 1261 2310 arei-sos.
1306 2279 1465 2315 Horatius,
1484 2279 1539 2310 lib.

870 2328 914 2359 iii.
932 2329 994 2359 Od.
1016 2329 1113 2359 xxxiii
1129 2341 1135 2358 :

915 2378 1046 2409 Mollibit
1063 2389 1178 2408 aversos
1195 2378 1324 2408 Penates

914 2428 1012 2458 Farre
1022 2430 1072 2467 pio
1087 2434 1115 2458 et
1128 2430 1254 2458 saliente
1271 2429 1358 2457 mica.
1399 2427 1517 2458 Hfflxs.

871 2476 1005 2517 Effudit.
1040 2476 1125 2513 Quia
1140 2476 1219 2506 nihil
1241 2475 1385 2516 profecit,
1400 2475 1542 2507 adversis

869 2531 900 2555 et
917 2525 1032 2556 aversis
1050 2525 1233 2555 Penatibus.
1257 2524 1360 2554 Poxr.

913 2575 965 2604 48.
994 2574 1140 2613 Versaque
1153 2574 1199 2608 ab,
1211 2572 1287 2612 &c.]
1315 2572 1467 2603 Auroram
1485 2573 1540 2604 de-

870 2622 983 2663 signat,
1000 2632 1062 2663 qua
1077 2622 1257 2652 Plaustrum
1273 2621 1402 2652 coeleste
1427 2621 1459 2652 in
1479 2622 1539 2653 ori-

869 2677 974 2702 entem
991 2676 1132 2701 vertitur.

905 2720 1063 2749 Parrhasis
1072 2718 1204 2758 Arctos]
1225 2717 1327 2749 Hodie
1337 2718 1418 2749 Ursa
1431 2718 1540 2759 major.
