1760 3172
343 187 653 233 TRISTIUM
686 187 807 229 LIB.
842 186 906 228 11.
938 186 1032 227 ΕΙ..
1066 184 1287 227 UNICA.

1432 186 1517 227 189

124 305 240 355 Non
265 311 353 353 tua
376 303 680 353 carminibus
705 303 861 366 major
883 301 940 348 fit
965 301 1137 364 gloria,
1164 317 1256 347 nec
1283 316 1400 363 quo,

192 382 264 430 Ut
287 383 443 445 major
466 381 569 436 fiat,
597 395 823 427 crescere
848 378 1022 442 possit,
1049 378 1218 424 habet.

126 459 280 507 Fama
303 458 440 505 Jovis
469 473 619 521 super
644 462 750 512 est;
791 462 959 502 tamen
990 454 1122 500 hunc
1151 468 1243 499 sua
1275 452 1406 500 facta
1440 468 1515 499 re—

192 535 259 583 Et
284 552 338 583 se
362 534 624 582 materiam
650 531 882 580 carminis
909 547 1036 586 esse,
1059 530 1230 592 juvat:

1363 529 1514 590 [ferri,

126 612 398 674 Quumque
425 609 662 672 Gigantei
688 613 1026 656 memorantur
1050 605 1223 670 praelia
1247 605 1382 661 belli,
1455 609 1512 652 71

194 687 448 735 Credibile
474 694 553 733 est
576 687 748 732 laetum
773 684 1006 731 laudibus
1033 699 1144 730 esse
1170 682 1290 729 suis.

126 764 198 813 Te
223 765 480 812 celebrant
503 763 585 810 alii
611 769 800 826 quanto
826 763 974 809 decet
997 777 1098 816 ore,
1125 768 1340 823 tuasque

194 841 403 904 Ingenio
427 841 601 888 laudes
627 840 855 887 uberiore
881 846 1082 886 canunt.

130 918 231 965 Sed
250 924 436 973 tamen,
459 923 515 964 ut
531 916 642 963 fuso
661 923 916 963 taurorum
938 915 1178 978 sanguine
1199 921 1417 970 centum,
1457 918 1521 962 75

196 995 280 1042 Sic
306 995 501 1058 capitur
525 994 729 1041 minimo
754 993 877 1040 turis
902 994 1087 1040 honore
1115 992 1272 1040 Deus.

128 1071 209 1118 Ah
232 1071 382 1127 ferm,
409 1077 461 1118 et
485 1071 629 1118 nobis
656 1070 862 1117 nimium
888 1070 1157 1118 crudeliter
1181 1070 1356 1125 hostis,

197 1147 417 1195 Delicias
444 1147 566 1210 legit
593 1147 679 1210 qui
704 1146 795 1194 tibi
821 1163 1038 1210 cumque
1064 1147 1228 1194 meas!

132 1224 367 1274 Carmina
390 1241 452 1273 ne
478 1225 659 1272 nostris
685 1225 755 1271 sic
782 1231 832 1272 te
857 1224 1146 1272 venerantia
1169 1224 1307 1271 libris

195 1301 225 1349 J
230 1302 398 1350 udicio
423 1302 620 1366 possint
643 1302 931 1350 candidiore
956 1302 1070 1364 legi.

1462 1305 1526 1348 80

133 1377 259 1427 Esse
286 1379 376 1427 sed
402 1378 525 1426 irato
551 1379 664 1441 quis
690 1386 741 1426 te
766 1379 886 1425 mihi
911 1385 1085 1442 posset
1110 1378 1333 1425 amicus?

196 1455 297 1502 Vix
322 1462 443 1502 tunc
469 1455 577 1519 ipse
603 1456 722 1502 mihi
748 1472 847 1502 non
873 1455 1103 1502 inimicus
1129 1471 1281 1503 eram.

133 1531 300 1587 Quum
326 1532 478 1596 coepit
502 1539 741 1596 quassata
765 1533 942 1581 domus
968 1533 1245 1588 subsidere,
1268 1539 1436 1595 partes

200 1608 260 1656 In
286 1610 589 1673 proclinatas
615 1626 761 1658 omne
787 1611 1033 1658 recumbit
1058 1627 1210 1658 onus:

136 1685 452 1749 Cunctaque,
470 1686 669 1735 fortuna
686 1688 860 1736 rimam
881 1688 1112 1744 faciente,
1131 1688 1421 1745 dehiscunt3
1464 1690 1528 1734 85

204 1762 324 1827 Ipsa
348 1780 438 1811 suo
464 1765 716 1828 quondam
742 1766 961 1830 pondere
986 1772 1121 1813 tecta
1145 1772 1312 1812 ruunt.

177 1938 230 1971 69.
254 1939 349 1971 Fama
364 1940 447 1972 Jovis
461 1943 620 1984 superest]
648 1943 798 1975 Heinsius

135 1994 227 2026 errat,
236 1989 290 2030 qui
298 1996 388 2032 putat
400 1990 600 2022 scribendum
611 2003 689 2029 esse,
704 1993 798 2024 Fama

135 2038 206 2069 Jovz'
216 2050 274 2078 pavr
291 2045 351 2076 est3
371 2039 447 2081 quia
461 2050 533 2071 cum
547 2042 626 2073 Jove
640 2042 798 2073 Caesarem

136 2087 257 2118 confert
277 2098 339 2119 non
359 2099 448 2120 raro:
474 2095 508 2120 ut
524 2091 619 2132 paulo
642 2097 713 2122 ante
732 2092 800 2133 jam

136 2135 250 2177 partim
279 2136 414 2168 vidimus
426 2150 434 2176 ;
460 2144 492 2169 et
520 2138 621 2171 simile
650 2140 799 2171 mendum

138 2185 241 2216 Gratii
262 2186 387 2217 codices
407 2187 533 2225 insedit,
554 2189 608 2219 ubi
630 2190 799 2230 legendum

141 2234 197 2264 Vix
208 2237 291 2265 oneri
303 2246 361 2275 par
374 2237 430 2266 illa
445 2247 496 2267 suo
513 2248 567 2279 pro
583 2249 672 2278 super
681 2250 690 2275 ,-
717 2239 800 2281 apud

137 2284 215 2315 Stat.
230 2284 270 2315 de
285 2284 527 2322 Thiodamante,
543 2287 609 2319 viii.
624 2289 699 2319 285.

181 2333 273 2374 Seque
288 2337 372 2365 oneri
387 2342 477 2377 negat
492 2347 549 2367 esse
562 2349 686 2377 parem5

139 2382 213 2414 Val.
230 2383 278 2414 Fl.
291 2383 315 2414 i.
335 2385 406 2416 llo.
418 2396 465 2427 sq.
478 2385 517 2417 de
530 2387 633 2427 Hyla:

178 2431 255 2463 Velit
269 2433 322 2463 ille
333 2435 463 2473 quidem,
474 2437 523 2466 sed
538 2438 659 2467 dextera
672 2438 805 2467 ‘tondum

176 2480 241 2510 Par
254 2484 349 2518 oneri,
364 2484 511 2524 clavaeque
526 2496 629 2524 capam.

140 2529 230 2560 Nihil
252 2530 366 2562 clarius
381 2543 388 2561 ι
416 2532 510 2563 Fama
534 2533 618 2564 Jovis
645 2541 685 2565 est
711 2545 803 2574 supra

139 2588 267 2616 omnes;
292 2584 397 2610 tamen
410 2580 533 2612 laudari
546 2582 613 2624 ipse
629 2582 759 2623 gaudet.

184 2628 236 2658 73.
270 2628 309 2659 Te
337 2630 488 2661 celebrant
518 2633 604 2673 alii.]
640 2633 804 2663 Maronem

140 2676 280 2718 inprimis
296 2677 452 2719 designat.
499 2680 594 2711 Man.

185 2726 236 2758 78.
254 2726 387 2758 Delicias
402 2727 506 2769 meas]
523 2729 583 2760 Vel
599 2730 693 2761 libros
709 2731 803 2761 Amo-

864 1954 942 1980 rum,
959 1944 1008 1975 vel
1028 1950 1111 1976 certe
1137 1942 1288 1973 amatoria
1309 1947 1467 1984 praecepta
1482 1942 1531 1973 in-

864 1994 984 2035 tellige.

908 2055 959 2074 vv.
983 2044 1035 2079 79,
1055 2044 1107 2073 80.
1132 2041 1281 2072 Heinsius
1299 2042 1358 2071 hoc
1374 2041 1530 2071 distichon

865 2093 945 2124 inter
962 2093 1067 2135 spuria
1087 2097 1254 2122 numerat:
1280 2092 1388 2121 Burm.
1410 2096 1531 2126 contra,

867 2142 1015 2184 quoniam
1031 2153 1143 2182 quoque
1159 2148 1186 2171 te
1210 2152 1273 2171 ven.
1288 2140 1389 2182 prima
1408 2139 1484 2170 edit.
1500 2145 1532 2169 et

868 2197 929 2222 tres
953 2190 1044 2222 codd.
1068 2201 1104 2221 ac
1129 2189 1255 2232 plurimi
1275 2201 1331 2230 quo
1350 2195 1396 2219 te.-
1420 2191 1534 2219 indicio

869 2246 974 2274 autern
995 2251 1102 2271 omnes
1123 2240 1186 2269 fere
1209 2239 1337 2274 habent,
1362 2237 1532 2279 legendum

869 2289 1056 2331 suspicatur.
1090 2288 1234 2318 Carmina
1250 2290 1284 2318 de
1301 2289 1407 2317 nostris
1422 2298 1534 2326 quaque

871 2345 899 2369 te
914 2340 1090 2369 venerantia
1107 2339 1190 2368 libris
1202 2337 1319 2367 Indicio
1330 2343 1444 2376 possent
1460 2348 1533 2366 can-

870 2390 987 2419 didiore
1007 2388 1075 2429 legi.
1095 2387 1127 2418 h.
1143 2398 1171 2418 e.
1193 2387 1277 2417 ferus
1297 2386 1361 2421 ille,
1383 2386 1436 2427 qui
1456 2385 1534 2426 legit

870 2437 966 2468 libros
982 2437 1057 2467 artis
1075 2436 1244 2472 amatoriae,
1260 2442 1291 2466 et
1310 2435 1464 2477 excerpsit
1485 2446 1533 2470 ea,

859 2479 941 2527 ‘quae
965 2492 995 2516 te
1014 2486 1172 2517 offendere
1196 2491 1334 2527 possent,
1360 2484 1535 2526 potuissent

871 2535 1050 2566 candidiore
1079 2534 1196 2566 indicio
1226 2545 1263 2565 ea
1292 2534 1430 2564 carmina
1459 2533 1533 2574 legi,

871 2584 891 2615 i.
908 2595 935 2615 e.
950 2584 1035 2626 eligi,
1048 2595 1119 2626 quae
1133 2585 1385 2625 praelegerentur,
1399 2583 1438 2613 de
1449 2583 1536 2614 libris

872 2633 993 2669 nostris,
1010 2644 1079 2674 quae
1097 2638 1128 2663 te
1144 2638 1341 2663 venerantur.
1385 2632 1535 2663 Hmns.

917 2694 966 2712 vv.
984 2684 1036 2718 85,
1050 2683 1102 2713 86.
1127 2682 1193 2712 Hos
1216 2682 1311 2712 etiam
1337 2691 1443 2712 versus
1469 2693 1536 2711 sus-

873 2737 980 2772 pectos
1000 2730 1057 2761 sibi
1074 2741 1151 2766 esse,
1167 2736 1199 2761 et
1214 2730 1429 2772 repetitionem
1445 2741 1537 2771 supe-
