1760 3172
232 161 317 203 486
620 158 671 199 Ρ.
704 155 915 199 OVIDII
950 154 1229 197 NASONIS

235 276 450 324 Nomine
475 290 572 321 non
597 280 723 328 utar,
751 288 813 319 ne
837 270 1186 318 commendere
1212 269 1430 332 querela,

301 353 663 414 Quaeraturque
690 350 780 397 tibi
806 349 1024 397 carmine
1047 347 1179 396 fama
1201 363 1328 394 meo.

237 431 370 477 Dum
397 445 508 476 mea
531 427 714 492 puppis
740 433 846 474 erat
868 426 1031 473 valida
1053 424 1259 472 fundata
1278 423 1460 477 carina,
1589 423 1618 467 5

302 507 399 562 Qui
420 522 617 554 mecum
641 505 794 553 velles
820 519 1032 558 currere,
1057 503 1245 566 primus
1271 517 1396 549 eras.

236 584 401 640 Nunc,
428 584 546 646 quia
569 581 819 630 contraxit
840 581 1030 628 vultum
1055 579 1266 635 fortuna,
1293 576 1502 631 recedis,

302 660 505 708 Auxilio
529 665 798 724 postquam
823 656 921 705 scis
947 673 1073 720 opus
1099 672 1209 703 esse
1233 663 1336 702 tuo.

237 738 537 785 Dissimulas
563 736 730 792 etiam,
757 751 849 783 nec
875 750 955 782 me
979 733 1052 781 vis
1078 750 1224 781 nosse
1249 731 1420 786 videri,

304 815 506 879 Quique
532 815 612 870 sit,
641 814 809 861 audito
834 813 1048 867 nomine,
1077 810 1230 866 Naso,
1259 825 1419 872 rogas.
1564 810 1621 853 10

236 893 329 940 Ille
354 909 446 955 ego
473 909 598 948 sum,
617 906 906 955 quanquam
931 905 1029 936 non
1043 888 1116 935 vis
1142 887 1327 942 audire,
1353 892 1549 934 vetusta

303 970 457 1017 Paene
482 985 606 1033 puer
631 984 785 1032 puero
805 969 1010 1031 junctus
1036 965 1285 1013 amicitia:

237 1047 329 1096 Ille
354 1063 462 1109 ego,
490 1046 576 1109 qui
602 1046 789 1110 primus
814 1053 902 1092 tua
926 1045 1054 1092 seria
1076 1059 1224 1091 nosse
1249 1042 1487 1097 solebam,

303 1123 403 1179 Qui
426 1123 517 1170 tibi
537 1122 773 1186 jucundis
798 1122 987 1185 primus
1013 1121 1190 1168 adesse
1209 1120 1366 1183 jocis:

237 1200 329 1248 Ille
355 1217 447 1263 ego
471 1199 739 1255 convictor,
767 1199 1026 1261 densoque
1052 1196 1358 1245 domesticus
1384 1212 1506 1253 usu;
1565 1198 1622 1242 15

304 1277 397 1325 Ille
422 1292 515 1340 ego
535 1275 737 1340 judiciis
763 1275 910 1322 unica
934 1273 1084 1322 Musa
1107 1273 1223 1322 tuis.

237 1355 380 1403 Idem
405 1370 499 1417 ego
524 1369 651 1409 sum,
673 1353 759 1416 qui
781 1367 911 1399 nunc
932 1368 994 1399 an
1009 1351 1187 1408 vivam,
1204 1351 1409 1416 perfide,
1428 1350 1590 1398 nescis
1609 1368 1619 1407 ;

304 1432 440 1479 Cura
463 1431 554 1478 tibi
579 1430 642 1478 de
667 1446 767 1494 quo
794 1445 1017 1492 quaerere
1043 1430 1180 1477 nulla
1202 1429 1312 1477 fuit.

238 1510 353 1558 Sive
376 1509 446 1556 fui
471 1524 727 1572 nunquam
753 1523 912 1564 carus,
942 1507 1204 1555 simulasse
1228 1506 1425 1554 fateris:

305 1588 408 1635 Seu
432 1603 530 1634 non
553 1586 794 1649 fingebaS,
817 1585 1066 1634 inveniere
1089 1585 1228 1633 levis.
1561 1587 1626 1629 20

239 1665 350 1722 Dic,
378 1681 486 1728 age,
513 1664 594 1712 dic
619 1664 854 1728 aliquam,
882 1679 994 1727 quae
1022 1670 1072 1710 te
1096 1661 1374 1717 mutaverit,
1402 1661 1552 1709 iram:

307 1741 439 1790 Nam
464 1741 558 1789 nisi
577 1743 716 1804 justa
739 1748 826 1788 tua
850 1747 941 1797 est,
963 1741 1100 1804 justa
1124 1740 1329 1803 querela
1351 1754 1464 1787 mea
1487 1746 1581 1785 est.

241 1821 365 1876 Quae
390 1827 440 1868 te
464 1819 776 1868 consimilem
796 1836 874 1867 res
896 1835 1027 1865 nunc
1051 1824 1187 1865 vetat
1210 1833 1321 1864 esse
1347 1816 1529 1880 priori?

305 1898 386 1945 An
411 1898 614 1953 crimen,
641 1897 770 1961 coepi
795 1897 930 1961 quod
955 1895 1105 1943 miser
1129 1911 1256 1951 esse,
1282 1894 1465 1941 vocas?

242 1976 296 2023 Si
318 1975 439 2025 mihi
464 1976 612 2023 rebus
637 1990 784 2039 opem
808 1975 996 2021 nullam
1020 1973 1263 2035 factisque
1289 1971 1498 2027 ferebas,
1561 1975 1625 2019 25

306 2051 542 2100 Venisset
565 2052 728 2100 verbis
748 2051 919 2099 charta
943 2056 1113 2098 notata
1138 2049 1311 2097 tribus.

288 2276 337 2306 10.
355 2275 486 2316 Quisque
502 2275 573 2316 sit.]
600 2274 700 2306 Recte
716 2275 829 2306 Bavar.
846 2275 901 2305 Er·
971 2274 1058 2306 Ordo
1073 2279 1120 2305 est
1134 2285 1140 2303 :
1166 2273 1194 2303 Ο
1218 2271 1345 2314 perfide,
1361 2271 1415 2313 qui
1430 2281 1513 2302 nune
1530 2272 1630 2303 nescis

243 2324 316 2355 furt.
340 2324 514 2355 Burmann.
540 2334 634 2366 quem
655 2323 747 2356 vide:
771 2330 820 2356 est
842 2325 902 2355 for·
971 2335 1011 2355 an
1026 2323 1141 2360 vivam,
1157 2333 1215 2364 ego
1236 2332 1304 2353 sum
1322 2321 1386 2358 ille,
1401 2321 1440 2352 de
1459 2332 1520 2363 quo
1541 2322 1629 2352 nulla

242 2373 328 2403 mula
350 2373 532 2404 contemtim
560 2372 721 2414 loquendi,
743 2379 903 2415 tamquam
971 2384 1046 2404 cura
1061 2373 1119 2404 suit
1134 2372 1191 2403 tibi
1207 2381 1358 2413 quaerere.

243 2422 282 2453 de
296 2422 429 2453 obscuro
443 2427 475 2452 et
490 2421 543 2453 vili
560 2421 697 2453 homine.
733 2423 881 2454 HARLES.
1014 2423 1067 2453 22.
1084 2422 1248 2462 Nisij2tsta
1265 2428 1317 2452 tua
1332 2420 1399 2460 est.]
1417 2419 1486 2449 Nisi
1502 2420 1629 2461 querela

289 2472 338 2502 15.
356 2471 453 2502 Denso
470 2471 552 2512 usu.]
580 2471 750 2513 Frequenti
773 2482 901 2503 consue·
971 2477 1026 2504 tua
1048 2471 1193 2502 habuerit
1211 2470 1328 2512 justam
1351 2479 1473 2500 mecum
1497 2479 1627 2499 succen-

243 2520 364 2551 tudine.
970 2521 1057 2552 sendi
1073 2531 1211 2552 causam.
1248 2520 1375 2554 Querela
1390 2530 1466 2549 meu.
1492 2518 1568 2548 Mea
1583 2519 1627 2549 la-

291 2570 339 2600 16.
358 2570 429 2600 Tuis
440 2570 601 2610 judiciis]
626 2569 710 2607 Quia
731 2571 775 2601 ita
795 2570 834 2601 de
853 2581 902 2601 me
969 2570 1120 2601 mentatio
1131 2570 1170 2600 de
1185 2574 1226 2605 te,
1240 2568 1323 2610 quod
1338 2579 1387 2599 me
1403 2567 1584 2598 deserueris.

241 2618 419 2660 judicabas.
470 2619 567 2650 Unica
590 2619 688 2650 Musa.
721 2620 811 2651 Solus
831 2631 902 2662 poe·
1012 2621 1067 2651 26.
1096 2620 1223 2650 Venisset
1246 2620 1341 2649 verbis
1363 2619 1469 2648 charta
1494 2617 1624 2656 notram]

244 2668 313 2699 ticae
330 2669 403 2700 artis
418 2671 547 2710 peritus.
969 2669 1085 2700 Saltem
1111 2669 1205 2699 verba
1234 2673 1264 2698 et
1292 2667 1397 2698 literas
1427 2665 1465 2696 ad
1492 2676 1542 2696 me
1570 2665 1627 2695 mi-

292 2718 339 2748 17.
351 2718 408 2749 me
423 2729 474 2759 ego
490 2729 551 2748 sum
566 2720 616 2758 qui
631 2730 711 2748 uum·
724 2731 763 2749 an
776 2719 899 2759 virum]
969 2719 1072 2749 sisses.
