<?xml version="1.0" encoding="UTF-8"?>
<!DOCTYPE html PUBLIC "-//W3C//DTD XHTML 1.0 Transitional//EN"
    "http://www.w3.org/TR/xhtml1/DTD/xhtml1-transitional.dtd">
<html xmlns="http://www.w3.org/1999/xhtml" xml:lang="en" lang="en">
 <head>
  <title>
</title>
<meta http-equiv="Content-Type" content="text/html;charset=utf-8" />
  <meta name='ocr-system' content='tesseract 3.04.00' />
  <meta name='ocr-capabilities' content='ocr_page ocr_carea ocr_par ocr_line ocrx_word'/>
</head>
<body>
  <div class='ocr_page' id='page_1' title='image "./povidiinasonisop02oviduoft_0399.png"; bbox 0 0 1760 3172; ppageno 0'>
   <div class='ocr_carea' id='block_1_1' title="bbox 425 186 1561 231">
    <p class='ocr_par' dir='ltr' id='par_1_1' title="bbox 425 186 1561 231">
     <span class='ocr_line' id='line_1_1' title="bbox 425 186 1561 231; baseline -0.003 0"><span class='ocrx_word' id='word_1_1' title='bbox 425 189 517 231; x_wconf 91' lang='lat' dir='ltr'>EX</span> <span class='ocrx_word' id='word_1_2' title='bbox 552 188 764 230; x_wconf 91' lang='lat' dir='ltr'>PONTO</span> <span class='ocrx_word' id='word_1_3' title='bbox 799 186 918 228; x_wconf 89' lang='lat' dir='ltr'>LIB.</span> <span class='ocrx_word' id='word_1_4' title='bbox 946 186 980 227; x_wconf 93' lang='lat' dir='ltr'>I.</span> <span class='ocrx_word' id='word_1_5' title='bbox 1015 187 1207 229; x_wconf 89' lang='lat' dir='ltr'>EPIST.</span> <span class='ocrx_word' id='word_1_6' title='bbox 1231 187 1321 230; x_wconf 89' lang='lat' dir='ltr'>IX.</span> <span class='ocrx_word' id='word_1_7' title='bbox 1477 190 1561 230; x_wconf 70' lang='lat'>389</span> 
     </span>
    </p>
   </div>
   <div class='ocr_carea' id='block_1_2' title="bbox 175 303 1560 1371">
    <p class='ocr_par' dir='ltr' id='par_1_2' title="bbox 175 303 1560 1371">
     <span class='ocr_line' id='line_1_2' title="bbox 178 303 1374 367; baseline -0.001 -16"><span class='ocrx_word' id='word_1_8' title='bbox 178 303 225 351; x_wconf 91' lang='grc' dir='ltr'>Ν</span> <span class='ocrx_word' id='word_1_9' title='bbox 231 320 286 352; x_wconf 89' lang='lat' dir='ltr'>ec</span> <span class='ocrx_word' id='word_1_10' title='bbox 312 304 535 352; x_wconf 84' lang='lat' dir='ltr'>dubitem</span> <span class='ocrx_word' id='word_1_11' title='bbox 560 304 721 367; x_wconf 86' lang='lat' dir='ltr'>longis</span> <span class='ocrx_word' id='word_1_12' title='bbox 742 318 952 367; x_wconf 80' lang='lat' dir='ltr'>purgare</span> <span class='ocrx_word' id='word_1_13' title='bbox 977 303 1224 365; x_wconf 86' lang='lat' dir='ltr'>ligonibus</span> <span class='ocrx_word' id='word_1_14' title='bbox 1245 319 1374 360; x_wconf 87' lang='lat' dir='ltr'>arva,</span> 
     </span>
     <span class='ocr_line' id='line_1_3' title="bbox 244 379 1559 444; baseline -0.001 -16"><span class='ocrx_word' id='word_1_15' title='bbox 244 380 309 428; x_wconf 91' lang='lat' dir='ltr'>Et</span> <span class='ocrx_word' id='word_1_16' title='bbox 326 381 460 437; x_wconf 88' lang='lat' dir='ltr'>dare,</span> <span class='ocrx_word' id='word_1_17' title='bbox 483 397 608 444; x_wconf 91' lang='lat' dir='ltr'>quas</span> <span class='ocrx_word' id='word_1_18' title='bbox 628 380 800 428; x_wconf 90' lang='lat' dir='ltr'>sitiens</span> <span class='ocrx_word' id='word_1_19' title='bbox 821 379 1075 426; x_wconf 84' lang='lat' dir='ltr'>combibat</span> <span class='ocrx_word' id='word_1_20' title='bbox 1095 380 1281 436; x_wconf 87' lang='lat' dir='ltr'>hortus,</span> <span class='ocrx_word' id='word_1_21' title='bbox 1299 396 1473 443; x_wconf 87' lang='lat' dir='ltr'>aquas.</span> <span class='ocrx_word' id='word_1_22' title='bbox 1496 384 1559 427; x_wconf 81' lang='lat'>60</span> 
     </span>
     <span class='ocr_line' id='line_1_4' title="bbox 178 456 1558 520; baseline 0 -17"><span class='ocrx_word' id='word_1_23' title='bbox 178 457 340 514; x_wconf 84' lang='lat' dir='ltr'><strong>Unde,</strong></span> <span class='ocrx_word' id='word_1_24' title='bbox 359 459 447 506; x_wconf 89' lang='lat' dir='ltr'>sed</span> <span class='ocrx_word' id='word_1_25' title='bbox 462 458 555 505; x_wconf 94' lang='lat' dir='ltr'>hoc</span> <span class='ocrx_word' id='word_1_26' title='bbox 571 458 730 514; x_wconf 89' lang='lat' dir='ltr'>nobis,</span> <span class='ocrx_word' id='word_1_27' title='bbox 744 457 1001 504; x_wconf 90' lang='lat' dir='ltr'>minimum</span> <span class='ocrx_word' id='word_1_28' title='bbox 1018 472 1143 520; x_wconf 90' lang='lat' dir='ltr'>quos</span> <span class='ocrx_word' id='word_1_29' title='bbox 1159 456 1286 504; x_wconf 90' lang='lat' dir='ltr'>inter</span> <span class='ocrx_word' id='word_1_30' title='bbox 1301 464 1350 505; x_wconf 90' lang='lat' dir='ltr'>et</span> <span class='ocrx_word' id='word_1_31' title='bbox 1364 457 1558 505; x_wconf 81' lang='lat' dir='ltr'>hostem</span> 
     </span>
     <span class='ocr_line' id='line_1_5' title="bbox 243 533 1361 598; baseline 0 -17"><span class='ocrx_word' id='word_1_32' title='bbox 243 534 526 583; x_wconf 90' lang='lat' dir='ltr'>Discrimen</span> <span class='ocrx_word' id='word_1_33' title='bbox 550 552 720 583; x_wconf 89' lang='lat' dir='ltr'>murus</span> <span class='ocrx_word' id='word_1_34' title='bbox 747 536 1017 598; x_wconf 86' lang='lat' dir='ltr'>clausaque</span> <span class='ocrx_word' id='word_1_35' title='bbox 1042 540 1186 598; x_wconf 91' lang='lat' dir='ltr'>porta</span> <span class='ocrx_word' id='word_1_36' title='bbox 1208 533 1361 581; x_wconf 76' lang='lat' dir='ltr'>facit?</span> 
     </span>
     <span class='ocr_line' id='line_1_6' title="bbox 176 610 1315 677; baseline 0.001 -20"><span class='ocrx_word' id='word_1_37' title='bbox 176 610 244 658; x_wconf 94' lang='lat' dir='ltr'>At</span> <span class='ocrx_word' id='word_1_38' title='bbox 268 612 356 660; x_wconf 89' lang='lat' dir='ltr'>tibi</span> <span class='ocrx_word' id='word_1_39' title='bbox 377 613 617 670; x_wconf 84' lang='lat' dir='ltr'>nascenti,</span> <span class='ocrx_word' id='word_1_40' title='bbox 645 613 781 677; x_wconf 91' lang='lat' dir='ltr'>quod</span> <span class='ocrx_word' id='word_1_41' title='bbox 803 619 906 660; x_wconf 91' lang='lat' dir='ltr'>toto</span> <span class='ocrx_word' id='word_1_42' title='bbox 932 618 1137 676; x_wconf 80' lang='lat' dir='ltr'>pectore</span> <span class='ocrx_word' id='word_1_43' title='bbox 1160 612 1315 668; x_wconf 81' lang='lat' dir='ltr'>laetor,</span> 
     </span>
     <span class='ocr_line' id='line_1_7' title="bbox 243 689 1558 738; baseline 0 -2"><span class='ocrx_word' id='word_1_44' title='bbox 243 689 439 738; x_wconf 91' lang='lat' dir='ltr'>Nerunt</span> <span class='ocrx_word' id='word_1_45' title='bbox 462 690 637 738; x_wconf 81' lang='lat' dir='ltr'>fatales</span> <span class='ocrx_word' id='word_1_46' title='bbox 661 690 806 738; x_wconf 86' lang='lat' dir='ltr'>fortia</span> <span class='ocrx_word' id='word_1_47' title='bbox 828 690 911 737; x_wconf 89' lang='lat' dir='ltr'>fila</span> <span class='ocrx_word' id='word_1_48' title='bbox 936 690 1075 737; x_wconf 85' lang='lat' dir='ltr'>Deae.</span> <span class='ocrx_word' id='word_1_49' title='bbox 1497 692 1558 736; x_wconf 84' lang='lat'>64</span> 
     </span>
     <span class='ocr_line' id='line_1_8' title="bbox 175 765 1558 832; baseline -0.001 -19"><span class='ocrx_word' id='word_1_50' title='bbox 175 766 248 814; x_wconf 90' lang='lat' dir='ltr'>Te</span> <span class='ocrx_word' id='word_1_51' title='bbox 271 768 419 815; x_wconf 91' lang='lat' dir='ltr'>modo</span> <span class='ocrx_word' id='word_1_52' title='bbox 443 784 649 832; x_wconf 90' lang='lat' dir='ltr'>campus</span> <span class='ocrx_word' id='word_1_53' title='bbox 674 769 843 824; x_wconf 89' lang='lat' dir='ltr'>habet,</span> <span class='ocrx_word' id='word_1_54' title='bbox 865 768 1022 814; x_wconf 88' lang='lat' dir='ltr'>densa</span> <span class='ocrx_word' id='word_1_55' title='bbox 1046 766 1192 814; x_wconf 91' lang='lat' dir='ltr'>modo</span> <span class='ocrx_word' id='word_1_56' title='bbox 1212 765 1432 830; x_wconf 90' lang='lat' dir='ltr'>porticus</span> <span class='ocrx_word' id='word_1_57' title='bbox 1453 782 1558 812; x_wconf 91' lang='lat' dir='ltr'>um-</span> 
     </span>
     <span class='ocr_line' id='line_1_9' title="bbox 243 843 1556 910; baseline 0 -19"><span class='ocrx_word' id='word_1_58' title='bbox 243 843 289 890; x_wconf 93' lang='lat' dir='ltr'>N</span> <span class='ocrx_word' id='word_1_59' title='bbox 294 861 408 901; x_wconf 93' lang='lat' dir='ltr'>unc,</span> <span class='ocrx_word' id='word_1_60' title='bbox 425 845 475 892; x_wconf 91' lang='lat' dir='ltr'>in</span> <span class='ocrx_word' id='word_1_61' title='bbox 491 862 589 909; x_wconf 93' lang='lat' dir='ltr'>quo</span> <span class='ocrx_word' id='word_1_62' title='bbox 615 862 771 910; x_wconf 87' lang='lat' dir='ltr'>ponas</span> <span class='ocrx_word' id='word_1_63' title='bbox 787 853 1013 910; x_wconf 84' lang='lat' dir='ltr'>tempora</span> <span class='ocrx_word' id='word_1_64' title='bbox 1032 860 1156 900; x_wconf 88' lang='lat' dir='ltr'>rara,</span> <span class='ocrx_word' id='word_1_65' title='bbox 1173 843 1349 891; x_wconf 87' lang='lat' dir='ltr'>forum.</span> <span class='ocrx_word' id='word_1_66' title='bbox 1423 844 1556 905; x_wconf 88' lang='lat' dir='ltr'>[bra;</span> 
     </span>
     <span class='ocr_line' id='line_1_10' title="bbox 179 921 1541 985; baseline 0 -17"><span class='ocrx_word' id='word_1_67' title='bbox 179 921 387 969; x_wconf 90' lang='lat' dir='ltr'>Umbria</span> <span class='ocrx_word' id='word_1_68' title='bbox 409 939 542 970; x_wconf 90' lang='lat' dir='ltr'>nunc</span> <span class='ocrx_word' id='word_1_69' title='bbox 568 931 791 982; x_wconf 82' lang='lat' dir='ltr'>revocat3</span> <span class='ocrx_word' id='word_1_70' title='bbox 822 940 913 971; x_wconf 92' lang='lat' dir='ltr'>nec</span> <span class='ocrx_word' id='word_1_71' title='bbox 942 939 1040 971; x_wconf 89' lang='lat' dir='ltr'>non</span> <span class='ocrx_word' id='word_1_72' title='bbox 1066 922 1262 969; x_wconf 88' lang='lat' dir='ltr'>Albana</span> <span class='ocrx_word' id='word_1_73' title='bbox 1284 928 1541 985; x_wconf 90' lang='lat' dir='ltr'>petentem</span> 
     </span>
     <span class='ocr_line' id='line_1_11' title="bbox 242 998 1156 1063; baseline 0.002 -19"><span class='ocrx_word' id='word_1_74' title='bbox 242 998 409 1063; x_wconf 89' lang='lat' dir='ltr'>Appia</span> <span class='ocrx_word' id='word_1_75' title='bbox 431 999 637 1048; x_wconf 88' lang='lat' dir='ltr'>ferventi</span> <span class='ocrx_word' id='word_1_76' title='bbox 663 1000 802 1048; x_wconf 88' lang='lat' dir='ltr'>ducit</span> <span class='ocrx_word' id='word_1_77' title='bbox 823 1000 872 1047; x_wconf 90' lang='lat' dir='ltr'>in</span> <span class='ocrx_word' id='word_1_78' title='bbox 894 1016 1009 1048; x_wconf 88' lang='lat' dir='ltr'>arva</span> <span class='ocrx_word' id='word_1_79' title='bbox 1033 1007 1156 1046; x_wconf 88' lang='lat' dir='ltr'>rota.</span> 
     </span>
     <span class='ocr_line' id='line_1_12' title="bbox 178 1075 1429 1141; baseline 0 -19"><span class='ocrx_word' id='word_1_80' title='bbox 178 1075 405 1124; x_wconf 86' lang='lat' dir='ltr'>Forsitan</span> <span class='ocrx_word' id='word_1_81' title='bbox 429 1077 509 1124; x_wconf 90' lang='lat' dir='ltr'>hic</span> <span class='ocrx_word' id='word_1_82' title='bbox 534 1085 694 1141; x_wconf 91' lang='lat' dir='ltr'>optes,</span> <span class='ocrx_word' id='word_1_83' title='bbox 722 1085 776 1125; x_wconf 92' lang='lat' dir='ltr'>ut</span> <span class='ocrx_word' id='word_1_84' title='bbox 794 1079 983 1141; x_wconf 89' lang='lat' dir='ltr'>justam</span> <span class='ocrx_word' id='word_1_85' title='bbox 1009 1077 1285 1141; x_wconf 84' lang='lat' dir='ltr'>supprimat</span> <span class='ocrx_word' id='word_1_86' title='bbox 1308 1076 1429 1122; x_wconf 89' lang='lat' dir='ltr'>iram</span> 
     </span>
     <span class='ocr_line' id='line_1_13' title="bbox 245 1153 1560 1219; baseline -0.001 -19"><span class='ocrx_word' id='word_1_87' title='bbox 245 1153 431 1210; x_wconf 84' lang='lat' dir='ltr'>Caesar,</span> <span class='ocrx_word' id='word_1_88' title='bbox 452 1161 502 1201; x_wconf 91' lang='lat' dir='ltr'>et</span> <span class='ocrx_word' id='word_1_89' title='bbox 525 1155 795 1219; x_wconf 87' lang='lat' dir='ltr'>hospitium</span> <span class='ocrx_word' id='word_1_90' title='bbox 817 1155 880 1203; x_wconf 90' lang='lat' dir='ltr'>sit</span> <span class='ocrx_word' id='word_1_91' title='bbox 904 1162 990 1201; x_wconf 89' lang='lat' dir='ltr'>tua</span> <span class='ocrx_word' id='word_1_92' title='bbox 1013 1154 1129 1201; x_wconf 87' lang='lat' dir='ltr'>villa</span> <span class='ocrx_word' id='word_1_93' title='bbox 1153 1169 1336 1201; x_wconf 88' lang='lat' dir='ltr'>meum.</span> <span class='ocrx_word' id='word_1_94' title='bbox 1498 1156 1560 1199; x_wconf 90' lang='lat'>70</span> 
     </span>
     <span class='ocr_line' id='line_1_14' title="bbox 175 1229 1560 1294; baseline -0.001 -18"><span class='ocrx_word' id='word_1_95' title='bbox 175 1229 282 1276; x_wconf 84' lang='lat' dir='ltr'>Ah!</span> <span class='ocrx_word' id='word_1_96' title='bbox 320 1230 526 1277; x_wconf 89' lang='lat' dir='ltr'>nimium</span> <span class='ocrx_word' id='word_1_97' title='bbox 560 1238 652 1287; x_wconf 91' lang='lat' dir='ltr'>est,</span> <span class='ocrx_word' id='word_1_98' title='bbox 680 1232 830 1294; x_wconf 85' lang='lat' dir='ltr'>quod,</span> <span class='ocrx_word' id='word_1_99' title='bbox 859 1231 1033 1285; x_wconf 85' lang='lat' dir='ltr'>amice,</span> <span class='ocrx_word' id='word_1_100' title='bbox 1062 1230 1219 1293; x_wconf 91' lang='lat' dir='ltr'>petis!</span> <span class='ocrx_word' id='word_1_101' title='bbox 1258 1229 1560 1276; x_wconf 87' lang='lat' dir='ltr'>moderatius</span> 
     </span>
     <span class='ocr_line' id='line_1_15' title="bbox 243 1306 1559 1371; baseline -0.001 -17"><span class='ocrx_word' id='word_1_102' title='bbox 243 1306 310 1354; x_wconf 85' lang='lat' dir='ltr'>Et</span> <span class='ocrx_word' id='word_1_103' title='bbox 332 1308 447 1364; x_wconf 89' lang='lat' dir='ltr'>voti,</span> <span class='ocrx_word' id='word_1_104' title='bbox 475 1324 661 1371; x_wconf 74' lang='lat' dir='ltr'>quaeso,</span> <span class='ocrx_word' id='word_1_105' title='bbox 688 1309 925 1355; x_wconf 87' lang='lat' dir='ltr'>contrahe</span> <span class='ocrx_word' id='word_1_106' title='bbox 951 1308 1059 1354; x_wconf 88' lang='lat' dir='ltr'>vela</span> <span class='ocrx_word' id='word_1_107' title='bbox 1084 1307 1171 1354; x_wconf 89' lang='lat' dir='ltr'>tui.</span> <span class='ocrx_word' id='word_1_108' title='bbox 1402 1307 1559 1370; x_wconf 87' lang='lat' dir='ltr'>[opta,</span> 
     </span>
    </p>
   </div>
   <div class='ocr_carea' id='block_1_3' title="bbox 176 1393 1441 1537">
    <p class='ocr_par' dir='ltr' id='par_1_3' title="bbox 176 1393 1441 1537">
     <span class='ocr_line' id='line_1_16' title="bbox 176 1393 1383 1459; baseline 0 -19"><span class='ocrx_word' id='word_1_109' title='bbox 176 1393 327 1442; x_wconf 88' lang='lat' dir='ltr'>Terra</span> <span class='ocrx_word' id='word_1_110' title='bbox 351 1395 497 1442; x_wconf 90' lang='lat' dir='ltr'>velim</span> <span class='ocrx_word' id='word_1_111' title='bbox 522 1396 736 1459; x_wconf 86' lang='lat' dir='ltr'>propior,</span> <span class='ocrx_word' id='word_1_112' title='bbox 765 1395 986 1458; x_wconf 88' lang='lat' dir='ltr'>nullique</span> <span class='ocrx_word' id='word_1_113' title='bbox 1011 1394 1230 1441; x_wconf 82' lang='lat' dir='ltr'>obnoxia</span> <span class='ocrx_word' id='word_1_114' title='bbox 1252 1394 1383 1440; x_wconf 91' lang='lat' dir='ltr'>bello</span> 
     </span>
     <span class='ocr_line' id='line_1_17' title="bbox 245 1471 1441 1537; baseline -0.001 -18"><span class='ocrx_word' id='word_1_115' title='bbox 245 1472 434 1531; x_wconf 83' lang='lat' dir='ltr'>Detur3</span> <span class='ocrx_word' id='word_1_116' title='bbox 475 1474 568 1521; x_wconf 92' lang='lat' dir='ltr'>erit</span> <span class='ocrx_word' id='word_1_117' title='bbox 590 1473 770 1521; x_wconf 85' lang='lat' dir='ltr'>nostris</span> <span class='ocrx_word' id='word_1_118' title='bbox 796 1489 910 1537; x_wconf 89' lang='lat' dir='ltr'>pars</span> <span class='ocrx_word' id='word_1_119' title='bbox 936 1473 1067 1520; x_wconf 87' lang='lat' dir='ltr'>bona</span> <span class='ocrx_word' id='word_1_120' title='bbox 1090 1472 1260 1519; x_wconf 88' lang='lat' dir='ltr'>demta</span> <span class='ocrx_word' id='word_1_121' title='bbox 1284 1471 1441 1518; x_wconf 90' lang='lat' dir='ltr'>malis.</span> 
     </span>
    </p>
   </div>
   <div class='ocr_carea' id='block_1_4' title="bbox 576 1681 1152 1730">
    <p class='ocr_par' dir='ltr' id='par_1_4' title="bbox 576 1681 1152 1730">
     <span class='ocr_line' id='line_1_18' title="bbox 576 1681 1152 1730; baseline -0.003 0"><span class='ocrx_word' id='word_1_122' title='bbox 576 1682 1010 1730; x_wconf 87' lang='lat' dir='ltr'><strong>EPISTOLA</strong></span> <span class='ocrx_word' id='word_1_123' title='bbox 1059 1681 1152 1729; x_wconf 87' lang='lat' dir='ltr'>lX.</span> 
     </span>
    </p>
   </div>
   <div class='ocr_carea' id='block_1_5' title="bbox 720 1780 1008 1822">
    <p class='ocr_par' dir='ltr' id='par_1_5' title="bbox 720 1780 1008 1822">
     <span class='ocr_line' id='line_1_19' title="bbox 720 1780 1008 1822; baseline 0 -1"><span class='ocrx_word' id='word_1_124' title='bbox 720 1780 1008 1822; x_wconf 87' lang='lat' dir='ltr'><strong>MAXIMO.</strong></span> 
     </span>
    </p>
   </div>
   <div class='ocr_carea' id='block_1_6' title="bbox 178 1861 1411 2003">
    <p class='ocr_par' dir='ltr' id='par_1_6' title="bbox 178 1861 1411 2003">
     <span class='ocr_line' id='line_1_20' title="bbox 178 1861 1411 1925; baseline -0.002 -17"><span class='ocrx_word' id='word_1_125' title='bbox 178 1861 312 1917; x_wconf 75' lang='lat' dir='ltr'>QUAE</span> <span class='ocrx_word' id='word_1_126' title='bbox 338 1862 458 1908; x_wconf 91' lang='lat' dir='ltr'>mihi</span> <span class='ocrx_word' id='word_1_127' title='bbox 482 1862 545 1909; x_wconf 92' lang='lat' dir='ltr'>de</span> <span class='ocrx_word' id='word_1_128' title='bbox 571 1868 713 1925; x_wconf 85' lang='lat' dir='ltr'>rapto</span> <span class='ocrx_word' id='word_1_129' title='bbox 738 1868 824 1909; x_wconf 89' lang='lat' dir='ltr'>tua</span> <span class='ocrx_word' id='word_1_130' title='bbox 846 1862 981 1909; x_wconf 89' lang='lat' dir='ltr'>venit</span> <span class='ocrx_word' id='word_1_131' title='bbox 1005 1861 1219 1924; x_wconf 89' lang='lat' dir='ltr'>epistola</span> <span class='ocrx_word' id='word_1_132' title='bbox 1246 1861 1411 1917; x_wconf 85' lang='lat' dir='ltr'>Celso,</span> 
     </span>
     <span class='ocr_line' id='line_1_21' title="bbox 245 1937 1402 2003; baseline -0.002 -16"><span class='ocrx_word' id='word_1_133' title='bbox 245 1939 478 1987; x_wconf 88' lang='lat' dir='ltr'>Protinus</span> <span class='ocrx_word' id='word_1_134' title='bbox 503 1947 581 1987; x_wconf 87' lang='lat' dir='ltr'>est</span> <span class='ocrx_word' id='word_1_135' title='bbox 605 1940 838 2003; x_wconf 89' lang='lat' dir='ltr'>lacrymis</span> <span class='ocrx_word' id='word_1_136' title='bbox 864 1939 1067 1987; x_wconf 89' lang='lat' dir='ltr'>humida</span> <span class='ocrx_word' id='word_1_137' title='bbox 1089 1937 1221 1986; x_wconf 87' lang='lat' dir='ltr'>facta</span> <span class='ocrx_word' id='word_1_138' title='bbox 1245 1938 1368 1985; x_wconf 83' lang='lat' dir='ltr'>ineis</span> <span class='ocrx_word' id='word_1_139' title='bbox 1393 1955 1402 1985; x_wconf 92' lang='lat'>:</span> 
     </span>
    </p>
   </div>
   <div class='ocr_carea' id='block_1_7' title="bbox 905 2051 1568 2340">
    <p class='ocr_par' dir='ltr' id='par_1_7' title="bbox 905 2051 1566 2195">
     <span class='ocr_line' id='line_1_22' title="bbox 905 2051 1566 2097; baseline -0.006 -11"><span class='ocrx_word' id='word_1_140' title='bbox 905 2067 966 2097; x_wconf 88' lang='lat' dir='ltr'>quo</span> <span class='ocrx_word' id='word_1_141' title='bbox 987 2066 1054 2086; x_wconf 83' lang='lat' dir='ltr'>raro</span> <span class='ocrx_word' id='word_1_142' title='bbox 1075 2064 1189 2085; x_wconf 82' lang='lat' dir='ltr'>causas</span> <span class='ocrx_word' id='word_1_143' title='bbox 1207 2051 1368 2083; x_wconf 83' lang='lat' dir='ltr'>defendis:</span> <span class='ocrx_word' id='word_1_144' title='bbox 1393 2062 1487 2092; x_wconf 83' lang='lat' dir='ltr'>quam</span> <span class='ocrx_word' id='word_1_145' title='bbox 1503 2063 1566 2083; x_wconf 87' lang='lat' dir='ltr'>rem</span> 
     </span>
     <span class='ocr_line' id='line_1_23' title="bbox 905 2101 1565 2136; baseline -0.006 -1"><span class='ocrx_word' id='word_1_146' title='bbox 905 2105 1047 2136; x_wconf 81' lang='lat' dir='ltr'>felicitati</span> <span class='ocrx_word' id='word_1_147' title='bbox 1077 2102 1237 2134; x_wconf 83' lang='lat' dir='ltr'>adscribit.</span> <span class='ocrx_word' id='word_1_148' title='bbox 1278 2102 1374 2132; x_wconf 85' lang='lat' dir='ltr'>Mart.</span> <span class='ocrx_word' id='word_1_149' title='bbox 1409 2101 1463 2132; x_wconf 86' lang='lat' dir='ltr'>Lis</span> <span class='ocrx_word' id='word_1_150' title='bbox 1486 2113 1565 2132; x_wconf 74' lang='grc'>711111-</span> 
     </span>
     <span class='ocr_line' id='line_1_24' title="bbox 905 2151 1410 2195; baseline -0.01 -11"><span class='ocrx_word' id='word_1_151' title='bbox 905 2166 1003 2195; x_wconf 73' lang='lat' dir='ltr'>quam,</span> <span class='ocrx_word' id='word_1_152' title='bbox 1022 2160 1090 2194; x_wconf 73' lang='lat' dir='ltr'>toga</span> <span class='ocrx_word' id='word_1_153' title='bbox 1107 2164 1191 2188; x_wconf 77' lang='lat' dir='ltr'>rara,</span> <span class='ocrx_word' id='word_1_154' title='bbox 1207 2162 1286 2181; x_wconf 82' lang='lat' dir='ltr'>mens</span> <span class='ocrx_word' id='word_1_155' title='bbox 1301 2151 1410 2190; x_wconf 79' lang='lat' dir='ltr'>quieta.</span> 
     </span>
    </p>

    <p class='ocr_par' dir='ltr' id='par_1_8' title="bbox 905 2198 1568 2340">
     <span class='ocr_line' id='line_1_25' title="bbox 950 2198 1564 2239; baseline -0.011 -5"><span class='ocrx_word' id='word_1_156' title='bbox 950 2205 1002 2234; x_wconf 89' lang='grc'>67.</span> <span class='ocrx_word' id='word_1_157' title='bbox 1037 2204 1161 2233; x_wconf 66' lang='lat' dir='ltr'>Umbria</span> <span class='ocrx_word' id='word_1_158' title='bbox 1191 2207 1218 2231; x_wconf 83' lang='lat' dir='ltr'>te</span> <span class='ocrx_word' id='word_1_159' title='bbox 1247 2199 1393 2239; x_wconf 65' lang='lat' dir='ltr'>revocat]</span> <span class='ocrx_word' id='word_1_160' title='bbox 1428 2199 1465 2228; x_wconf 91' lang='lat' dir='ltr'>In</span> <span class='ocrx_word' id='word_1_161' title='bbox 1486 2198 1564 2229; x_wconf 89' lang='lat' dir='ltr'>Um-</span> 
     </span>
     <span class='ocr_line' id='line_1_26' title="bbox 905 2246 1567 2291; baseline -0.012 -7"><span class='ocrx_word' id='word_1_162' title='bbox 905 2253 1004 2284; x_wconf 84' lang='lat' dir='ltr'>briam</span> <span class='ocrx_word' id='word_1_163' title='bbox 1028 2251 1164 2287; x_wconf 81' lang='lat' dir='ltr'>revertis,</span> <span class='ocrx_word' id='word_1_164' title='bbox 1180 2261 1250 2291; x_wconf 82' lang='lat' dir='ltr'>quae</span> <span class='ocrx_word' id='word_1_165' title='bbox 1269 2249 1301 2279; x_wconf 88' lang='lat' dir='ltr'>in</span> <span class='ocrx_word' id='word_1_166' title='bbox 1317 2248 1418 2278; x_wconf 86' lang='lat' dir='ltr'>medio</span> <span class='ocrx_word' id='word_1_167' title='bbox 1433 2246 1567 2277; x_wconf 81' lang='lat' dir='ltr'>Sabiniae</span> 
     </span>
     <span class='ocr_line' id='line_1_27' title="bbox 907 2297 1568 2340; baseline -0.012 -7"><span class='ocrx_word' id='word_1_168' title='bbox 907 2313 942 2333; x_wconf 83' lang='lat' dir='ltr'>ac</span> <span class='ocrx_word' id='word_1_169' title='bbox 966 2301 1110 2333; x_wconf 80' lang='lat' dir='ltr'>Thusciae</span> <span class='ocrx_word' id='word_1_170' title='bbox 1135 2300 1207 2330; x_wconf 86' lang='lat' dir='ltr'>olim</span> <span class='ocrx_word' id='word_1_171' title='bbox 1228 2299 1367 2340; x_wconf 82' lang='lat' dir='ltr'>jacebat.</span> <span class='ocrx_word' id='word_1_172' title='bbox 1416 2297 1568 2326; x_wconf 76' lang='lat' dir='ltr'>Peteutem</span> 
     </span>
    </p>
   </div>
   <div class='ocr_carea' id='block_1_8' title="bbox 176 2056 839 2343">
    <p class='ocr_par' dir='ltr' id='par_1_9' title="bbox 176 2056 838 2197">
     <span class='ocr_line' id='line_1_28' title="bbox 220 2056 838 2097; baseline 0.005 -12"><span class='ocrx_word' id='word_1_173' title='bbox 220 2056 273 2086; x_wconf 89' lang='lat'>59.</span> <span class='ocrx_word' id='word_1_174' title='bbox 299 2056 440 2097; x_wconf 78' lang='lat' dir='ltr'>Purgare</span> <span class='ocrx_word' id='word_1_175' title='bbox 463 2057 565 2097; x_wconf 54' lang='lat' dir='ltr'>arma]</span> <span class='ocrx_word' id='word_1_176' title='bbox 593 2057 698 2088; x_wconf 86' lang='lat' dir='ltr'>Malas</span> <span class='ocrx_word' id='word_1_177' title='bbox 727 2057 838 2088; x_wconf 71' lang='lat' dir='ltr'>herbas</span> 
     </span>
     <span class='ocr_line' id='line_1_29' title="bbox 176 2104 838 2148; baseline 0.003 -13"><span class='ocrx_word' id='word_1_178' title='bbox 176 2104 320 2136; x_wconf 89' lang='lat' dir='ltr'>evellere.</span> <span class='ocrx_word' id='word_1_179' title='bbox 357 2105 470 2147; x_wconf 77' lang='lat' dir='ltr'>Longis</span> <span class='ocrx_word' id='word_1_180' title='bbox 485 2107 642 2147; x_wconf 79' lang='lat' dir='ltr'>ligonibus.</span> <span class='ocrx_word' id='word_1_181' title='bbox 666 2106 838 2148; x_wconf 86' lang='lat' dir='ltr'>Ligonibus</span> 
     </span>
     <span class='ocr_line' id='line_1_30' title="bbox 177 2152 681 2197; baseline 0.006 -14"><span class='ocrx_word' id='word_1_182' title='bbox 177 2152 364 2184; x_wconf 85' lang='lat' dir='ltr'>habentibus</span> <span class='ocrx_word' id='word_1_183' title='bbox 377 2154 505 2195; x_wconf 85' lang='lat' dir='ltr'>longum</span> <span class='ocrx_word' id='word_1_184' title='bbox 522 2156 681 2197; x_wconf 86' lang='lat' dir='ltr'>capulum.</span> 
     </span>
    </p>

    <p class='ocr_par' dir='ltr' id='par_1_10' title="bbox 220 2203 773 2246">
     <span class='ocr_line' id='line_1_31' title="bbox 220 2203 773 2246; baseline 0.005 -13"><span class='ocrx_word' id='word_1_185' title='bbox 220 2204 276 2234; x_wconf 88' lang='lat'>60.</span> <span class='ocrx_word' id='word_1_186' title='bbox 295 2203 333 2233; x_wconf 83' lang='lat' dir='ltr'>Et</span> <span class='ocrx_word' id='word_1_187' title='bbox 349 2205 422 2234; x_wconf 79' lang='lat' dir='ltr'>dare</span> <span class='ocrx_word' id='word_1_188' title='bbox 436 2205 554 2245; x_wconf 64' lang='lat' dir='ltr'>aquas]</span> <span class='ocrx_word' id='word_1_189' title='bbox 582 2205 623 2235; x_wconf 88' lang='lat' dir='ltr'>Et</span> <span class='ocrx_word' id='word_1_190' title='bbox 637 2205 773 2246; x_wconf 85' lang='lat' dir='ltr'>irrigare.</span> 
     </span>
    </p>

    <p class='ocr_par' dir='ltr' id='par_1_11' title="bbox 178 2252 839 2343">
     <span class='ocr_line' id='line_1_32' title="bbox 222 2252 838 2294; baseline 0.003 -12"><span class='ocrx_word' id='word_1_191' title='bbox 222 2252 275 2282; x_wconf 89' lang='lat'>61.</span> <span class='ocrx_word' id='word_1_192' title='bbox 296 2252 382 2283; x_wconf 80' lang='lat' dir='ltr'>Unde</span> <span class='ocrx_word' id='word_1_193' title='bbox 402 2254 451 2283; x_wconf 87' lang='lat' dir='ltr'>sed</span> <span class='ocrx_word' id='word_1_194' title='bbox 474 2254 525 2284; x_wconf 84' lang='lat' dir='ltr'>hoc</span> <span class='ocrx_word' id='word_1_195' title='bbox 552 2254 661 2294; x_wconf 64' lang='lat' dir='ltr'>nobis]</span> <span class='ocrx_word' id='word_1_196' title='bbox 686 2254 838 2290; x_wconf 85' lang='lat' dir='ltr'>Subaudi,</span> 
     </span>
     <span class='ocr_line' id='line_1_33' title="bbox 178 2301 839 2343; baseline 0.002 -12"><span class='ocrx_word' id='word_1_197' title='bbox 178 2306 264 2343; x_wconf 87' lang='lat' dir='ltr'>opto.</span> <span class='ocrx_word' id='word_1_198' title='bbox 318 2301 405 2332; x_wconf 80' lang='lat' dir='ltr'>Inter</span> <span class='ocrx_word' id='word_1_199' title='bbox 430 2313 508 2342; x_wconf 83' lang='lat' dir='ltr'>quos.</span> <span class='ocrx_word' id='word_1_200' title='bbox 541 2303 627 2333; x_wconf 82' lang='lat' dir='ltr'>Inter</span> <span class='ocrx_word' id='word_1_201' title='bbox 656 2314 711 2334; x_wconf 90' lang='lat' dir='ltr'>nos</span> <span class='ocrx_word' id='word_1_202' title='bbox 735 2302 839 2333; x_wconf 85' lang='lat' dir='ltr'>Tomi-</span> 
     </span>
    </p>
   </div>
   <div class='ocr_carea' id='block_1_9' title="bbox 178 2350 842 2786">
    <p class='ocr_par' dir='ltr' id='par_1_12' title="bbox 178 2350 838 2431">
     <span class='ocr_line' id='line_1_34' title="bbox 178 2350 838 2394; baseline 0.003 -14"><span class='ocrx_word' id='word_1_203' title='bbox 178 2356 279 2381; x_wconf 79' lang='lat' dir='ltr'>tanoS.</span> <span class='ocrx_word' id='word_1_204' title='bbox 326 2350 366 2381; x_wconf 76' lang='lat' dir='ltr'>Et</span> <span class='ocrx_word' id='word_1_205' title='bbox 390 2352 507 2383; x_wconf 79' lang='lat' dir='ltr'>hostem.</span> <span class='ocrx_word' id='word_1_206' title='bbox 532 2354 573 2383; x_wconf 87' lang='lat' dir='ltr'>Et</span> <span class='ocrx_word' id='word_1_207' title='bbox 587 2353 686 2384; x_wconf 88' lang='lat' dir='ltr'>Getas</span> <span class='ocrx_word' id='word_1_208' title='bbox 708 2352 762 2394; x_wconf 91' lang='lat' dir='ltr'>qui</span> <span class='ocrx_word' id='word_1_209' title='bbox 777 2353 838 2382; x_wconf 92' lang='lat' dir='ltr'>To-</span> 
     </span>
     <span class='ocr_line' id='line_1_35' title="bbox 180 2399 430 2431; baseline 0.008 -2"><span class='ocrx_word' id='word_1_210' title='bbox 180 2410 254 2430; x_wconf 91' lang='lat' dir='ltr'>mon</span> <span class='ocrx_word' id='word_1_211' title='bbox 269 2399 430 2431; x_wconf 85' lang='lat' dir='ltr'>infestant.</span> 
     </span>
    </p>

    <p class='ocr_par' dir='ltr' id='par_1_13' title="bbox 180 2449 840 2542">
     <span class='ocr_line' id='line_1_36' title="bbox 224 2449 840 2493; baseline 0.003 -15"><span class='ocrx_word' id='word_1_212' title='bbox 224 2449 276 2479; x_wconf 85' lang='grc'>64.</span> <span class='ocrx_word' id='word_1_213' title='bbox 298 2449 403 2480; x_wconf 80' lang='lat' dir='ltr'>Fortia</span> <span class='ocrx_word' id='word_1_214' title='bbox 417 2451 506 2491; x_wconf 64' lang='lat' dir='ltr'>fila]</span> <span class='ocrx_word' id='word_1_215' title='bbox 535 2451 718 2493; x_wconf 66' lang='lat' dir='ltr'>Prosper-am</span> <span class='ocrx_word' id='word_1_216' title='bbox 732 2450 840 2487; x_wconf 86' lang='lat' dir='ltr'>vitam,</span> 
     </span>
     <span class='ocr_line' id='line_1_37' title="bbox 180 2498 731 2542; baseline 0.004 -14"><span class='ocrx_word' id='word_1_217' title='bbox 180 2498 269 2539; x_wconf 87' lang='lat' dir='ltr'>cujus</span> <span class='ocrx_word' id='word_1_218' title='bbox 285 2498 339 2529; x_wconf 80' lang='lat' dir='ltr'>fila</span> <span class='ocrx_word' id='word_1_219' title='bbox 353 2509 413 2530; x_wconf 88' lang='lat' dir='ltr'>non</span> <span class='ocrx_word' id='word_1_220' title='bbox 430 2499 520 2530; x_wconf 81' lang='lat' dir='ltr'>facile</span> <span class='ocrx_word' id='word_1_221' title='bbox 536 2506 731 2542; x_wconf 86' lang='lat' dir='ltr'>rumpuntur.</span> 
     </span>
    </p>

    <p class='ocr_par' dir='ltr' id='par_1_14' title="bbox 178 2547 841 2736">
     <span class='ocr_line' id='line_1_38' title="bbox 225 2547 840 2591; baseline 0.003 -14"><span class='ocrx_word' id='word_1_222' title='bbox 225 2547 278 2578; x_wconf 87' lang='lat'>65.</span> <span class='ocrx_word' id='word_1_223' title='bbox 309 2547 464 2588; x_wconf 63' lang='lat' dir='ltr'>Campus]</span> <span class='ocrx_word' id='word_1_224' title='bbox 495 2549 607 2591; x_wconf 87' lang='lat' dir='ltr'>Campi</span> <span class='ocrx_word' id='word_1_225' title='bbox 636 2549 746 2579; x_wconf 84' lang='lat' dir='ltr'>Martii</span> <span class='ocrx_word' id='word_1_226' title='bbox 774 2560 840 2579; x_wconf 87' lang='lat' dir='ltr'>cer-</span> 
     </span>
     <span class='ocr_line' id='line_1_39' title="bbox 182 2595 841 2629; baseline 0.003 -4"><span class='ocrx_word' id='word_1_227' title='bbox 182 2595 302 2626; x_wconf 85' lang='lat' dir='ltr'>tamina</span> <span class='ocrx_word' id='word_1_228' title='bbox 316 2601 347 2626; x_wconf 87' lang='lat' dir='ltr'>et</span> <span class='ocrx_word' id='word_1_229' title='bbox 359 2597 608 2629; x_wconf 78' lang='lat' dir='ltr'>exercitationes.</span> <span class='ocrx_word' id='word_1_230' title='bbox 643 2599 744 2628; x_wconf 78' lang='lat' dir='ltr'>Densa</span> <span class='ocrx_word' id='word_1_231' title='bbox 759 2600 841 2628; x_wconf 76' lang='lat' dir='ltr'>modo</span> 
     </span>
     <span class='ocr_line' id='line_1_40' title="bbox 178 2645 841 2688; baseline 0.005 -14"><span class='ocrx_word' id='word_1_232' title='bbox 178 2647 320 2684; x_wconf 74' lang='lat' dir='ltr'>porticus.</span> <span class='ocrx_word' id='word_1_233' title='bbox 353 2645 534 2686; x_wconf 85' lang='lat' dir='ltr'>Aliquando</span> <span class='ocrx_word' id='word_1_234' title='bbox 560 2652 645 2678; x_wconf 88' lang='lat' dir='ltr'>tenet</span> <span class='ocrx_word' id='word_1_235' title='bbox 668 2653 711 2683; x_wconf 84' lang='lat' dir='ltr'>te,</span> <span class='ocrx_word' id='word_1_236' title='bbox 729 2646 841 2688; x_wconf 90' lang='lat' dir='ltr'>inquit,</span> 
     </span>
     <span class='ocr_line' id='line_1_41' title="bbox 181 2693 827 2736; baseline 0.005 -13"><span class='ocrx_word' id='word_1_237' title='bbox 181 2693 317 2736; x_wconf 85' lang='lat' dir='ltr'>porticus</span> <span class='ocrx_word' id='word_1_238' title='bbox 334 2693 440 2736; x_wconf 85' lang='lat' dir='ltr'>aliqua</span> <span class='ocrx_word' id='word_1_239' title='bbox 453 2705 524 2725; x_wconf 88' lang='lat' dir='ltr'>cum</span> <span class='ocrx_word' id='word_1_240' title='bbox 539 2695 634 2726; x_wconf 89' lang='lat' dir='ltr'>hortis</span> <span class='ocrx_word' id='word_1_241' title='bbox 650 2695 827 2727; x_wconf 80' lang='lat' dir='ltr'>nemorosis.</span> 
     </span>
    </p>

    <p class='ocr_par' dir='ltr' id='par_1_15' title="bbox 226 2743 842 2786">
     <span class='ocr_line' id='line_1_42' title="bbox 226 2743 842 2786; baseline 0.005 -13"><span class='ocrx_word' id='word_1_242' title='bbox 226 2743 277 2774; x_wconf 84' lang='lat'>66.</span> <span class='ocrx_word' id='word_1_243' title='bbox 295 2743 333 2773; x_wconf 82' lang='lat' dir='ltr'>In</span> <span class='ocrx_word' id='word_1_244' title='bbox 348 2755 404 2784; x_wconf 74' lang='lat' dir='ltr'>quo</span> <span class='ocrx_word' id='word_1_245' title='bbox 423 2755 512 2784; x_wconf 78' lang='lat' dir='ltr'>ponus</span> <span class='ocrx_word' id='word_1_246' title='bbox 530 2757 599 2776; x_wconf 74' lang='lat' dir='ltr'>rura</span> <span class='ocrx_word' id='word_1_247' title='bbox 622 2745 778 2786; x_wconf 59' lang='lat' dir='ltr'>tempora]</span> <span class='ocrx_word' id='word_1_248' title='bbox 805 2745 842 2776; x_wconf 86' lang='lat' dir='ltr'>Iu</span> 
     </span>
    </p>
   </div>
   <div class='ocr_carea' id='block_1_10' title="bbox 906 2346 1569 2823">
    <p class='ocr_par' dir='ltr' id='par_1_16' title="bbox 906 2346 1568 2480">
     <span class='ocr_line' id='line_1_43' title="bbox 906 2346 1566 2386; baseline -0.012 -4"><span class='ocrx_word' id='word_1_249' title='bbox 906 2353 1036 2382; x_wconf 74' lang='lat' dir='ltr'>Albana.</span> <span class='ocrx_word' id='word_1_250' title='bbox 1059 2350 1103 2380; x_wconf 89' lang='lat' dir='ltr'>Te</span> <span class='ocrx_word' id='word_1_251' title='bbox 1122 2354 1247 2380; x_wconf 86' lang='lat' dir='ltr'>euntem</span> <span class='ocrx_word' id='word_1_252' title='bbox 1263 2347 1295 2377; x_wconf 87' lang='lat' dir='ltr'>in</span> <span class='ocrx_word' id='word_1_253' title='bbox 1310 2346 1469 2376; x_wconf 76' lang='lat' dir='ltr'>Albanum</span> <span class='ocrx_word' id='word_1_254' title='bbox 1486 2356 1566 2386; x_wconf 67' lang='lat' dir='ltr'>prze-</span> 
     </span>
     <span class='ocr_line' id='line_1_44' title="bbox 907 2393 1568 2431; baseline -0.008 -2"><span class='ocrx_word' id='word_1_255' title='bbox 907 2400 992 2431; x_wconf 89' lang='lat' dir='ltr'>dium</span> <span class='ocrx_word' id='word_1_256' title='bbox 1007 2413 1012 2429; x_wconf 92' lang='lat'>:</span> <span class='ocrx_word' id='word_1_257' title='bbox 1049 2398 1133 2428; x_wconf 84' lang='lat' dir='ltr'>Alba</span> <span class='ocrx_word' id='word_1_258' title='bbox 1162 2402 1266 2428; x_wconf 79' lang='lat' dir='ltr'>autem</span> <span class='ocrx_word' id='word_1_259' title='bbox 1293 2394 1407 2426; x_wconf 82' lang='lat' dir='ltr'>Marsis</span> <span class='ocrx_word' id='word_1_260' title='bbox 1436 2393 1568 2425; x_wconf 85' lang='lat' dir='ltr'>finitima</span> 
     </span>
     <span class='ocr_line' id='line_1_45' title="bbox 906 2445 1368 2480; baseline -0.011 -1"><span class='ocrx_word' id='word_1_261' title='bbox 906 2449 965 2480; x_wconf 81' lang='lat' dir='ltr'>fuit</span> <span class='ocrx_word' id='word_1_262' title='bbox 980 2449 1011 2479; x_wconf 90' lang='lat' dir='ltr'>in</span> <span class='ocrx_word' id='word_1_263' title='bbox 1026 2448 1149 2479; x_wconf 84' lang='lat' dir='ltr'>excelso</span> <span class='ocrx_word' id='word_1_264' title='bbox 1166 2457 1239 2477; x_wconf 79' lang='lat' dir='ltr'>saxo</span> <span class='ocrx_word' id='word_1_265' title='bbox 1255 2445 1368 2475; x_wconf 78' lang='lat' dir='ltr'>locata.</span> 
     </span>
    </p>

    <p class='ocr_par' dir='ltr' id='par_1_17' title="bbox 951 2491 1523 2534">
     <span class='ocr_line' id='line_1_46' title="bbox 951 2491 1523 2534; baseline -0.012 -6"><span class='ocrx_word' id='word_1_266' title='bbox 951 2499 1002 2529; x_wconf 84' lang='lat'>68.</span> <span class='ocrx_word' id='word_1_267' title='bbox 1018 2497 1161 2527; x_wconf 63' lang='lat' dir='ltr'>Fet-venti</span> <span class='ocrx_word' id='word_1_268' title='bbox 1179 2495 1270 2534; x_wconf 64' lang='lat' dir='ltr'>rota]</span> <span class='ocrx_word' id='word_1_269' title='bbox 1296 2491 1406 2525; x_wconf 74' lang='lat' dir='ltr'>Veloci</span> <span class='ocrx_word' id='word_1_270' title='bbox 1422 2503 1523 2523; x_wconf 88' lang='lat' dir='ltr'>curru.</span> 
     </span>
    </p>

    <p class='ocr_par' dir='ltr' id='par_1_18' title="bbox 908 2541 1569 2685">
     <span class='ocr_line' id='line_1_47' title="bbox 951 2541 1567 2582; baseline -0.01 -6"><span class='ocrx_word' id='word_1_271' title='bbox 951 2547 1003 2577; x_wconf 87' lang='lat'>71.</span> <span class='ocrx_word' id='word_1_272' title='bbox 1019 2547 1065 2576; x_wconf 20' lang='lat' dir='ltr'>Ah*</span> <span class='ocrx_word' id='word_1_273' title='bbox 1079 2547 1199 2575; x_wconf 79' lang='lat' dir='ltr'>nimium</span> <span class='ocrx_word' id='word_1_274' title='bbox 1213 2543 1281 2582; x_wconf 47' lang='lat' dir='ltr'>esa]</span> <span class='ocrx_word' id='word_1_275' title='bbox 1309 2541 1393 2579; x_wconf 82' lang='lat' dir='ltr'>Quia</span> <span class='ocrx_word' id='word_1_276' title='bbox 1407 2551 1567 2581; x_wconf 87' lang='lat' dir='ltr'>nunquam</span> 
     </span>
     <span class='ocr_line' id='line_1_48' title="bbox 908 2590 1569 2637; baseline -0.008 -11"><span class='ocrx_word' id='word_1_277' title='bbox 908 2596 964 2626; x_wconf 84' lang='lat' dir='ltr'>tibi</span> <span class='ocrx_word' id='word_1_278' title='bbox 987 2594 1145 2637; x_wconf 70' lang='lat' dir='ltr'>praestabit</span> <span class='ocrx_word' id='word_1_279' title='bbox 1164 2594 1338 2634; x_wconf 86' lang='lat' dir='ltr'>Augustus,</span> <span class='ocrx_word' id='word_1_280' title='bbox 1354 2597 1388 2622; x_wconf 88' lang='lat' dir='ltr'>ut</span> <span class='ocrx_word' id='word_1_281' title='bbox 1411 2590 1569 2631; x_wconf 86' lang='lat' dir='ltr'>relegatus</span> 
     </span>
     <span class='ocr_line' id='line_1_49' title="bbox 908 2645 1372 2685; baseline -0.011 -9"><span class='ocrx_word' id='word_1_282' title='bbox 908 2645 939 2676; x_wconf 86' lang='lat' dir='ltr'>in</span> <span class='ocrx_word' id='word_1_283' title='bbox 955 2656 1062 2685; x_wconf 79' lang='lat' dir='ltr'>agrum</span> <span class='ocrx_word' id='word_1_284' title='bbox 1078 2649 1167 2674; x_wconf 89' lang='lat' dir='ltr'>tuum</span> <span class='ocrx_word' id='word_1_285' title='bbox 1182 2652 1372 2684; x_wconf 81' lang='lat' dir='ltr'>perveniam.</span> 
     </span>
    </p>

    <p class='ocr_par' dir='ltr' id='par_1_19' title="bbox 910 2690 1569 2781">
     <span class='ocr_line' id='line_1_50' title="bbox 953 2690 1569 2730; baseline -0.01 -5"><span class='ocrx_word' id='word_1_286' title='bbox 953 2696 1004 2725; x_wconf 79' lang='lat'>72.</span> <span class='ocrx_word' id='word_1_287' title='bbox 1030 2694 1069 2724; x_wconf 77' lang='grc' dir='ltr'>Ει</span> <span class='ocrx_word' id='word_1_288' title='bbox 1090 2694 1232 2724; x_wconf 79' lang='lat' dir='ltr'>contrahe</span> <span class='ocrx_word' id='word_1_289' title='bbox 1254 2692 1319 2722; x_wconf 78' lang='lat' dir='ltr'>vela</span> <span class='ocrx_word' id='word_1_290' title='bbox 1345 2691 1391 2721; x_wconf 78' lang='lat' dir='ltr'>tui</span> <span class='ocrx_word' id='word_1_291' title='bbox 1413 2690 1500 2730; x_wconf 56' lang='lat' dir='ltr'>vum]</span> <span class='ocrx_word' id='word_1_292' title='bbox 1528 2690 1569 2720; x_wconf 90' lang='lat' dir='ltr'>Et</span> 
     </span>
     <span class='ocr_line' id='line_1_51' title="bbox 910 2739 1411 2781; baseline -0.006 -8"><span class='ocrx_word' id='word_1_293' title='bbox 910 2743 972 2775; x_wconf 78' lang='lat' dir='ltr'>voti</span> <span class='ocrx_word' id='word_1_294' title='bbox 986 2743 1030 2775; x_wconf 86' lang='lat' dir='ltr'>tui</span> <span class='ocrx_word' id='word_1_295' title='bbox 1046 2742 1234 2773; x_wconf 83' lang='lat' dir='ltr'>desiderium</span> <span class='ocrx_word' id='word_1_296' title='bbox 1252 2739 1411 2781; x_wconf 81' lang='lat' dir='ltr'>restringe.</span> 
     </span>
    </p>

    <p class='ocr_par' dir='ltr' id='par_1_20' title="bbox 1040 2792 1132 2823">
     <span class='ocr_line' id='line_1_52' title="bbox 1040 2792 1132 2823; baseline -0.022 -1"><span class='ocrx_word' id='word_1_297' title='bbox 1040 2792 1065 2823; x_wconf 86' lang='lat' dir='ltr'>C</span> <span class='ocrx_word' id='word_1_298' title='bbox 1080 2805 1096 2820; x_wconf 53' lang='grc' dir='ltr'>ιΔ</span> <span class='ocrx_word' id='word_1_299' title='bbox 1114 2793 1132 2821; x_wconf 78' lang='grc'><strong><em>3</em></strong></span> 
     </span>
    </p>
   </div>
  </div>
 </body>
</html>
