1760 3172
402 177 712 220 TRISTIUM
746 177 866 218 LIB.
900 177 982 218 IV.
1017 177 1198 220 ELEG.
1233 179 1324 219 IX.

1478 179 1563 220 297

166 294 251 342 Nil
274 294 344 341 ita
368 293 580 341 sublime
605 299 699 349 est,
724 308 975 357 supraque
1000 291 1225 355 pericula
1249 293 1425 349 tendit,

233 370 348 418 Non
374 371 439 417 sit
463 377 519 417 ut
543 369 747 418 inferius
775 370 1195 434 subpositumque
1222 370 1349 418 Dec.

166 447 298 495 Nam
325 462 634 511 quamquam
649 447 767 495 vitio
793 464 909 511 pars
931 454 1008 494 est
1027 454 1285 494 contracta
1303 448 1560 503 malorum,

231 525 355 572 Plus
377 531 546 572 tamen
572 524 711 572 exitii
732 524 949 571 numinis
976 524 1047 571 ira
1071 523 1226 571 dedit.

1500 528 1563 573 50

164 601 232 649 At
254 618 341 649 vos
368 602 611 649 admoniti
638 602 820 649 nostris
845 618 1049 665 quoque
1075 601 1275 648 casibus
1305 608 1427 657 este,

230 678 533 742 AEquantem
562 679 783 743 Superos
809 678 1082 726 emeruisse
1106 678 1282 725 virum.

632 1005 936 1053 ELEGIA
990 1006 1090 1054 IX.

165 1145 224 1192 S1
253 1145 386 1202 licet,
414 1153 466 1193 et
490 1146 692 1210 pateris,
717 1163 899 1194 nomen
925 1146 1221 1210 facinusque
1246 1148 1441 1205 tacebo,

231 1222 296 1270 Et
319 1230 408 1271 tua
433 1223 649 1271 Lethaeis
676 1232 792 1273 acta
813 1226 1067 1273 dabuntur
1093 1225 1266 1288 aquis;

162 1299 450 1364 Nostraque
470 1301 697 1349 vincetur
721 1302 956 1366 lacrymis
979 1302 1248 1350 clementia
1273 1302 1395 1350 seris
1415 1319 1424 1350 :

229 1378 329 1426 Fac
354 1379 518 1435 modo,
546 1386 595 1426 te
619 1386 790 1443 pateat
814 1380 1107 1444 poenituisse
1132 1380 1231 1436 tui3

163 1456 263 1504 Fac
288 1457 436 1504 modo
461 1464 510 1504 te
535 1458 1068 1522 damnes,fcupiasque
1095 1458 1299 1505 eradere
1325 1457 1436 1504 vitae
1530 1460 1559 1504 5

227 1534 491 1599 Tempora,
519 1536 560 1583 si
587 1537 766 1600 possis,
795 1536 1116 1600 Tisiphonaea
1140 1542 1255 1583 tuae.

203 1775 255 1806 47.
281 1774 416 1816 Tendit]
442 1776 538 1807 Extra
560 1776 712 1818 pericula,
737 1778 825 1809 velut

160 1823 270 1855 altiore
301 1829 331 1855 et
363 1824 474 1855 tutiore
504 1825 574 1857 loco
602 1826 737 1868 positum
767 1832 825 1857 est.

162 1872 294 1904 Tendere
306 1884 361 1915 pro
374 1874 509 1905 tentoria
524 1874 639 1906 habere
654 1881 686 1906 et
710 1875 742 1906 in
764 1875 826 1906 illis

159 1921 315 1954 habitare.
338 1923 426 1964 Virg.
443 1925 520 1954 AEn.
540 1923 572 1954 ii.
595 1926 647 1956 29.
664 1926 711 1956 hic
736 1936 827 1956 smnus

158 1971 311 2003 tendebat
325 1972 480 2004 Achilles.
497 1972 560 2004 viii.
577 1975 650 2005 605.
667 1975 742 2016 legio
758 1976 828 2006 latis

158 2020 307 2052 tendebat
324 2022 355 2052 in
367 2024 457 2053 arvis.
502 2022 700 2054 Vssnpoonr.

202 2071 256 2102 50.
280 2070 356 2101 Plus
389 2077 488 2102 tamen
523 2073 639 2114 exitii]
681 2073 828 2104 Ostendit

159 2129 276 2151 numen
291 2119 324 2151 in
338 2131 375 2152 eo
390 2130 480 2152 suam
495 2121 558 2152 vim
573 2127 605 2153 et
628 2128 826 2165 potestatem,

158 2171 243 2212 quod
267 2181 316 2202 me
340 2182 434 2214 supra
459 2172 605 2203 meritum
634 2172 769 2216 punivit,
796 2179 828 2203 et

158 2225 312 2261 quantum
327 2221 489 2260 collibuit;
512 2232 574 2253 non
590 2227 742 2264 quantum
757 2232 828 2253 mea

158 2279 241 2300 noxa
252 2270 448 2302 commeruit.
493 2271 598 2303 Pom.

201 2368 232 2398 3.
265 2367 412 2399 Preclare
445 2369 619 2412 suspicatur
650 2370 827 2401 Burmann.

160 2415 201 2446 Et
225 2422 290 2452 tua,
306 2417 359 2458 (ut
382 2423 449 2448 erat
471 2417 504 2448 in
527 2419 595 2450 cod.
619 2419 825 2459 Lovaniensi)

157 2464 208 2495 vel
229 2465 388 2507 1¹'estr·aque
403 2469 540 2498 vincetur
553 2469 683 2499 lacrimis
698 2468 825 2499 demen-

154 2513 204 2544 tia
217 2517 290 2545 seris
297 2526 308 2552 ,·
329 2525 401 2546 nam
419 2525 481 2546 non
496 2516 632 2548 vincitur
646 2516 826 2553 clementia,

159 2561 218 2593 nisi
244 2562 380 2600 delictis,
407 2564 462 2595 sed
487 2565 607 2596 saevitia
629 2565 826 2607 deprecando

158 2615 191 2641 et
217 2611 410 2643 lacrimando
440 2619 637 2644 exarmatur:
666 2616 705 2644 cl.
735 2621 766 2645 et
796 2617 825 2645 d.

158 2660 329 2691 scribarum
354 2672 454 2693 errore
479 2662 569 2694 facile
595 2669 826 2705 permutantur.

162 2709 311 2741 Hamas.

935 1778 966 1807 4.
996 1776 1171 1807 Poenituisse
1188 1775 1262 1815 [ab]
1288 1774 1480 1805 Poenituisse
1496 1774 1564 1816 ejus

892 1826 977 1867 quod
1001 1825 1033 1856 in
1060 1836 1109 1855 me
1132 1824 1245 1855 fecisti.
1284 1825 1378 1854 Mau.
1423 1824 1564 1854 Poenitet

893 1875 1031 1917 aliquem
1042 1875 1101 1910 sui,
1113 1885 1209 1916 quum
1222 1873 1353 1904 consilia
1365 1879 1397 1904 et
1410 1873 1494 1904 facta
1508 1884 1564 1904 sua

894 1924 1035 1959 damnat,
1052 1923 1176 1965 sibique
1192 1922 1348 1964 displicet.
1393 1923 1499 1953 ΡοΝτ.

937 1975 968 2004 6.
995 1974 1138 2013 Tempora
1170 1972 1381 2014 Tisiphomra]
1408 1972 1564 2013 Tempora

895 2022 1060 2064 flagitiosa,
1077 2022 1203 2053 furialia
1224 2027 1256 2052 et
1272 2021 1429 2056 nocentia,
1448 2021 1478 2051 id
1504 2028 1563 2058 est,

895 2072 1004 2113 cupias
1015 2082 1076 2102 non
1092 2071 1155 2102 dici
1170 2082 1240 2102 meo
1256 2081 1359 2106 versu,
1371 2081 1492 2112 semper
1508 2071 1562 2101 fla-

893 2121 978 2162 gitiis
1001 2132 1128 2163 operam
1149 2120 1284 2156 dedisse,
1300 2126 1331 2150 et
1356 2120 1513 2155 nocuisse,
1530 2126 1564 2151 ut

893 2171 1063 2213 Tisiphone
1103 2170 1193 2201 furia.
1243 2171 1337 2201 Mizn.
1395 2170 1564 2211 Cupz'asqne

894 2222 1017 2251 eradere
1031 2224 1096 2251 vita*
1111 2220 1253 2259 Tempora
1273 2220 1466 2259 Tisiphona'a.
1493 2221 1563 2251 Hoc

895 2276 951 2307 est,
968 2270 1017 2301 fac
1043 2275 1074 2300 te
1098 2270 1242 2305 damnes,
1258 2274 1290 2299 et
1309 2269 1418 2310 cupias
1444 2280 1481 2300 ex
1499 2270 1563 2301 vita

893 2325 948 2350 tua
971 2319 1142 2355 eradicare,
1168 2318 1232 2349 sive
1257 2317 1393 2360 penitus,
1417 2319 1442 2348 si
1471 2319 1563 2350 niodo

894 2369 1002 2410 possiS,
1019 2368 1138 2404 tollere,
1155 2367 1186 2398 id
1203 2368 1286 2409 quod
1311 2373 1358 2398 est
1373 2367 1562 2409 Tisiphones

893 2417 1063 2460 proprium,
1075 2417 1132 2448 hoc
1149 2422 1206 2453 est,
1218 2417 1369 2448 invidiam
1379 2423 1410 2448 et
1424 2418 1562 2449 studium

894 2466 1038 2498 nocendi.
1084 2466 1163 2497 Vel:
1199 2466 1308 2508 cupias
1331 2467 1458 2498 eradere
1483 2472 1562 2497 teni-

894 2526 970 2558 pora
980 2515 1180 2558 'l'isiplionaea
1191 2515 1262 2546 vitae
1276 2521 1350 2550 tuae,
1361 2527 1426 2557 pro,
1435 2516 1562 2547 studeas

894 2565 1030 2601 abolere,
1045 2571 1075 2595 et
1088 2576 1125 2595 ex
1137 2565 1208 2595 vitae
1226 2572 1286 2595 tuae
1302 2566 1394 2596 rebus
1409 2565 1487 2596 actis
1503 2565 1559 2595 tol-

894 2614 967 2649 lere,
989 2625 1026 2644 ea
1050 2625 1120 2655 qum
1145 2615 1296 2645 scelerate
1321 2614 1490 2656 aliquando
1515 2615 1559 2646 se-
1580 2617 1585 2619 “

895 2662 975 2694 cisti.
1024 2664 1150 2694 Μιεϊι.
