1760 3172
380 169 472 210 EX
505 168 715 211 PONTO
750 167 869 210 LIB.
903 168 941 210 I.
973 168 1167 211 EPIST.
1198 169 1335 211 VIII.

1463 169 1548 212 385

165 282 311 338 Quod
337 283 377 331 si
402 283 647 348 permittis
673 283 814 331 nobis
841 284 1065 340 suadere,
1093 284 1213 347 quid
1239 292 1411 350 optes:

233 360 305 408 Ut
329 361 433 417 des,
461 376 613 424 quam
637 361 833 416 reddam,
860 360 1017 423 plura,
1044 376 1247 424 precare
1273 362 1425 409 Deos,

164 436 327 500 quue
351 437 487 493 facis,
509 444 850 500 quantumque
876 436 994 484 licet
1017 437 1319 494 meminisse,
1348 439 1543 486 solebas

234 513 396 561 Officii
421 529 622 562 causam
647 514 871 578 pluribus
897 530 1007 560 esse
1028 514 1144 562 dati.
1483 518 1545 563 66

164 591 404 647 Quolibet
427 592 476 638 in
500 608 703 639 numero
727 606 823 646 me,
851 590 1161 648 Messalline,
1188 607 1401 655 repone3

234 668 340 716 Sim
364 670 512 716 modo
537 685 650 733 pars
674 675 850 716 vestrae
876 656 1161 716 non-aliena
1185 669 1389 716 domus:

167 745 235 793 Et
256 746 388 794 mala
412 745 682 802 Nasonem,
710 745 947 809 quoniam
972 746 1212 794 meruisse
1235 746 1445 803 videtur,

234 822 289 871 Si
313 840 411 872 non
436 823 561 872 ferre
586 824 742 880 doles,
769 831 819 871 at
843 824 1082 872 meruisse
1103 824 1231 873 dole.

1484 827 1548 872 70

546 1137 979 1186 EPISTOLA
1024 1137 1172 1185 VIII.

729 1273 994 1315 SEVERO.

168 1371 212 1420 A
240 1389 356 1420 T1BI
383 1372 564 1422 dilecto
588 1374 791 1422 missam
819 1375 1020 1423 Nasone
1046 1375 1254 1423 salutem

235 1450 441 1516 Accipe,
469 1468 583 1516 pars
610 1453 784 1501 animae
810 1469 1006 1517 magna,
1037 1453 1237 1509 Severe,
1263 1466 1404 1499 meae.

170 1527 311 1577 Neve
329 1545 462 1592 roga,
481 1530 602 1593 quid
623 1546 767 1594 agam
785 1549 795 1587 ;
826 1531 866 1578 si
891 1546 1163 1595 persequar
1179 1528 1359 1586 omnia,
1376 1527 1519 1576 flebis
1539 1544 1549 1576 :

239 1605 446 1654 Summa
469 1607 590 1655 satis
616 1609 769 1656 nostri
795 1608 835 1655 si
860 1609 950 1656 tibi
975 1616 1093 1657 nota
1116 1608 1249 1656 mali.

169 1682 394 1732 Vivimus
417 1684 637 1733 adsiduis
663 1693 894 1751 expertes
918 1687 1056 1752 pacis
1082 1686 1130 1733 in
1156 1685 1320 1741 armis,
1524 1685 1554 1730 5

238 1760 377 1810 Dura
399 1762 683 1826 pharetrato
706 1765 837 1813 bella
861 1772 1089 1813 movente
1117 1764 1265 1811 Geta.

170 1837 350 1902 Deque
374 1846 450 1887 tot
473 1841 695 1904 expulsis
722 1858 831 1889 sum
856 1843 997 1890 miles
1023 1842 1072 1888 in
1098 1840 1273 1889 exsule
1299 1838 1461 1886 solus:

239 1915 384 1974 Tuta,
411 1934 503 1965 nec
529 1918 739 1976 invideo,
769 1928 948 1969 caetera
970 1920 1118 1968 turba
1135 1920 1288 1983 jacet.

172 2037 227 2080 qui
253 2049 286 2070 es
308 2045 430 2082 potens,
449 2046 480 2072 et
505 2041 600 2073 uteris
622 2042 751 2074 feliciori
774 2043 833 2074 for-

171 2093 249 2120 tuna
263 2100 357 2131 quam
373 2101 440 2133 ego,
457 2091 515 2123 hoc
531 2092 678 2134 pertinet.
711 2094 832 2124 Prome-

171 2141 276 2171 ruisse.
298 2140 464 2173 Beneficiis
475 2142 658 2174 conciliasse
668 2148 699 2174 et
705 2143 834 2185 juvisse.

215 2189 268 2220 64.
293 2189 335 2220 Ut
357 2191 432 2231 des.]
464 2191 588 2223 Dandis
611 2192 712 2234 magis
738 2203 832 2235 quam

173 2237 366 2281 accipiendis
380 2241 540 2272 beneficiis
555 2241 671 2273 amicos
686 2247 788 2284 paret.

217 2288 270 2319 66.
295 2288 366 2320 Esse
387 2301 507 2321 causam
532 2290 623 2331 qfficii
646 2293 711 2322 dati
731 2292 832 2331 pluri-

175 2337 255 2378 bus]
286 2337 331 2368 Te
359 2348 426 2370 esse
451 2349 588 2376 causam,
615 2339 699 2381 quod
727 2340 833 2382 plures

173 2386 328 2418 beneficia
341 2388 500 2419 consecuti
514 2388 639 2419 fuerint.
676 2389 767 2420 Mna.

218 2436 271 2467 67.
296 2436 463 2477 Quolibet]
485 2436 547 2468 Vel
562 2437 595 2468 in
610 2448 739 2469 numero
756 2438 833 2469 ami-

175 2495 282 2516 corum
305 2490 438 2522 tuorum,
462 2486 513 2516 vel
536 2486 705 2518 amicorum
734 2487 835 2518 fratris

174 2534 232 2566 tui.

219 2584 272 2616 69.
294 2583 327 2614 Si
340 2595 400 2615 non
414 2585 492 2615 doles
510 2585 658 2616 Nasonem
667 2585 758 2627 ferre
772 2597 834 2616 ma·

179 2632 237 2674 la.]
267 2632 300 2663 Si
323 2643 385 2664 non
409 2633 539 2665 tristaris
559 2644 609 2666 me
630 2634 780 2666 Ovidium
804 2634 836 2665 in

176 2682 286 2714 exsilio
301 2682 527 2724 inquietissimo
542 2683 668 2715 versari.

222 2732 274 2763 70.
290 2733 331 2762 At
352 2734 493 2764 meruisse
512 2733 608 2774 dola]
634 2732 752 2765 Saltem
767 2732 838 2764 dole

901 2043 984 2086 quod
1012 2042 1139 2074 meritus
1164 2050 1233 2071 sum
1258 2039 1390 2080 relegari
1411 2038 1451 2069 ab
1469 2037 1556 2078 Aug.

900 2092 991 2134 quasi
1013 2091 1110 2128 dicat,
1126 2090 1236 2121 saltem
1257 2087 1328 2118 dole
1344 2086 1427 2129 quod
1446 2085 1557 2117 fuerim

900 2141 1019 2174 infelix.

943 2239 974 2270 6.
997 2239 1075 2269 Geta
1096 2235 1304 2276 pharetrato]
1336 2234 1419 2265 Geta
1443 2232 1559 2274 populo

900 2287 1090 2329 sagittife103
1106 2284 1227 2327 sagittis
1239 2283 1323 2316 enim
1338 2292 1457 2314 veneno
1473 2281 1560 2312 illitis

900 2337 932 2367 in
947 2336 1030 2367 bello
1045 2337 1136 2368 Getae
1153 2335 1330 2365 utebantur.

944 2386 975 2417 7.
1003 2386 1104 2425 Deque
1119 2390 1162 2414 tot
1187 2382 1346 2423 expulsis]
1386 2381 1427 2411 Et
1449 2380 1489 2411 de
1514 2385 1561 2411 tot

901 2434 1022 2466 civibus
1039 2432 1266 2465 exsulantibus.
1299 2431 1385 2462 Solus
1399 2441 1463 2461 sum
1478 2430 1561 2460 miles

901 2486 934 2515 in
949 2485 1057 2515 exsule.
1079 2483 1170 2514 Solus
1194 2492 1263 2512 sum
1286 2480 1375 2511 miles
1394 2478 1510 2521 pariter
1529 2483 1561 2509 et

902 2533 990 2564 exsul
1002 2544 1010 2571 3
1026 2531 1110 2563 bello
1125 2530 1245 2562 scilicet
1260 2535 1291 2561 et
1306 2528 1415 2560 exsilio
1430 2527 1559 2558 damna-

902 2588 964 2614 tus.

946 2632 977 2661 8.
1001 2630 1113 2661 Caetera
1139 2627 1256 2668 turbm]
1283 2625 1414 2667 Reliqui
1428 2625 1563 2656 Romani

904 2679 1027 2712 exsules
1041 2683 1152 2720 praeter
1166 2688 1228 2709 me.
1263 2676 1351 2707 Jacet
1367 2676 1467 2706 turba.
1492 2674 1563 2704 Non

905 2729 998 2761 armis
1013 2733 1153 2759 vexatur.

1036 2776 1062 2807 C
1077 2787 1094 2807 c
