1760 3172
441 160 627 203 ARTIS
660 160 1020 203 AMATORIAE
1051 162 1173 205 LIB.
1207 165 1298 208 III.
1507 168 1563 210 71

167 275 285 322 Dux
309 276 470 324 bonus
495 277 610 325 huic
636 283 838 325 centum
863 279 1112 325 commisit
1136 279 1235 327 vite
1260 283 1534 343 regendos3

234 352 365 402 Huic
392 355 616 418 equites;
659 355 728 402 illi
755 354 898 417 signa
921 355 1109 402 tuenda
1133 356 1288 404 dedit.

165 429 267 477 Vos
293 447 512 495 quoque,
539 432 602 479 de
636 432 779 479 nobis
806 448 956 495 quem
983 433 1199 496 quisque
1224 434 1289 481 sit
1313 442 1459 498 aptus
1497 436 1559 483 ad

232 507 496 572 Inspicite:
526 515 576 556 et
595 516 731 557 certo
753 510 922 573 ponite
938 527 1193 573 quemque
1213 511 1341 558 loco.
1371 513 1556 574 [usum,

164 584 379 634 Munera
402 587 488 634 det
505 587 671 635 dives:
706 588 790 650 jus
811 588 897 650 qui
923 588 1252 651 profitebitur,
1277 590 1434 637 adsit:
1461 593 1551 637 531

230 663 494 712 Facundus
520 681 750 712 caussam
776 682 910 729 saepe
935 665 1130 712 clientis
1157 673 1289 728 agat.

164 740 400 789 Carmina
424 743 510 805 qui
535 742 760 798 facimus,
788 742 1042 789 mittamus
1067 743 1288 790 carmina
1314 750 1523 790 tantum.

229 818 326 866 Hic
352 819 532 867 chorus
558 828 673 867 ante
699 821 821 867 alios
848 827 995 884 aptus
1022 837 1189 867 amare
1215 837 1404 868 sumus.

163 895 269 943 Nos
295 896 503 944 facimus
529 898 726 961 placitae
752 898 851 945 late
876 898 1127 962 praeconia
1151 899 1338 946 formae.

1459 901 1555 945 535

229 974 427 1022 Nomen
452 975 604 1023 habet
629 975 887 1024 Nemesis:
930 976 1154 1041 Cynthia
1178 993 1358 1024 nomen
1384 977 1552 1024 habet.

159 1050 353 1115 Vesper
378 1059 428 1099 et
454 1052 573 1099 Eoae
600 1070 779 1101 novere
806 1054 1056 1117 Lycorida
1079 1062 1253 1102 terrae:

227 1128 294 1176 Et
317 1130 475 1186 multi,
503 1146 616 1193 quae
642 1130 707 1177 sit
731 1138 900 1178 nostra
926 1131 1162 1187 Corinna,
1190 1138 1383 1194 rogant.

159 1205 319 1263 Adde,
348 1207 482 1270 quod
508 1208 700 1255 insidiae
726 1209 880 1257 sacris
906 1225 934 1257 a
958 1209 1155 1257 vatibus
1182 1209 1392 1256 absunt:

224 1283 290 1330 Et
310 1282 430 1330 facit
454 1275 517 1331 ad
541 1302 703 1333 mores
731 1302 808 1333 ars
835 1302 1036 1349 quoque
1062 1292 1231 1333 nostra
1255 1302 1388 1332 suos.
1453 1286 1551 1331 540

159 1360 268 1408 Nec
293 1377 383 1408 nos
410 1362 630 1418 ambitio,
657 1379 749 1410 nec
776 1379 913 1410 amor
937 1379 1026 1410 nos
1051 1362 1212 1425 tangit
1235 1361 1483 1409 habendi:

226 1438 494 1486 Contemto
519 1439 697 1486 colitur
720 1440 881 1487 lectus
907 1447 958 1487 et
982 1440 1158 1487 umbra
1178 1439 1300 1486 foro.

159 1515 261 1563 Sed
286 1515 430 1564 facile
455 1517 718 1573 haeremus,
745 1516 1011 1579 validoque
1036 1516 1315 1580 perurimur
1339 1522 1493 1573 aestu;

224 1593 291 1641 Et
314 1594 521 1640 nimium
545 1594 683 1643 certa
710 1594 895 1641 scimus
922 1609 1087 1641 amare
1112 1593 1228 1640 fide.

159 1671 363 1719 Scilicet
387 1671 641 1734 ingenium
668 1671 869 1735 placida
892 1671 1142 1717 mollimur
1167 1670 1229 1717 ab
1257 1676 1391 1717 arte:
1455 1671 1551 1716 045

224 1748 291 1796 Et
315 1749 479 1796 studio
505 1764 666 1796 mores
692 1747 1045 1795 convenienter
1070 1754 1206 1795 eunt.

153 1882 297 1914 modare‘!
333 1888 368 1913 ut
389 1883 535 1924 exempla
560 1882 677 1913 ducum
704 1881 744 1913 ad
770 1893 818 1914 res

154 1933 330 1967 amatorias,
345 1932 404 1962 Sec.
434 1932 519 1962 Nam
535 1943 605 1973 quae
621 1932 750 1962 Merula
764 1931 815 1962 hic

152 1981 192 2012 de
208 1981 429 2012 Andromache
450 1987 481 2012 et
494 1981 661 2012 Tecmess‘si
677 1981 815 2023 exponit,

152 2041 209 2062 suo
225 2030 317 2060 modo
333 2029 464 2071 affingit.
509 2031 636 2061 MicrL.

196 2081 270 2112 527.
295 2080 378 2110 Huic
394 2086 514 2110 centnm
529 2081 755 2120 commisitjure
770 2091 818 2111 re-

151 2129 286 2171 gendos]
313 2129 440 2171 Optime
461 2128 584 2170 Regius
603 2135 634 2159 et
654 2139 735 2159 unus
750 2129 815 2159 Va-

153 2179 286 2215 ticanus,
306 2180 376 2209 vite.
401 2177 556 2219 quomodo
576 2178 725 2220 Cujacius
749 2179 815 2209 Ob-

153 2234 266 2260 servat.
290 2228 345 2259 lib,
371 2227 425 2258 xii.
452 2237 522 2269 cap.
545 2227 652 2258 xxxiv.
687 2238 725 2258 ex
752 2227 816 2258 suis

151 2277 284 2320 scriptis.
308 2277 347 2308 de
370 2277 443 2312 vite,
462 2287 557 2317 quam
581 2277 722 2308 centurio
744 2288 815 2319 ges-

153 2327 250 2362 tabat,
266 2326 415 2368 loquitur.
460 2325 579 2356 HmNs.

196 2376 270 2406 530.
296 2375 335 2406 Et
351 2382 432 2406 certo
446 2376 549 2414 ponite
564 2386 704 2415 quemque
726 2375 813 2416 Ioco]

153 2426 215 2456 Suo
241 2435 397 2466 quemque
423 2429 594 2454 amatorem
621 2424 689 2455 loco
716 2425 812 2456 collo-

152 2479 224 2505 cent
237 2474 360 2516 puellas
380 2478 495 2510 monet,
513 2484 574 2514 quo
593 2473 755 2505 certiorem
775 2485 812 2505 ex

151 2523 213 2554 illis
238 2523 407 2554 utilitatem
432 2523 567 2561 ducant3
591 2533 648 2554 nec
676 2523 816 2555 carmina

152 2576 263 2614 petant
288 2582 306 2602 a
329 2573 432 2608 divite,
457 2572 507 2602 vel
531 2583 668 2608 munera,
695 2573 734 2603 ab
759 2572 815 2603 illo

153 2620 206 2662 qui
221 2619 297 2651 facit
312 2620 461 2657 carmina,
478 2621 537 2652 Sec.
582 2620 701 2651 AMAR.

196 2670 270 2701 536.
307 2670 420 2701 Nomen
451 2672 535 2701 habet
565 2671 706 2707 Nemesis,
734 2671 811 2711 &c.]

152 2718 248 2761 Apud
259 2718 376 2751 Tibull.
401 2720 533 2760 Cynthia
544 2730 627 2756 vero,
641 2719 724 2762 apud
738 2720 814 2750 Pro-

1458 1672 1481 1694 f

885 1887 963 1924 pert.
980 1882 1030 1912 De
1053 1879 1217 1922 Lycoride,
1234 1885 1394 1921 tantopere
1417 1889 1435 1910 a
1457 1879 1553 1911 Gallo

886 1931 1044 1967 adamata,
1062 1931 1125 1961 vid.
1143 1930 1231 1971 Virg.
1246 1930 1315 1960 Ecl.
1330 1941 1361 1959 x.
1406 1928 1524 1959 AMAR.

929 1981 1002 2011 541.
1029 1980 1092 2010 Nec
1108 1991 1190 2009 ‹mlo›-
1212 1990 1261 2008 1105
1280 1984 1370 2019 urget
1389 1979 1546 2018 habendi]

885 2029 968 2060 Mihi
985 2031 1049 2060 urit
1068 2029 1203 2059 maxime
1225 2028 1398 2063 blanditur,
1416 2034 1449 2058 ut
1465 2038 1551 2058 amo-

884 2090 949 2110 rem
965 2078 1103 2110 habendi
1123 2079 1285 2119 eleganter
1301 2078 1394 2119 po'e‘ta
1413 2084 1549 2119 opponat

885 2129 981 2159 amori
1005 2128 1132 2170 puellae,
1157 2138 1218 2168 quo
1239 2127 1408 2169 praecipuo,
1431 2133 1463 2157 et
1485 2128 1551 2159 solo

885 2179 947 2210 fere
963 2184 1092 2209 urantur
1107 2178 1222 2219 po'etae.
1270 2177 1388 2207 Bmm.

928 2228 1002 2259 545.
1026 2227 1188 2269 Ingenium
1209 2226 1332 2266 placida
1355 2227 1493 2256 mollitur
1511 2229 1549 2258 ab

883 2277 978 2318 arten]
1014 2277 1175 2307 Mollimzw·
1202 2276 1317 2317 optime
1344 2275 1549 2307 Sarravianus

884 2337 955 2357 cum
986 2332 1119 2368 quatuor
1147 2325 1229 2356 aliis.
1262 2324 1396 2355 usitatus
1425 2325 1547 2355 Nasoni

884 2376 1086 2407 Graecismus.
1120 2376 1239 2405 Hssms.
1286 2374 1398 2404 Nostra
1422 2375 1458 2404 ab
1482 2381 1549 2405 arte

882 2425 1024 2456 Francos.
1040 2431 1071 2455 et
1086 2424 1260 2455 Palatinus.
1277 2424 1387 2453 blanda
1403 2422 1456 2453 alii
1474 2434 1547 2454 cum

882 2475 1029 2505 Juniano.
1045 2474 1099 2504 sed
1113 2473 1190 2504 nihil
1203 2483 1291 2503 move
1304 2485 1309 2502 :
1326 2474 1449 2512 placida
1464 2472 1547 2503 enim

883 2535 933 2554 ars
957 2522 1069 2553 melius
1091 2524 1169 2554 Foro
1190 2527 1222 2552 et
1243 2521 1346 2552 Curiae
1371 2522 1549 2563 opponitur,

883 2582 978 2614 quarn
995 2573 1118 2602 blanda.
1151 2572 1171 2602 i.
1187 2570 1256 2600 Art.
1274 2571 1324 2600 12.

927 2623 1023 2661 Atque
1045 2623 1158 2651 animos
1178 2620 1301 2660 placida
1321 2620 1459 2650 contudit
1482 2626 1550 2650 arte

960 2670 1059 2711 feros.
1387 2668 1505 2700 Bunm.

973 2772 997 2802 F
1014 2772 1033 2801 4
