1760 3172
181 207 266 249 342

566 206 617 247 P.
650 204 862 247 OVIDII
898 205 1177 247 NASONIS

185 320 474 377 Scribimus,
497 326 548 368 et
572 319 781 384 scriptos
806 319 1110 367 absumimus
1136 320 1249 383 igne
1273 320 1496 369 libellos:

251 397 431 445 Exitus
455 403 532 445 est
556 397 706 445 studii
731 412 882 460 parva
905 395 1069 444 favilla
1092 397 1205 444 mei.

184 473 292 522 Nec
317 490 535 538 possum,
562 480 611 521 et
634 473 780 537 cupio
805 489 904 520 non
927 473 1051 520 ullos
1076 473 1258 521 ducere
1281 490 1451 522 versus
1475 491 1485 522 z

249 550 456 598 Ponitur
480 550 661 598 idcirco
686 556 854 597 noster
877 550 927 596 in
952 549 1065 612 igne
1088 550 1253 608 labor3

185 627 293 676 Nec
319 627 409 675 nisi
438 643 567 691 pars,
595 642 714 674 casu
739 626 949 674 flammis
975 633 1162 691 erepta,
1188 627 1379 683 dolove,
1496 629 1558 674 65

249 705 330 752 Ad
353 722 438 752 vos
464 704 647 768 ingenii
671 704 895 768 pervenit
917 705 1019 752 ulla
1041 704 1155 752 mei.

186 781 269 830 Sic
294 782 498 839 utinam,
526 775 637 846 'quae
662 782 730 829 nil
753 789 1058 830 metuentem
1080 783 1179 830 tale
1205 781 1491 845 magistrum

249 859 565 919 Perdidit‚5‘in
589 860 779 909 cineres
804 859 901 908 Ars
925 876 1037 909 mea
1059 876 1202 910 versa
1224 859 1373 909 foret!

612 1136 932 1184 ELEGIA
979 1137 1129 1184 XIII.

185 1246 349 1294 HANG
375 1253 489 1294 tuus
515 1264 542 1295 e
568 1247 748 1296 Getico
773 1248 923 1296 mittit
947 1247 1038 1296 tibi
1066 1246 1203 1295 Naso
1229 1248 1470 1306 salutem3

249 1323 453 1372 Mittere
478 1324 518 1372 si
544 1325 824 1388 quisquam,
852 1340 952 1388 quo
977 1330 1113 1372 caret
1137 1324 1260 1388 ipse,
1287 1332 1466 1389 potest.

184 1401 332 1464 AEger
357 1402 486 1449 enim
510 1403 649 1450 traxi·
663 1402 893 1466 contagia
916 1417 1120 1466 corpore
1144 1402 1338 1458 mentis,

251 1478 429 1527 Libera
452 1486 699 1528 tormento
724 1496 838 1544 pars
864 1479 983 1526 mihi
1008 1495 1069 1527 ne
1095 1495 1194 1542 qua
1216 1486 1386 1527 vacet:

185 1555 385 1619 Perque
409 1556 516 1604 dies
542 1558 723 1604 multos
748 1557 916 1605 lateris
941 1557 1241 1604 cruciatibus
1267 1573 1395 1613 uror,
1531 1559 1560 1603 5

253 1633 354 1680 Sed
380 1634 514 1697 quod
539 1651 636 1682 non
661 1635 856 1683 modico
880 1634 1059 1698 frigore
1082 1634 1211 1681 laesit
1234 1633 1410 1681 hiems,

187 1710 239 1757 Si
263 1717 430 1758 tamen
454 1712 561 1775 ipse
584 1712 734 1769 valeS‚
763 1711 930 1775 aliqua
953 1728 1042 1759 nos
1068 1717 1208 1775 parte
1231 1711 1479 1758 valemus:

251 1786 449 1851 Quippe
473 1804 585 1836 mea
609 1795 686 1836 est
708 1787 925 1835 humeris
949 1787 1073 1835 fulta
1097 1787 1237 1834 ruina
1259 1787 1376 1834 tuis.

185 1861 281 1917 Qui
303 1863 423 1910 mihi
438 1879 592 1926 quum
612 1863 807 1911 dederis
827 1864 1050 1926 ingentia
1066 1864 1286 1927 pignora,
1305 1880 1562 1928 quumque

249 1939 347 1987 Per
370 1956 598 1988 numeros
624 1957 796 1988 omnes
821 1941 914 1988 hoc
939 1947 1110 1989 tueare
1134 1947 1313 2005 caput;
1503 1945 1562 1988 10

226 2049 278 2079 62.
307 2049 434 2090 Parva]
468 2050 540 2080 Non
568 2050 673 2092 placet
697 2049 836 2086 Heinsio,

184 2103 216 2128 et
236 2098 362 2140 conjicit
375 2101 483 2129 studiis
498 2106 578 2136 atra,
593 2105 624 2131 et
639 2100 746 2130 Burin.
761 2112 837 2131 cana

174 2147 304 2188 j'avillu.
347 2147 502 2190 Equidem
523 2154 629 2179 contra
649 2148 772 2180 codices
793 2149 838 2179 ni-

182 2195 225 2226 hil
241 2201 366 2227 mutem.
410 2196 510 2239 Atqui
527 2196 620 2228 lectio
637 2208 733 2237 parva
753 2197 839 2227 addit

182 2245 314 2275 multum
326 2245 468 2287 ponderis
482 2246 667 2288 conjecturae
687 2246 839 2277 Burman-

183 2294 226 2330 ni,
251 2293 305 2336 qui
324 2294 357 2325 in
372 2305 459 2326 versu
480 2295 621 2337 sequenti
649 2295 751 2336 legere
772 2305 837 2325 ma—

183 2343 221 2373 lit
234 2355 292 2374 non
307 2345 414 2375 multos
425 2344 570 2386 (quidam
581 2343 665 2375 enim
678 2344 768 2375 codd.
784 2344 839 2375 ha-

182 2393 258 2423 bent
269 2404 328 2423 non
342 2392 457 2434 nullos)
470 2395 578 2424 (lucere
592 2404 700 2424 versus.
729 2393 839 2425 HAnL.

226 2442 257 2472 2.
286 2442 364 2478 Quae
387 2441 478 2473 lectio
507 2449 554 2473 est
578 2442 609 2473 in
633 2447 731 2478 textu,
756 2442 839 2483 [mit-

185 2496 245 2521 tere
264 2501 326 2521 rem
341 2492 365 2520 sl
379 2492 456 2531 quis.
472 2490 557 2521 Edit.
581 2491 744 2531 nimus]
771 2501 839 2522 eam

184 2538 332 2570 Heinsius
351 2539 506 2581 rescripsit
521 2550 537 2570 e
553 2539 710 2575 Leidensi,
726 2540 840 2571 Moreti

184 2592 216 2618 et
235 2588 296 2618 alio
318 2587 446 2627 codice3
469 2599 526 2630 ego
542 2599 612 2619 vero
635 2599 705 2620 cum
728 2590 838 2620 Burm.

184 2637 276 2668 valde
294 2637 413 2674 dubito,
429 2638 496 2668 haec
516 2638 703 2680 interpolata
717 2649 783 2669 esse
799 2638 839 2669 ad

184 2687 359 2728 exemplum
380 2687 400 2718 i.
411 2698 439 2718 e.
453 2688 552 2719 Ponto
568 2689 615 2719 10.
627 2689 679 2719 20.
694 2694 725 2719 et
736 2698 839 2719 serva—

184 2745 246 2766 rem
270 2735 433 2767 lectionem
453 2735 527 2768 edit.
547 2736 659 2768 veteris
683 2739 798 2767 mittere
816 2739 839 2766 si

905 2061 941 2090 qu
947 2051 1056 2090 isquam
1067 2060 1122 2090 quo
1131 2060 1193 2080 cur.
1204 2054 1257 2079 aut
1266 2047 1423 2079 lubentius
1433 2048 1563 2080 Bledon.

905 2098 1032 2135 codicis,
1048 2100 1164 2129 mittere
1177 2100 1200 2128 si
1215 2099 1368 2138 quicquam
1383 2109 1438 2138 quo
1453 2108 1481 2128 r.
1494 2099 1563 2137 ipse.

906 2148 1006 2179 Recte
1033 2155 1137 2179 autem
1161 2147 1336 2179 observavit
1355 2147 1560 2189 Vei-mosten,

906 2197 1055 2228 Ovidium
1079 2197 1186 2228 ludere
1211 2196 1242 2227 in
1266 2196 1418 2227 vocabulo
1445 2198 1562 2234 salutis,

906 2245 989 2287 quod
1014 2254 1045 2276 et
1071 2245 1349 2288 comprecationem
1373 2244 1507 2276 faustam
1531 2252 1563 2277 et

906 2300 1020 2325 statum
1038 2294 1159 2326 felicem
1174 2294 1341 2335 significat.
1378 2294 1470 2325 Illam
1486 2295 1563 2326 Ovi-

906 2344 975 2375 dius
987 2354 1018 2375 se
1031 2344 1165 2381 mittere,
1176 2344 1256 2375 hanc
1271 2354 1332 2375 non
1347 2343 1460 2375 habere
1476 2343 1563 2376 dicit.

907 2392 1055 2424 ninas.

950 2443 980 2473 3.
1007 2442 1097 2472 Traxi
1122 2444 1258 2483 contagia
1284 2443 1387 2472 mentis
1411 2443 1558 2483 corpora]

907 2491 944 2522 Id
960 2497 1017 2527 est,
1031 2491 1130 2533 ipsum
1147 2501 1269 2533 corpus,
1286 2501 1347 2532 pra:
1364 2490 1456 2520 nimio
1476 2501 1560 2522 men-

907 2540 947 2570 tis
961 2539 1075 2575 dolore,
1090 2540 1185 2581 coepit
1200 2539 1280 2570 male
1295 2540 1407 2570 valere.

948 2590 979 2619 9.
1007 2588 1144 2630 Ingentia
1160 2588 1315 2629 pignora]
1342 2589 1476 2629 Blagnas
1498 2588 1558 2630 sig-

907 2638 1098 2668 nificationes
1112 2637 1232 2669 amoris.

954 2688 1001 2718 10.
1028 2687 1086 2717 Per
1107 2698 1241 2719 numeros
1259 2686 1384 2727 omnes-J
1408 2687 1469 2719 Per
1492 2696 1557 2717 om-

908 2747 961 2768 nes
977 2736 1092 2767 modos.
