1760 3172
182 176 266 216 210

565 170 614 210 P.
649 166 864 208 OVlDlI
900 165 1179 208 NASONIS

185 290 268 335 Sic
295 303 385 334 sua
409 286 592 347 lascivo
618 289 822 330 cantata
844 288 922 328 est
942 296 1076 343 saepe
1103 279 1304 326 Catullo

252 347 579 434 Feminas‘cui
605 360 785 407 falsum
813 358 995 405 Lesbia
1019 373 1200 404 nomen
1225 362 1358 403 erat:

186 443 293 490 Nec
321 438 586 488 contentus
612 453 686 492 ea,
713 436 895 483 multos
919 434 1138 497 vulgavit
1162 449 1370 488 amores,

251 518 311 564 In
337 518 520 580 quibus
546 516 654 578 ipse
680 528 825 559 suum
846 510 1007 557 fassus
1031 510 1328 557 adulterium
1355 515 1448 556 est.
1474 510 1572 554 430

186 596 286 642 Par
311 595 403 641 fuit
428 592 593 654 eximii
623 589 901 651 similisque
926 586 1126 634 licentia
1145 586 1303 641 Calvi,

254 670 464 718 Detexit
487 667 634 715 valiis
660 666 751 738 qui
772 680 863 711 sua
884 663 1014 710 furta
1037 663 1214 710 modis.
1471 660 1515 715 ζ(

184 748 316 802 Quid
342 747 550 795 referam
575 743 779 797 Ticidae,
807 741 928 804 quid
960 740 1169 788 Memmi
1194 737 1571 804 carmens‘apud

251 825 425 872 Rebus
452 824 595 870 abest
618 819 778 867 omnis
799 817 1185 879 nominibusque
1211 815 1396 880 pudor?
1424 815 1573 877 [quos

185 901 348 947 Cinna
372 915 574 963 quoque
609 897 685 943 his
711 909 880 942 comes
908 900 1001 949 est,
1031 893 1295 955 Cinnaque
1320 891 1573 955 procacior

382 976 562 1030 Anser,

1476 970 1572 1014 435

250 1053 316 1100 Et
340 1054 446 1100 leve
473 1052 574 1099 Cor
577 1050 725 1105 infici,
753 1063 942 1112 parque
971 1046 1178 1094 Catonis
1204 1062 1357 1110 opus;

182 1207 295 1232 ramus,
312 1202 435 1238 propter
456 1195 617 1236 epitheton
639 1194 750 1233 rapidi.
795 1192 844 1222 Ac

182 1246 220 1276 de
234 1245 372 1276 fulminis
385 1244 498 1279 causis,
510 1249 541 1274 et
556 1243 640 1273 unde
653 1243 735 1273 idern
750 1251 844 1282 gene-

182 1300 276 1329 retur,
316 1293 394 1324 libro
435 1299 524 1324 sexto
567 1291 732 1323 Lucretius
770 1289 845 1331 agit.

180 1344 306 1373 Mrem..

224 1392 297 1421 426.
316 1390 585 1430 Triplex—opum]
612 1389 677 1419 h.e.
691 1386 846 1429 quomodo

181 1440 240 1470 tria
261 1441 430 1475 elementa,
451 1449 547 1475 mare,
568 1438 685 1469 coelum
709 1443 740 1467 et
764 1442 846 1466 terra

180 1489 344 1519 interitura
360 1494 442 1519 sunt.
487 1488 636 1518 HARLEs.

224 1539 298 1568 431.
324 1537 462 1579 Parfnit
474 1539 574 1578 edgid
587 1535 702 1575 Calua]
728 1535 845 1566 Calvus

179 1593 290 1622 orator,
301 1586 355 1617 diu
367 1597 438 1617 cum
450 1585 602 1617 Cicerone
617 1583 845 1625 iniquissimam

180 1636 265 1667 litem
276 1635 315 1666 de
326 1635 504 1677 principatu
517 1633 704 1675 eloquentiae
715 1632 845 1670 habuit3

178 1685 332 1715 violentus
342 1688 505 1715 accusator
516 1683 584 1713 fuit.
607 1681 757 1713 Carmina
765 1691 841 1722 quo-

180 1743 241 1774 que
254 1733 332 1774 ejus,
343 1732 486 1774 quamvis
496 1732 603 1773 jocosa
613 1730 739 1766 fuerint,
750 1730 845 1772 plena

180 1788 285 1812 tamen
314 1781 398 1812 fuere
427 1780 563 1821 ingentis
599 1779 705 1810 animi.
763 1780 842 1809 Eum

179 1831 326 1872 exiguum
371 1830 510 1872 appellat
546 1828 643 1859 Ovid.
682 1834 845 1870 propterea

180 1879 264 1921 quod
279 1879 338 1909 fuit
353 1888 457 1920 parvae
473 1882 614 1908 staturae.

223 1928 297 1958 433.
324 1927 406 1961 Quid
422 1926 552 1968 referam
571 1925 708 1965 Ticidae]
732 1923 845 1955 Ticida.

179 1987 276 2018 eques
291 1976 412 2018 scripsit
429 1975 547 2017 elegias
561 1974 601 2005 de
617 1974 734 2005 Perilla
749 1984 844 2015 quam

179 2025 438 2059 amavit.-—Qnid
450 2023 571 2054 Memmi
587 2023 727 2054 carmen?
751 2022 845 2053 Cior.

180 2074 324 2105 Memmii
339 2079 440 2115 poetae
456 2073 574 2114 pariter
589 2078 620 2103 et
635 2071 764 2103 oratoris
780 2081 843 2102 me—

179 2123 270 2154 minit
284 2123 407 2154 Plinius
421 2123 453 2153 in
467 2121 626 2164 Epistolis‚
636 2127 668 2152 et
678 2121 845 2163 Tranquil-

178 2172 227 2203 lus
242 2172 379 2203 scribens
390 2171 480 2202 illum
492 2171 644 2212 objecisse
660 2172 698 2203 C.
714 2171 844 2208 Caesari,

179 2222 264 2263 quod
287 2221 423 2253 stetisset
446 2221 486 2252 ad
512 2221 662 2263 cyathum
682 2227 714 2252 et
737 2221 844 2252 vinum

180 2271 346 2302 Nicomedi
362 2271 438 2312 regi.
482 2271 548 2302 Jul.
565 2272 647 2302 Caes.
663 2271 715 2302 49.

222 2322 296 2352 434.
320 2320 468 2351 Heinsius
482 2319 725 2362 Rottendorphii
738 2330 844 2351 emen·

180 2369 338 2400 dationem
354 2374 504 2410 sequutus
519 2368 624 2400 dedit:
652 2369 751 2400 Rebus
765 2371 843 2400 abest

177 2420 270 2449 omnis
280 2420 502 2459 nominibusque
510 2420 627 2458 pndor‚·
646 2428 709 2460 qua
720 2419 844 2460 conjec-

178 2473 248 2498 tura
264 2467 341 2498 nillil
354 2467 468 2498 certius
484 2478 551 2498 esse
567 2466 656 2499 dicit.
702 2468 747 2498 At
761 2467 844 2498 enim

178 2516 342 2547 Bentleius
366 2516 406 2547 ad
423 2516 532 2547 Horat.
548 2516 581 2546 ii.
598 2515 661 2547 Od.
680 2517 730 2547 12.
746 2528 775 2547 ν.
794 2518 843 2548 13.

178 2566 256 2601 Imo,
278 2565 392 2606 inquit,
412 2565 486 2596 nihil
512 2575 550 2595 ea
572 2564 740 2601 infelicius,
764 2565 841 2596 nihil

176 2619 302 2656 recepta
316 2614 460 2644 codicum
476 2613 611 2644 lectione
627 2613 741 2645 certius
750 2624 841 2656 argu-

175 2662 300 2703 tiusque
315 2668 346 2692 et
355 2662 454 2703 magis
469 2661 697 2694 Nasonianum.
733 2662 843 2694 'Rebus

175 2713 255 2741 abest
271 2721 392 2747 nomen,
406 2713 626 2752 nominibusque
637 2714 745 2751 pudor.
776 2712 841 2743 Re-

914 1193 981 1227 bus,
1013 1192 1072 1222 hoc
1106 1197 1163 1227 est,
1199 1196 1391 1232 argumento,
1421 1187 1573 1225 materiae,

912 1241 1006 1282 operi.
1052 1240 1124 1282 Ipse
1140 1241 1240 1270 Ponto
1255 1240 1281 1270 I.
1294 1239 1315 1270 i.

957 1290 1094 1320 Invenies
1114 1292 1246 1330 quamvis
1266 1301 1325 1319 non
1343 1295 1384 1319 est
1399 1289 1575 1319 miserabilis

1040 1341 1142 1375 index,

1002 1388 1071 1418 Non
1093 1390 1192 1418 minus
1214 1389 1265 1418 hoc
1283 1388 1340 1417 ‘illo
1366 1385 1472 1421 Triste,
1496 1386 1572 1425 qnod

1042 1444 1112 1468 ante
1128 1439 1206 1468 dedi.

912 1485 1021 1517 Rebus
1033 1488 1119 1522 idem,
1136 1485 1226 1517 titulo
1247 1485 1365 1527 differt.
1410 1483 1473 1515 Ubi
1497 1483 1574 1514 dicit

910 1535 1067 1577 Epistolas
1080 1545 1151 1566 suas
1167 1546 1204 1566 ex
1221 1536 1322 1565 Ponto
1337 1535 1423 1564 rebus
1437 1533 1502 1564 sive
1527 1543 1576 1563 ar-

910 1590 1060 1624 gumento
1082 1584 1246 1614 convenire
1262 1594 1332 1613 cum
1349 1582 1447 1624 priore
1468 1592 1572 1623 opere,

911 1633 994 1675 quod
1005 1632 1119 1664 Tristia
1129 1632 1339 1674 inscripserat,
1348 1631 1439 1662 titulo
1452 1636 1574 1662 tantum

910 1689 942 1714 et
964 1683 1088 1713 nomine
1112 1682 1247 1713 differre.
1291 1682 1361 1711 Hoc
1384 1679 1491 1722 itaque
1506 1680 1575 1711 vult

913 1732 1065 1770 Ovidius3
1081 1731 1165 1774 apud
1174 1730 1317 1762 Ticidam
1333 1736 1364 1761 et
1375 1730 1442 1771 ejus
1456 1729 1574 1760 similes

912 1788 1019 1824 poetas
1047 1782 1139 1812 rebus
1167 1780 1233 1812 sive
1263 1785 1440 1821 argumento
1467 1789 1574 1809 verum

912 1843 1015 1861 nomen
1030 1831 1152 1866 abesse,
1169 1841 1241 1861 cum
1256 1828 1307 1859 hic
1323 1828 1483 1864 Perillam,
1499 1828 1578 1858 alter

912 1880 1070 1916 Lesbiam,
1087 1880 1164 1911 alter
1187 1879 1292 1914 aliam,
1309 1888 1402 1920 quam
1422 1877 1501 1908 falso
1524 1877 1572 1908 in-

911 1928 1081 1960 scriberent
1093 1941 1101 1967 ;
1124 1929 1290 1958 nominibus
1298 1937 1388 1969 porro
1402 1926 1464 1957 illis
1477 1928 1573 1966 pudo-

912 1989 973 2008 rem
998 1979 1118 2013 abesse,
1144 1987 1217 2008 cum
1244 1976 1360 2017 scripta
1384 1975 1439 2006 illa
1465 1981 1577 2017 praeter

912 2031 1018 2068 turpes
1042 2037 1161 2057 amores
1187 2031 1219 2057 et
1242 2024 1395 2066 flagitiosa
1420 2023 1575 2055 adulteria

912 2075 990 2106 nihil
1001 2076 1063 2107 fere
1075 2075 1160 2107 aliud
1177 2075 1382 2106 continerent.
1412 2074 1576 2104 Hactenus

912 2125 1088 2155 Bentleius.
1112 2123 1188 2155 edit.
1202 2129 1265 2155 vet.
1292 2123 1407 2153 Nomen
1430 2124 1512 2153 adest
1527 2133 1575 2152 re-

913 2175 981 2204 bus:
1006 2174 1229 2214 nominibusque
1241 2173 1351 2212 pudor.
1396 2171 1545 2202 HARLES.

956 2224 1030 2254 435.
1069 2222 1169 2253 Cinna
1187 2232 1299 2263 qnoque
1321 2221 1366 2250 his
1388 2231 1479 2251 comes
1501 2219 1572 2260 est]

912 2274 953 2309 Q.
968 2272 1101 2303 Helvius
1113 2271 1216 2303 Cinna
1229 2276 1322 2312 poeta
1336 2270 1404 2305 fuit,
1413 2269 1467 2310 qui
1479 2269 1575 2310 serip-

911 2321 951 2352 sit
965 2323 1140 2362 Smyrnam,
1157 2331 1252 2362 quam
1275 2319 1385 2350 decem
1405 2320 1495 2350 annis
1518 2318 1576 2349 eli-

912 2371 1018 2406 mavit,
1047 2375 1080 2401 ut
1109 2369 1235 2401 Servius
1265 2368 1575 2408 docet.-Cinnaque

910 2421 1064 2457 procacior
1101 2421 1208 2450 Anser.
1266 2419 1369 2448 Anser
1396 2422 1488 2458 poeta
1516 2416 1575 2447 suit

912 2468 1053 2505 Antonii,
1069 2467 1123 2509 qui
1140 2468 1207 2509 ejus
1222 2467 1333 2498 laudes
1347 2465 1481 2507 scripsit.

955 2517 1028 2547 436.
1054 2516 1094 2547 Et
1111 2518 1170 2547 leve
1187 2515 1360 2557 Cornifici]
1388 2514 1574 2546 Cornificius

908 2571 1001 2607 poeta
1030 2576 1048 2596 a
1074 2564 1226 2595 militibus
1254 2564 1422 2595 destitutus
1444 2562 1572 2598 interiit,

909 2624 985 2655 quos
1007 2623 1089 2655 saepe
1113 2613 1268 2653 fugientes
1290 2612 1430 2654 galeatos
1452 2611 1573 2652 lepores

909 2662 1099 2704 appellarat:
1124 2662 1216 2703 hujus
1239 2671 1321 2692 soror
1344 2659 1511 2692 Cornificia
1525 2659 1573 2690 in-

908 2712 1010 2752 signia
1038 2711 1177 2742 condidit
1203 2710 1441 2753 epigrammata.
1476 2705 1571 2740 ¹Leve
