1760 3172
370 177 682 220 TRISTIUM
714 177 835 219 LIB.
866 176 906 218 I.
941 177 1121 219 ELEG.
1155 177 1247 220 IX.
1423 181 1506 222 175

117 291 228 340 Hoc
253 299 549 340 eventurum
568 293 674 355 jam
697 298 820 348 tum,
847 291 1118 348 carissime,
1144 294 1261 350 vidi,

184 369 358 417 Ferret
381 370 545 417 adhuc
570 370 719 416 istam
744 385 899 433 quum
924 369 1084 416 minor
1109 385 1228 417 aura
1252 378 1426 418 ratem.

119 444 236 493 Sive
261 446 465 511 aliquod
489 462 700 503 morum,
728 463 816 495 seu
839 447 953 494 vitae
977 447 1089 494 labe
1115 449 1329 496 carentis

185 521 280 570 Est
302 524 546 587 pretium3
587 540 733 572 nemo
759 524 915 588 pluris
941 524 1202 571 habendus
1228 526 1338 572 erit.

121 598 237 647 Sive
261 615 351 663 per
374 599 618 662 ingenuas
645 601 826 663 aliquis
852 608 1006 664 caput
1029 602 1211 649 extulit
1235 610 1395 661 artes,
1443 607 1506 651 45

185 675 438 730 Quaelibet
461 677 659 739 eloquio
684 677 741 724 fit
763 678 895 724 bona
919 692 1070 724 causa
1094 685 1198 725 tuo.

119 749 213 799 His
238 769 331 816 ego
355 761 651 810 commotus,
678 754 783 801 dixi
808 754 900 800 tibi
926 753 1151 817 protinus
1180 756 1304 819 ipsi:

186 829 350 877 Scena
373 837 543 878 manet
566 831 710 878 dotes
736 831 952 892 grandis,
981 831 1157 887 amice,
1183 839 1310 881 tuae.

118 903 244 954 Haec
268 907 390 954 mihi
415 924 516 954 non
541 907 706 955 ovium
731 907 885 963 fibrae,
913 907 1187 956 tonitrusve
1214 910 1416 967 sinistri,

184 982 437 1047 Linguave
462 991 684 1039 servatae,
710 999 952 1047 pennave,
979 983 1108 1032 dixit
1129 986 1261 1034 avis:
1444 992 1507 1036 50

114 1058 392 1123 Augurium
417 1061 541 1108 ratio
566 1068 659 1116 est,
687 1068 738 1108 et
762 1062 1052 1124 conjectura
1076 1062 1256 1121 futuri3

183 1137 294 1186 Hac
318 1137 548 1195 divinavi,
576 1139 903 1202 notitiamque
928 1139 1035 1186 tuli.

118 1212 241 1269 Quae
265 1216 501 1278 quoniam
526 1222 634 1263 rata
658 1222 788 1271 sunt,
816 1222 922 1262 tota
945 1216 1066 1262 mihi
1091 1224 1258 1265 mente
1285 1218 1476 1283 tibique

185 1290 438 1349 Gratulor,
465 1292 720 1355 ingenium
742 1308 841 1339 non
866 1292 1073 1340 latuisse
1097 1301 1256 1341 tuum.

116 1366 186 1415 At
208 1376 433 1417 nostrum
456 1370 676 1418 tenebris
702 1369 891 1417 utinam
918 1370 1150 1418 latuisset
1175 1372 1224 1418 in
1250 1372 1388 1420 imis!
1443 1378 1505 1422 55

181 1444 422 1510 Expediit
445 1447 609 1495 studio
633 1447 803 1494 lumen
827 1447 1005 1494 abesse
1031 1463 1166 1495 meo:

162 1640 290 1672 Pectora
299 1651 355 1682 pro
365 1641 548 1683 sensufacta
560 1649 662 1672 serena
671 1646 732 1671 τιιο.

116 1689 180 1721 Illa
194 1695 299 1721 autem
318 1701 374 1730 pro
388 1701 485 1727 sensu,
501 1690 623 1721 nullum
642 1689 719 1721 mihi
731 1690 776 1720 vi-

116 1739 229 1771 dentur
249 1740 363 1771 habere
385 1750 524 1771 sensum.
569 1740 696 1771 Merula
722 1750 776 1771 ex-

115 1788 223 1830 plicat,
239 1800 294 1831 pro
312 1789 523 1831 intelligentia
542 1795 597 1820 tua
618 1795 650 1820 et
663 1789 777 1821 doctri-

116 1849 177 1879 na;
210 1839 362 1881 quosdam
391 1840 487 1871 etiam
516 1840 560 1871 ait
587 1841 701 1882 legere,
723 1852 778 1880 pro

115 1899 201 1919 sensu
211 1890 269 1926 tui,
280 1893 316 1920 ut
328 1888 369 1920 sit
379 1900 433 1932 pro
449 1889 559 1921 auditu
571 1889 705 1920 nominis
720 1889 777 1921 tui.

117 1936 233 1968 Omnia
246 1948 338 1974 vana,
354 1943 386 1969 et
408 1938 475 1969 sine
490 1939 594 1980 lepore
610 1944 642 1970 et
657 1939 775 1980 gratia:

116 1985 181 2028 agit
204 1985 289 2017 enim
317 1986 356 2017 de
381 1987 574 2018 incremento
599 1987 691 2018 amici
718 1987 777 2024 sui,

116 2034 199 2076 quod
210 2034 284 2065 olim
294 2035 362 2077 jam
374 2042 545 2076 auguratus
557 2042 636 2073 erat,
647 2042 679 2068 et
695 2047 777 2068 nunc

114 2084 243 2126 obponit
256 2094 319 2115 suae
335 2084 521 2121 calamitati,
539 2091 570 2116 et
581 2085 779 2117 decremento

114 2133 245 2175 propriae
260 2132 391 2164 fortunae
405 2145 411 2163 ε
438 2144 533 2175 quare
548 2134 685 2175 legerem
699 2146 705 2163 :

161 2181 288 2212 Pectora
296 2187 434 2222 'processu
440 2185 533 2224 facta
548 2194 651 2213 serena
667 2190 728 2213 tuo.

119 2230 287 2267 Processus,
309 2238 356 2262 est
383 2232 623 2268 incrementum,
650 2232 777 2273 gradus,

116 2280 206 2322 cujus
225 2280 329 2321 glossa
349 2286 397 2312 est
413 2288 580 2320 provectus,
593 2288 756 2322 proventus
766 2294 777 2319 ‚-

116 2329 264 2361 Juvenal.
278 2330 379 2370 Satyr.
394 2329 415 2360 i.
429 2341 494 2361 ver.
510 2332 550 2362 38
565 2343 571 2360 ι

162 2378 201 2410 In
215 2380 320 2416 coelum
331 2390 400 2420 quos
414 2381 520 2416 evehit,
535 2382 644 2420 optima
661 2382 765 2411 summi

162 2427 256 2459 Nunc
282 2429 332 2458 via
357 2440 518 2468 processus,
547 2430 654 2460 vetulae
682 2431 778 2460 vesica

246 2478 345 2507 beatae.
617 2478 735 2508 Burin.

162 2525 214 2556 42.
239 2524 332 2555 Istam
344 2525 468 2566 ratem]
494 2525 539 2555 Te
560 2525 662 2568 ipsum
683 2532 715 2558 et
729 2526 778 2557 in-

118 2583 255 2615 gemum.

161 2623 214 2653 45.
237 2621 304 2653 Sive
319 2633 373 2662 per
393 2623 693 2663 ingenuas—artes]
718 2623 778 2654 Ar-

120 2675 167 2701 tes
179 2670 335 2707 liberales,
350 2670 491 2712 ingenuis
506 2670 628 2712 dignas.

164 2719 217 2753 48.
238 2719 332 2751 Scena
348 2726 445 2751 manet
460 2720 569 2760 dotes]
597 2719 697 2751 Dotes
711 2719 778 2751 istae

845 1640 1015 1683 aliquando
1041 1652 1154 1683 magno
1176 1642 1296 1674 theatro
1317 1645 1506 1686 spectabun-

845 1697 903 1722 tur.
950 1692 1078 1721 BEnsm.

889 1741 942 1772 49.
988 1741 1054 1772 Hoc
1090 1741 1189 1782 mihi]
1240 1741 1312 1772 Hoec
1354 1743 1509 1775 meliores.

846 1790 964 1821 mes.
1011 1791 1076 1821 Hoc
1106 1792 1176 1821 mihi
1206 1803 1265 1822 ¹non.
1291 1793 1389 1822 ovium
1407 1796 1509 1833 jzbrcf.

846 1840 920 1870 Non
931 1839 1071 1871 divinavi
1082 1840 1162 1876 haec,
1175 1845 1326 1882 tanquam
1342 1841 1508 1884 haruspex,

846 1899 884 1919 ex
905 1888 1085 1920 animalium
1107 1889 1205 1920 extis:
1236 1889 1309 1920 inde
1331 1891 1509 1933 extispices,

845 1938 1053 1981 extispicium.
1090 1938 1266 1969 Tonitrusve
1280 1941 1406 1971 sinistri.
1451 1941 1510 1972 Di-

845 1986 997 2018 vinabant
1018 1987 1112 2018 etiam
1134 1998 1189 2029 per
1210 1987 1344 2029 fulgura,
1360 2000 1430 2030 quae
1455 1991 1509 2021 0¹.)-

846 2037 1024 2067 servabant.
1048 2036 1142 2067 Laeva
1154 2038 1296 2076 (auctore
1309 2037 1428 2077 Plinio)
1440 2050 1510 2081 pro-

846 2095 937 2127 spera
961 2084 1231 2122 existimabantur,
1256 2085 1403 2126 quoniam
1430 2087 1510 2118 laeva

845 2139 934 2176 parte
949 2133 1059 2164 mundi
1074 2140 1158 2164 ortus
1171 2140 1233 2164 est:
1259 2140 1324 2164 tum
1335 2146 1404 2176 quae
1420 2136 1511 2167 nobis

847 2183 970 2213 sinistra
980 2188 1065 2219 sunt,
1079 2194 1117 2213 ea
1130 2183 1257 2224 Superis
1267 2183 1376 2214 dextra
1387 2184 1509 2215 demitti

846 2232 1036 2269 creduntur3
1076 2231 1146 2262 vide
1176 2231 1338 2262 Plutarch.
1390 2233 1511 2269 Quaest.

845 2291 922 2311 rom.
939 2281 990 2311 78.
1034 2280 1138 2311 Poxr.

890 2330 942 2360 50.
967 2329 1153 2371 Linguara]
1186 2329 1246 2359 Per
1265 2328 1405 2369 linguam
1428 2331 1508 2367 avis,

846 2379 987 2420 intellige
1003 2378 1135 2415 oscines,
1146 2378 1178 2408 id
1193 2384 1250 2414 est,
1266 2389 1338 2409 aves
1349 2389 1418 2420 quae
1434 2391 1510 2413 voce

846 2428 1009 2469 augurium
1025 2427 1146 2458 faciunt
1158 2451 1166 2465 ,
1191 2438 1245 2468 per
1257 2439 1387 2467 pennam
1405 2436 1510 2460 autem

846 2474 989 2518 designat
1004 2484 1155 2517 praepetes,
1171 2488 1241 2518 quae
1261 2477 1366 2507 volatu
1391 2478 1510 2509 dabant

847 2526 986 2568 auguria.
1032 2527 1125 2557 Man.

889 2576 941 2606 56.
966 2575 1080 2605 Studiis
1096 2575 1190 2614 meisa]
1216 2574 1324 2605 Studio
1338 2586 1398 2604 meo
1413 2575 1510 2617 scrip-

846 2623 882 2654 ti.
911 2624 1029 2655 mes.
1068 2624 1197 2655 Lumen.
1242 2624 1370 2655 Famam
1387 2629 1419 2655 et
1443 2625 1510 2666 glo-

847 2682 935 2702 riam.
