1760 3172
362 162 673 206 TRISTIUM
704 162 825 205 LIB.
860 162 953 204 ΙΙΙ.
985 162 1167 205 ELEG.
1200 163 1284 205 VI.
1436 166 1522 208 239

132 279 260 343 Spes
285 278 436 341 igitur
459 283 705 341 superest,
731 277 997 334 facturum,
1025 285 1081 325 ut
1105 277 1295 326 molliat
1319 279 1428 344 ipse

197 354 382 403 Mu'tati
406 370 604 418 poenam
630 353 918 401 conditione
943 353 1056 400 loci.

130 430 279 479 Hunc
303 431 510 488 utinam,
537 430 679 478 nitidi
708 431 839 478 Solis
863 430 1192 495 praenuntius,
1221 438 1383 480 ortum
1460 436 1524 481 55

195 507 405 556 Adferat
428 507 646 556 admisso
673 506 872 555 Lucifer
891 507 1033 555 albus
1059 523 1206 571 equo.

585 832 912 881 ELEGIA
966 834 1064 882 VI.

126 973 324 1020 FOEDUS
351 973 581 1021 amicitiae
608 990 701 1021 nec
727 973 817 1030 vis,
846 973 1118 1031 carissime,
1147 982 1346 1032 nostrae,

195 1049 243 1097 N
248 1066 322 1107 ec,
350 1050 391 1097 si
416 1049 540 1098 forte
564 1050 703 1108 velis,
731 1050 1048 1099 dissimulare
1074 1058 1246 1115 potes:

129 1128 303 1175 Donec
325 1128 458 1176 enim
482 1129 639 1186 licuit,
667 1145 760 1177 nec
785 1136 835 1177 te
860 1128 982 1176 mihi
1008 1129 1166 1177 carior
1191 1129 1331 1186 alter,

195 1204 305 1253 Nec
331 1204 423 1253 tibi
448 1222 528 1254 me
552 1213 660 1254 tota
676 1207 899 1270 junctior
921 1207 1044 1254 urbe
1070 1206 1178 1254 fuit.

127 1281 280 1346 Isque
305 1289 412 1330 erat
435 1299 596 1346 usque
620 1283 746 1331 adeo
771 1283 959 1347 populo
983 1289 1218 1342 testatus,
1244 1290 1300 1330 ut
1325 1290 1461 1331 esset
1494 1286 1523 1331 5

191 1359 345 1406 Paene
359 1359 517 1422 magis
537 1375 688 1423 quam
706 1367 777 1417 tu,
796 1375 1052 1423 quamque
1072 1375 1183 1422 ego,
1202 1366 1350 1407 notus
1368 1375 1520 1408 amor.

126 1435 328 1500 Quique
353 1443 459 1484 erat
482 1436 532 1483 in
553 1436 680 1484 caris
705 1436 856 1484 animi
880 1436 971 1484 tibi
997 1436 1183 1484 candor
1207 1436 1397 1493 amicis,

193 1512 440 1576 Cognitus
465 1520 544 1561 est
566 1512 651 1569 illi,
678 1529 830 1576 quem
855 1513 977 1561 colis
1002 1513 1129 1577 ipse,
1156 1512 1288 1561 viro:

125 1589 212 1638 Nil
235 1590 306 1638 ita
328 1590 544 1647 celabas,
570 1596 626 1637 ut
649 1605 748 1637 non
773 1606 866 1654 ego
891 1590 1122 1638 conscius
1149 1606 1341 1647 essem3

192 1666 593 1731 Pectoribusque
617 1667 772 1715 dabas
797 1669 956 1715 multa
978 1667 1197 1730 tegenda
1220 1668 1344 1715 meis
1364 1685 1373 1716 :
1466 1671 1525 1715 10

127 1743 325 1807 Cuique
350 1760 443 1807 ego
467 1745 729 1792 narrabam
755 1746 933 1794 secreti
961 1745 1208 1809 quidquid
1234 1745 1499 1801 habebam,

191 1820 421 1885 Excepto
445 1821 582 1884 quod.
606 1838 686 1869 me
712 1823 946 1886 perdidit,
974 1838 1102 1870 unus
1129 1837 1255 1870 eras.

167 1975 220 2007 53.
244 1974 426 2012 Facturum,
441 1975 507 2016 ut.]
534 1975 616 2007 Cum
631 1976 788 2019 Verpoor-

122 2025 207 2056 tenio
221 2024 386 2056 retinerem
400 2025 483 2056 hanc
499 2025 677 2063 lectionem,
693 2036 790 2067 quam
900 2028 931 2057 5.
958 2027 1094 2058 Testatus
1114 2026 1254 2067 popula]
1293 2024 1447 2057 Probatus
1469 2036 1524 2067 po-

123 2074 252 2116 quidem
266 2075 353 2105 Dan.
369 2074 481 2106 Heius.
495 2075 652 2106 immerito
667 2074 790 2106 censuit
855 2075 942 2117 pulo.

122 2133 232 2166 pamm
252 2133 319 2155 esse
342 2123 501 2161 Latinam,
523 2134 620 2166 quum
643 2124 788 2161 dicimus,
900 2125 930 2155 8.
957 2124 1052 2159 Quem
1075 2125 1148 2156 colis
1171 2123 1258 2164 ipsa]
1295 2123 1399 2160 Quem
1425 2122 1524 2165 suspi-

111 2173 173 2215 fac
186 2179 223 2203 ut
237 2173 347 2204 valeas.
391 2173 542 2205 HARLES.
856 2172 902 2203 cis
935 2178 966 2203 et
995 2173 1161 2204 veneraris.
1220 2173 1363 2203 Fortasse
1397 2171 1523 2213 Augus-

165 2223 218 2253 55.
241 2222 336 2253 Hunc
350 2224 482 2259 utinam,
499 2225 593 2254 nitidi
613 2221 690 2253 Solis
709 2233 786 2262 prae-
857 2226 923 2253 tum
947 2222 1105 2263 designat.
1152 2221 1213 2253 Vel
1238 2226 1333 2257 certe,
1356 2231 1462 2259 amas3
1494 2226 1526 2251 et

123 2272 263 2307 nuntius,
281 2271 407 2312 ortum]
437 2271 548 2302 Ortum
570 2282 625 2313 pro
649 2270 700 2302 die
724 2271 786 2302 ori·
857 2270 993 2301 amicum
1028 2270 1166 2312 aliquem
1196 2270 1324 2301 denotat
1360 2270 1526 2311 subpresso

124 2325 196 2352 ente
210 2319 326 2362 posuit,
344 2326 399 2351 aut
413 2320 493 2351 Solis
513 2326 633 2352 exortu.
679 2320 788 2362 Adpo·
857 2319 994 2350 nomine.

124 2369 182 2400 site
203 2369 322 2401 Seneca
337 2369 464 2411 OEdipo‚
478 2375 540 2402 act.
560 2370 593 2401 ii.
609 2381 689 2401 vers.
703 2370 785 2401 506:
899 2369 931 2399 9.
956 2369 1012 2399 Nil
1028 2370 1070 2399 im
1087 2367 1232 2408 celabas]
1260 2366 1390 2398 Notatio
1404 2365 1523 2397 intimae

127 2417 211 2448 Dum
224 2419 388 2449 matutinos
398 2420 542 2458 praedicet
553 2419 682 2461 Iazcffer
696 2425 789 2449 ortus.
857 2415 1076 2448 familian‘tatis
1091 2417 1130 2447 ab
1146 2415 1277 2447 effectis.
1301 2415 1476 2446 ansn1.—
1483 2414 1525 2446 Ut

124 2467 208 2499 Vide
230 2467 312 2499 infra
332 2473 432 2506 notas,
446 2468 503 2501 lib.
518 2468 559 2501 iv.
572 2469 662 2512 Eleg.
677 2469 710 2501 ii.
725 2479 790 2500 ver·
857 2479 916 2498 non
927 2478 979 2508 ego
994 2469 1128 2497 conscius
1143 2477 1239 2496 essem.
1266 2464 1385 2500 Scribe,
1399 2467 1449 2495 cui.
1465 2475 1524 2494 non

123 2517 176 2548 75.
199 2517 318 2548 HmNs.
351 2527 354 2531 ·
856 2528 908 2557 ego
931 2517 1075 2546 conscius.
1121 2514 1203 2545 Cum
1227 2513 1318 2544 tertio
1341 2513 1425 2544 enim
1448 2522 1524 2544 casu

167 2566 221 2597 56.
257 2566 390 2597 Admisso
417 2567 517 2607 equo]
556 2566 659 2598 Celeri
695 2575 788 2608 equo.
854 2566 1033 2606 frequenter
1044 2562 1149 2605 jungit
1163 2563 1244 2594 hanc
1260 2572 1369 2593 vocem
1388 2561 1504 2592 Noster
1516 2572 1525 2599 ;

124 2612 366 2655 Elegantissime
386 2613 470 2645 enim
499 2614 572 2656 equi
595 2617 716 2646 admitti
739 2613 786 2644 di·
857 2615 938 2645 Met.
954 2612 1082 2643 vi.588.
1116 2612 1236 2643 Hems.
1269 2609 1377 2642 Nostri
1393 2610 1524 2646 habent,

124 2667 248 2699 cuntur,
263 2672 361 2704 quum
375 2662 597 2704 impelluntur:
623 2663 667 2694 ita
681 2673 789 2694 currus
858 2669 893 2693 ut
907 2673 967 2692 non
983 2672 1047 2702 ego.

126 2716 157 2741 et
173 2710 246 2742 alia.
292 2711 386 2742 C1or.
