1760 3172
210 170 296 212 226
597 171 647 211 P.
683 168 896 210 OVIDII
932 168 1213 210 NASONIS

211 285 523 348 Suffecitque
549 285 691 332 malis
717 284 910 331 animus
928 302 948 344 ;ί
980 299 1093 331 nam
1119 300 1301 348 corpus
1327 285 1389 332 ab
1415 285 1497 332 illo

276 362 490 426 Accepit
514 363 658 424 vires,
686 362 872 424 vixque
897 360 1102 409 ferenda
1124 361 1253 408 tulit.

211 439 345 486 Dum
369 446 537 487 tamen
562 447 613 487 et
626 438 786 486 ventis
812 438 994 485 dubius
1014 438 1242 500 Jactabar
1263 445 1313 486 et
1337 438 1499 494 undis,
1541 440 1598 485 15

277 516 504 564 Fallebat
528 533 672 564 curas
696 531 930 578 aegraque
956 515 1108 562 corda
1130 515 1283 562 labor.

212 592 280 639 Ut
304 593 381 641 via
404 593 544 640 finita
568 600 660 648 est,
689 600 740 640 et
764 609 889 656 opus
915 591 1160 654 requievit
1182 592 1348 647 eundi,

277 668 342 716 Et
366 686 525 733 poenae
551 669 700 716 tellus
727 675 804 715 est
828 668 947 714 mihi
973 675 1108 714 tacta
1132 683 1283 724 meae3

210 744 292 790 Nil
318 746 411 792 nisi
437 746 556 793 flere
577 745 717 801 libet,
743 760 834 792 nec
861 751 1030 791 nostro
1058 744 1250 808 parcior
1274 745 1433 792 imber

275 821 501 880 Lumine,
528 823 591 870 de
616 838 767 870 verna
792 837 943 888 quem
969 822 1079 869 nive
1104 829 1275 870 manat
1298 837 1445 885 aqua.
1535 825 1599 868 20
1641 852 1650 859 ›

208 898 371 946 Roma
394 898 675 961 domusque
701 884 851 956 subit,
879 898 1285 961 desideriumque
1309 899 1546 953 locorum,

272 974 533 1038 Quidquid
558 983 608 1023 et
632 976 816 1022 amissa
840 983 994 1024 restat
1019 976 1069 1023 in
1094 977 1216 1024 urbe
1239 975 1354 1023 mei.

201 1051 315 1099 Heu
341 1052 476 1107 mihi,
505 1053 640 1115 quod
666 1053 820 1099 nostri
845 1053 993 1100 toties
1019 1053 1219 1116 pulsata
1243 1052 1460 1116 sepulcri

271 1127 302 1174 J
308 1142 453 1186 anua,
475 1129 571 1176 'sed
597 1129 729 1175 nullo
756 1135 981 1192 tempore
1006 1136 1179 1192 aperta
1202 1128 1319 1175 fuit!

208 1205 311 1252 Cur
336 1204 436 1268 ego*
454 1212 532 1252 tot
555 1206 746 1268 gladios
771 1205 892 1268 fugi,
919 1207 1170 1269 totiesque
1195 1206 1398 1260 minata,
1535 1208 1599 1252 25

276 1281 459 1329 Obruit
483 1281 655 1329 infelix
681 1283 817 1330 nulla
840 1284 1061 1347 procella
1084 1284 1270 1347 caput?

209 1357 290 1414 Di,
318 1374 444 1421 quos
471 1359 702 1423 experior
726 1359 932 1406 nimium
957 1366 1244 1408 constanter
1267 1359 1481 1423 iniquos,

272 1434 552 1500 Participes
578 1437 661 1484 irae
687 1452 813 1500 quos
841 1436 980 1484 Deus
1005 1453 1134 1484 unus
1159 1437 1339 1495 habet3

203 1510 557 1570 Exstimulate,
584 1530 774 1578 precor,
802 1515 1052 1563 cessantia
1074 1514 1205 1583 fata;
1244 1514 1445 1577 meique

272 1588 508 1638 Intentus
533 1592 729 1640 clausas
754 1608 865 1640 esse
885 1599 1051 1640 vetate
1075 1592 1221 1640 fores,
1535 1594 1600 1638 30

247 1722 296 1752 13.
312 1721 495 1763 Suffecitque
509 1723 623 1764 malis]
651 1724 718 1754 Hoc
736 1730 793 1761 est,
804 1735 865 1756 non
977 1726 1030 1756 23.
1052 1724 1158 1755 ιῙαηυα
1180 1726 1274 1755 nostri
1295 1723 1454 1764 δοραῖς-νὴ]
1481 1723 1600 1766 Saepius

200 1769 325 1801 inferior
340 1770 430 1801 malis
445 1771 613 1803 tolerandis
626 1773 694 1803 fuit.
933 1784 965 1805 se
981 1780 1110 1805 mortem
1124 1773 1259 1804 evasisse
1275 1772 1362 1804 dicit.

249 1820 296 1850 15.
316 1819 418 1850 Ventis
432 1822 689 1861 dubiusjactabar
701 1829 729 1852 et
744 1823 862 1863 undis]
977 1824 1029 1854 28.
1056 1824 1153 1858 Quam
1171 1823 1253 1853 Dens
1269 1833 1347 1853 unus
1366 1822 1480 1862 haben]
1519 1822 1599 1856 Quos

204 1868 304 1898 Terris
318 1870 557 1900 ‹lubiusveteres
572 1870 733 1912 plerique;
750 1871 795 1902 sic
810 1871 866 1902 lib.
934 1872 1075 1914 plerique
1105 1878 1247 1909 veteres;
1283 1878 1315 1903 et
1339 1877 1434 1903 recte.
1480 1871 1599 1903 mes.

202 1917 243 1947 iv.
260 1917 351 1959 Eleg.
367 1917 433 1947 viii.
450 1919 505 1949 15:
936 1920 1019 1952 Deus
1043 1932 1134 1951 unus.
1167 1920 1340 1961 Augustus.
1377 1920 1471 1951 Man.
1518 1920 1598 1951 Par-

244 1966 315 1997 Non
337 1967 382 1996 ita
404 1965 460 1997 Dis
480 1969 586 2004 visum,
602 1970 653 2008 qui
668 1979 713 2000 me
729 1976 867 2010 terraque
936 1971 1038 2009 ticipes
1056 1972 1129 2007 irae5
1152 1969 1208 2000 lib.
1224 1969 1245 2000 i.
1265 1969 1315 2000 El.
1330 1968 1364 2000 ii.
1379 1968 1479 2000 oravit
1500 1968 1598 2007 Deos,

328 2017 462 2055 marique
939 2029 976 2050 ne
1000 2018 1105 2060 magni
1124 2018 1259 2050 Caesaris
1279 2019 1330 2050 irae
1355 2018 1597 2055 subscriberent,

287 2065 399 2095 Actum
415 2065 590 2096 Sarmaticis
603 2077 759 2106 exposuere
776 2069 855 2098 locis.
937 2079 1014 2109 quos
1043 2067 1094 2099 hic
1121 2068 1199 2099 dicit
1228 2067 1395 2110 participes
1424 2067 1476 2098 irae
1506 2066 1598 2099 unius

246 2114 296 2145 18.
321 2114 363 2144 Et
387 2115 473 2145 tellus
496 2125 563 2145 meae
583 2116 704 2156 poenae.]
732 2117 772 2147 Et
787 2122 868 2148 terra
937 2117 1010 2153 Dei,
1027 2117 1163 2159 Augusti
1187 2117 1255 2148 scil.
1274 2127 1346 2149 cum
1361 2127 1423 2158 quo
1445 2116 1478 2147 in
1501 2122 1597 2159 caput

200 2162 262 2193 mei
277 2162 398 2193 exsilii:
423 2162 568 2203 designat
585 2170 691 2195 autem
704 2165 833 2196 Tomon.
936 2166 1075 2197 Nasonis
1110 2165 1306 2209 conspirasse
1333 2165 1482 2198 censendi
1513 2171 1597 2197 sunt.

242 2212 296 2242 20.
321 2212 367 2242 De
384 2213 597 2253 vernaculum]
625 2214 676 2245 De
694 2214 778 2251 nive,
795 2225 865 2256 quae
935 2215 1039 2246 l'oxr.

199 2259 345 2302 liquescit
359 2270 440 2297 vere,
455 2266 486 2292 et
500 2261 535 2292 fit
550 2271 644 2304 aqua.
