1760 3172
308 194 400 236 EX
432 193 645 236 PONTO
680 194 798 235 LIB.
833 195 914 236 IV.
947 195 1139 238 EPIST.
1173 195 1281 238 VII.

1414 197 1499 238 497

116 308 281 363 Quam
301 309 568 372 quisquam
587 315 822 366 vestrum,
840 298 925 372 qui
947 326 1026 358 me
1045 311 1271 359 doluistis
1294 312 1494 374 ademp-

180 385 399 453 Arguat,
413 387 660 450 ingratum
684 402 784 433 non
808 387 1093 435 meminisse
1119 388 1208 436 sui.

1350 389 1492 449 [tu1n‚

515 690 937 738 EPISTOLA
982 688 1101 738 VII.

640 824 666 849 ἧς
694 823 980 865 VESTALI.

118 935 323 984 M1ssns
351 952 404 984 es
432 935 655 983 Euxinas
682 936 934 999 quoniam,
961 936 1195 994 VestaliS,
1219 937 1281 984 ad
1306 937 1480 992 undas,

186 1013 258 1061 Ut
281 1013 456 1078 positis
481 1013 659 1061 reddas
680 1014 792 1076 jura
811 1014 904 1060 sub
929 1029 1023 1061 axe
1048 1014 1198 1071 locis3

118 1091 352 1155 Adspicis
377 1107 456 1147 en,
483 1107 719 1154 praesens,
748 1091 881 1154 quali
901 1091 1157 1154 jaceamus
1183 1091 1232 1137 in
1258 1107 1399 1138 arvo:

185 1168 294 1216 Nec
315 1184 395 1216 me
420 1169 563 1216 testis
589 1168 684 1216 eris
710 1168 833 1215 falsa
858 1169 1016 1215 solere
1042 1168 1198 1231 queri.

118 1245 344 1294 Accedet
365 1245 474 1293 voci
497 1262 585 1310 per
603 1253 653 1294 te
674 1262 772 1293 non
796 1246 932 1293 irrita
955 1256 1151 1301 nostrae,
1473 1247 1501 1291 5

183 1322 379 1387 Alpinis
393 1323 590 1386 juvenis
615 1323 815 1386 regibus
840 1329 961 1379 orte,
987 1322 1128 1369 fides,

120 1399 238 1465 Ipse
261 1400 402 1448 vides
427 1407 561 1449 certe
587 1400 745 1464 glacie
769 1415 1089 1448 concrescere
1115 1397 1359 1454 Pontum;

188 1477 306 1542 Ipse
328 1477 468 1525 vides
489 1477 647 1540 rigido
672 1477 857 1525 stantia
879 1476 993 1524 vina
1016 1476 1146 1539 gelu.

193 1622 269 1653 Solis
283 1624 323 1654 ad
337 1623 415 1654 ans
430 1634 539 1654 currus
553 1630 663 1665 agetur
677 1635 779 1665 aquas.

119 1673 181 1703 Pro
197 1678 327 1712 tempora
350 1671 446 1702 etiam
457 1673 588 1714 fercula
605 1672 713 1703 malim
732 1684 780 1704 re-

118 1721 210 1764 poni:
235 1721 290 1752 sed
304 1722 430 1752 obstant
443 1721 515 1753 libri
528 1728 657 1754 veteres.
696 1723 781 1753 Nam

119 1771 242 1803 Nonius
264 1771 366 1808 docet,
381 1772 543 1813 ferculum
568 1771 689 1814 proprie
713 1782 781 1803 esse

119 1823 239 1852 missum
253 1823 404 1853 carnium.
443 1821 526 1852 Hinc
543 1821 626 1863 apud
640 1822 660 1853 J
663 1831 780 1852 uvena-

120 1870 193 1907 lem,
210 1871 278 1902 Sat.
295 1869 346 1900 xi:

165 1920 298 1951 Fercula
312 1931 395 1950 nunc
404 1920 479 1950 audi
493 1921 588 1950 nullis
602 1925 709 1950 ornata
720 1930 782 1949 ma-

206 1970 298 2000 cellis.
623 1969 741 1999 mes.

164 2020 216 2050 50.
240 2020 364 2060 Arguat
386 2017 573 2060 ingratum]
607 2017 763 2048 Ostendat
776 2029 781 2047 :

119 2068 165 2100 sic
181 2067 294 2110 Virgil.
306 2067 348 2098 ix.
363 2068 423 2097 281
439 2079 446 2097 ;

245 2128 290 2148 me
301 2117 390 2147 nulla
404 2118 465 2148 dies
478 2116 681 2158 tam—fortibus
695 2116 786 2145 ausis.

167 2167 349 2198 Dissimilem
363 2167 511 2207 arguerit.

166 2264 185 2283 ³⁵
208 2264 383 2305 VsssrAm]
414 2264 539 2295 Vestalis
554 2272 723 2304 cognomen
739 2268 785 2293 est

125 2313 231 2345 Fabiae
246 2313 348 2355 gentis
363 2325 369 2343 :
394 2312 440 2343 ita
452 2313 562 2343 Fabius
582 2312 717 2347 Vestalis,
730 2311 784 2352 qui

123 2362 163 2393 de
178 2361 300 2404 pictura
315 2361 448 2404 scripsit,
463 2371 545 2403 saepe
556 2360 660 2392 Plinio
673 2360 783 2390 lauda-

124 2417 192 2450 tur;
217 2411 279 2442 vid.
294 2411 429 2442 indicem
448 2410 504 2443 lib.
520 2421 604 2440 xxxv
619 2415 650 2440 et
672 2408 784 2446 xxxvi;

129 2461 246 2492 Vettius
260 2460 394 2496 Vestalis,
405 2459 489 2502 apud
503 2460 630 2490 Gruter.
645 2468 786 2495 ireerx,

130 2511 180 2546 12,
196 2515 227 2541 et
242 2509 353 2541 Reins.
368 2508 389 2540 i.
403 2510 456 2540 48.
500 2509 617 2538 Bmm.

169 2560 200 2590 3.
224 2558 387 2598 Praesens.]
414 2557 559 2593 Praefero,
571 2555 710 2598 quiahoc
724 2566 789 2586 me-

127 2607 190 2639 lius
201 2608 248 2649 τῷ
259 2609 396 2648 adspicis,
407 2612 437 2638 et
450 2617 522 2637 mox
535 2608 616 2637 testis
626 2603 787 2638 convenit:

128 2657 155 2687 si
181 2657 220 2687 de
249 2662 337 2698 parte
364 2656 472 2697 aliqua
502 2653 789 2688 administrationis,

130 2705 181 2737 cni
211 2705 376 2747 praesectus
408 2710 474 2736 erat
500 2703 649 2739 Vestalis,
677 2706 792 2743 ageret,

126 2765 232 2795 praeses
264 2760 368 2796 posset
396 2752 540 2792 admitti;
563 2752 617 2784 sed
645 2751 696 2783 hic
726 2751 793 2793 ejus

173 2803 273 2835 VOL.
297 2803 342 2834 II.

848 1622 1056 1654 testimonium
1073 1626 1192 1653 tantum
1208 1620 1343 1651 invocat.

891 1675 923 1704 5.
948 1673 1075 1703 Accedet
1092 1674 1153 1702 voci
1168 1671 1300 1711 nosti-ca]
1324 1668 1439 1701 Veniet
1454 1679 1507 1700 no-

848 1721 918 1753 stris
941 1721 1055 1756 verbis,
1079 1720 1192 1762 quibus
1218 1718 1319 1761 questi
1341 1729 1446 1750 sumus
1471 1718 1510 1749 de

848 1771 924 1801 locis
939 1770 1090 1800 Ponticis.
1138 1770 1207 1799 Non
1224 1770 1313 1799 irrita
1318 1769 1411 1808 fides.
1457 1769 1481 1798 F
1484 1768 1510 1798 i-

849 1819 905 1850 des
920 1829 982 1849 non
996 1828 1090 1855 vana,
1108 1817 1164 1848 sed
1178 1828 1262 1850 vera.
1295 1817 1356 1847 Per
1372 1823 1410 1847 te.
1438 1817 1506 1847 Tuo

851 1867 1040 1899 testimonio.

892 1918 924 1948 6.
950 1916 1100 1957 Alpinis.]
1118 1917 1222 1947 Etiam
1238 1916 1355 1946 Bavar.
1369 1921 1401 1947 et
1416 1925 1509 1957 expo-

849 1971 929 1997 nunt
950 1966 1079 2008 quidam
1102 1965 1140 1997 de
1162 1964 1306 2006 Regibus
1327 1963 1438 1995 Cottiis
1458 1968 1512 1994 aut

853 2016 961 2046 Coctiis
984 2015 1075 2056 (vide
1090 2013 1289 2056 Micyllum,)
1305 2012 1358 2055 qui
1373 2013 1406 2043 in
1421 2012 1512 2054 Alpi-

851 2065 909 2095 bus
925 2069 1106 2105 regnarunt.
1152 2063 1198 2093 At
1212 2062 1295 2093 enim
1309 2063 1513 2103 Verpoorten,

852 2118 873 2131 “
885 2113 948 2144 Cur
963 2123 1035 2149 non,
1049 2112 1104 2148 ait,
1120 2111 1160 2142 de
1174 2111 1299 2152 regibus
1311 2110 1440 2152 Alpium
1455 2111 1475 2142 J
1479 2121 1513 2140 u-

851 2161 985 2192 liaruml
1009 2162 1093 2192 Nam
1118 2159 1258 2191 Vestalis
1282 2168 1455 2199 cognomen
1479 2157 1512 2188 in

851 2210 946 2242 Juliis
980 2209 1116 2251 reperiri,
1145 2214 1251 2239 monet
1293 2207 1439 2238 Schottus
1481 2207 1513 2238 in

852 2260 980 2291 Electis.
1014 2260 1076 2290 Sed
1091 2258 1167 2301 quid
1182 2257 1291 2300 Alpini
1308 2257 1348 2287 ad
1363 2257 1514 2288 Daunum

853 2322 881 2341 v.
905 2311 965 2341 297.
1001 2309 1105 2350 Lege:
1142 2306 1279 2349 Arpinis.
1322 2306 1407 2336 Nam
1435 2305 1514 2348 Arpi

851 2360 924 2391 urbs
946 2358 1103 2400 quondam
1129 2367 1167 2387 ex
1190 2354 1333 2387 maximis
1352 2354 1467 2391 Italiae,
1482 2354 1515 2385 in

852 2408 959 2439 Dauni
992 2417 1087 2448 regno
1122 2405 1181 2436 suit
1214 2405 1246 2436 in
1272 2404 1402 2445 Apulia,
1429 2404 1516 2446 prius

854 2459 971 2499 Lampe
996 2456 1167 2498 adpellata,
1193 2465 1287 2496 quam
1315 2464 1332 2484 a
1358 2452 1514 2484 Diomede

855 2517 967 2538 nomen
990 2510 1182 2537 mutaretur:
1207 2505 1327 2539 Strabo,
1353 2502 1426 2534 libr.
1449 2502 1513 2534 vi.'’

856 2557 1004 2587 limus.

901 2606 932 2636 7.
957 2605 1063 2635 Glcwie
1089 2601 1300 2641 concrescere]
1335 2599 1418 2631 Vide
1448 2599 1514 2631 haec

860 2660 891 2685 et
916 2652 1078 2695 sequentia
1107 2651 1312 2682 illustrantem
1340 2650 1517 2680 Pontanum

861 2703 901 2734 ad
916 2702 1060 2733 Macrob.
1074 2700 1130 2730 lib.
1148 2699 1201 2729 vii.
1217 2700 1340 2729 Saturn.
1357 2698 1407 2727 12.

904 2753 934 2783 8.
959 2751 1067 2781 Gelido
1088 2750 1201 2780 stantia
1222 2747 1320 2787 vium]
1348 2745 1431 2777 Vina
1445 2754 1517 2776 con-

988 2799 1018 2829 K
1032 2810 1050 2828 x
