1760 3172
210 183 294 222 274

604 181 651 220 P.
687 179 900 220 OVIDll
937 177 1218 220 NASONIS

215 297 477 359 Donaque,
506 295 777 342 amicorum
805 294 1006 357 templis
1032 294 1276 356 promissa
1303 291 1538 346 Deorum,

283 373 514 420 Reddere
538 372 751 418 victores
780 371 951 417 Caesar
977 377 1187 432 uterque
1213 376 1416 433 parent3

215 450 278 497 Et
304 451 391 513 qui
418 450 651 496 Caesareo
672 450 883 512 juvenes
911 448 1003 494 sub
1028 447 1228 493 nomine
1254 453 1502 501 crescunt,

279 527 533 590 Perpetuo
558 534 715 573 terras
742 533 798 571 ut
823 525 1000 571 domus
1027 524 1123 570 ista
1147 530 1313 585 regat:
1546 525 1604 568 lO

213 603 446 666 Cumque
473 603 615 650 bonis
643 602 849 649 nuribus
876 617 964 664 pro
990 600 1177 663 sospite
1206 599 1343 647 Livia
1367 607 1481 646 nato

279 679 493 727 Munera
517 680 603 727 det
626 679 831 734 meritiS,
860 694 994 741 saepe
1020 678 1212 732 datura,
1242 676 1392 724 Deis:

213 756 278 803 Et
303 757 487 820 pariter
514 764 714 811 matreS,
736 762 786 802 et
812 770 925 817 quae
953 755 1059 801 sine
1084 753 1290 801 crimine
1316 760 1481 799 castos

278 834 532 898 Perpetua
557 840 755 881 servant
779 833 1062 894 virginitate
1088 833 1240 880 focos

217 911 364 959 Plebs
391 912 488 974 pia,
511 927 727 974 eumque
754 911 837 974 pia
861 911 1090 958 laetentur
1114 912 1263 974 plebe
1289 917 1507 963 senatuS‚
1546 911 1601 955 15

278 989 541 1052 Parvaque
567 990 710 1052 cujus
737 1004 870 1037 eram
897 1004 1010 1052 pars
1037 1005 1130 1051 ego
1156 1004 1330 1052 nuper,
1358 1002 1531 1050 eques.

214 1065 317 1112 Nos
343 1066 514 1129 procul
536 1066 774 1129 expulsos
796 1066 1078 1112 communia
1103 1065 1285 1127 gaudia
1308 1065 1500 1118 fallunt,

280 1142 533 1206 Famaque
559 1150 661 1190 tam
686 1144 833 1205 longe
859 1159 956 1189 non
982 1143 1075 1189 nisi
1102 1158 1254 1206 parva
1275 1141 1427 1189 venit.

211 1218 342 1281 Ergo
368 1220 527 1267 omnis
549 1220 732 1283 poterit
752 1220 966 1283 populus
989 1227 1217 1283 spectare
1238 1218 1532 1282 triumphos,

277 1296 511 1359 Cumque
537 1297 721 1343 dueum
747 1297 906 1344 titulis
932 1297 1120 1361 oppida
1144 1303 1293 1360 capta
1317 1297 1477 1358 leget;
1537 1298 1602 1341 20

213 1372 489 1436 Vinclaque
517 1374 715 1437 captiva
739 1390 883 1436 reges
908 1375 1103 1423 cervice
1129 1381 1376 1437 gerentes,

275 1450 407 1497 Ante
433 1458 694 1499 coronatos
720 1451 790 1499 ire
815 1452 1006 1500 videbit
1031 1468 1218 1516 equos;

250 1594 280 1623 7.
300 1593 454 1634 Donaque,
469 1595 664 1635 amicorum]
682 1596 785 1631 Dona,
799 1606 869 1637 quae

205 1643 405 1684 imperatores
430 1644 555 1685 templis
574 1644 713 1675 Deorum
737 1644 796 1675 sibi
823 1645 868 1676 fa-

209 1691 346 1722 ventium
360 1704 367 1730 3
385 1692 433 1722 vel
447 1692 529 1723 dona
541 1692 722 1730 amicorum,
733 1704 802 1734 quae
816 1704 871 1736 pro

205 1739 444 1781 imperatoribus
460 1741 552 1773 amici
568 1741 705 1783 ipsorum
721 1742 792 1773 Diis
802 1753 871 1785 pro-

206 1788 367 1820 miserant.
406 1790 512 1820 Pom.
560 1790 673 1831 Virgil.
704 1792 780 1822 AEn.
808 1791 871 1822 viii.

210 1839 283 1869 720.
300 1849 369 1880 sqq.

250 1886 316 1927 Ipse
343 1890 444 1918 sedens
472 1892 556 1920 niveo
584 1890 741 1920 candentis
771 1890 871 1920 limine

293 1936 408 1973 Phoebi,

250 1986 339 2016 Dona
362 1988 543 2028 recognoscit
568 1989 758 2028 populorum,
771 1994 871 2027 aptat-

293 2047 348 2075 que
363 2037 495 2076 superbis

252 2085 407 2116 Postibus:
434 2087 580 2116 incedunt
604 2087 687 2116 victae
714 2086 800 2127 longo
823 2097 870 2115 or-

292 2136 363 2165 dine
377 2141 490 2175 gentes.

248 2184 279 2213 8.
300 2183 432 2224 Uterque
448 2183 578 2224 caesara]
595 2182 759 2225 Augustus
773 2190 804 2215 et
818 2184 869 2214 Ti-

204 2231 319 2263 berius.

249 2281 280 2313 9.
294 2281 445 2323 Nomine]
459 2282 490 2312 h.
498 2292 525 2314 e.
535 2283 644 2318 tutela,
654 2282 870 2324 patrocinio,v.

205 2340 297 2373 supra
308 2331 340 2362 ii.
352 2333 425 2363 551.
441 2331 548 2374 ibique
559 2333 733 2362 Burmann.
757 2333 869 2363 Ham„

252 2381 301 2411 11.
327 2381 403 2411 Cum
428 2382 508 2412 bonis
533 2381 687 2422 mwibus]
716 2382 782 2423 Ego
809 2393 869 2413 non

203 2428 331 2464 Tiberii,
366 2435 420 2460 aut
456 2429 553 2460 Drusi
591 2440 703 2461 uxores
740 2431 869 2473 accipio,

205 2489 302 2520 quum
313 2478 430 2509 Tiberii
445 2489 516 2520 quae
533 2484 600 2510 erat
613 2478 701 2510 Julia
712 2479 872 2516 videlicet,

206 2527 341 2569 Augusti
358 2527 434 2564 filia,
446 2529 513 2569 jam
529 2529 669 2569 relegata
690 2534 771 2560 esset
785 2541 790 2559 :
816 2529 870 2560 sed

206 2576 386 2607 Germanici
412 2582 443 2608 et
468 2577 563 2608 Drusi
582 2577 726 2619 junioris,
740 2589 870 2620 quorum

206 2626 294 2656 alteri
322 2625 509 2668 Agrippina,
536 2627 630 2658 Juliae
661 2633 692 2657 et
722 2627 869 2670 Agrippan

204 2674 287 2711 filia3
322 2675 409 2706 alteri
441 2676 620 2707 Germanici
655 2687 737 2707 soror
767 2677 865 2713 Livia,

204 2729 298 2764 nupta
326 2730 401 2757 orat.
418 2730 451 2754 ut
472 2735 510 2755 ex
530 2725 631 2756 Taciti
651 2725 737 2756 Ann.
751 2726 771 2756 i.
788 2732 817 2756 et
834 2726 864 2757 ii.

938 1595 1139 1626 manifestum
1155 1601 1212 1626 est.
1249 1594 1406 1625 Dicuntur
1421 1601 1525 1625 autem
1545 1605 1602 1625 nu-

939 1656 990 1676 rus
1010 1656 1071 1675 non
1089 1649 1211 1675 tantum
1234 1655 1252 1675 a
1272 1645 1455 1686 parentibus
1475 1644 1600 1675 marito-

940 1706 1018 1728 rum,
1030 1694 1084 1725 sed
1101 1699 1132 1725 et
1148 1695 1186 1725 ab
1202 1694 1280 1725 avis.

986 1746 1037 1775 13.
1055 1744 1095 1774 Et
1110 1746 1227 1783 pariter
1240 1744 1376 1784 matres]
1396 1743 1448 1774 Ob
1459 1742 1538 1774 filios
1551 1754 1600 1774 so-

939 1793 1047 1835 spites.
1086 1793 1187 1829 Malo,
1204 1793 1285 1824 Dent
1304 1795 1422 1833 pariter
1433 1804 1444 1830 ,·
1468 1803 1538 1834 quae
1554 1803 1601 1824 re-

940 1843 1047 1884 petitio
1070 1853 1195 1874 sensum
1221 1842 1323 1884 erigit.
1372 1843 1413 1873 Εἰ
1438 1854 1501 1883 quae
1524 1845 1600 1874 sine.

940 1892 1098 1923 Vestales.

986 1941 1037 1971 15.
1054 1940 1140 1971 Plebs
1152 1941 1215 1980 piu,
1226 1951 1351 1981 cumque
1363 1940 1447 1981 pia.]
1475 1941 1598 1972 Notan-

939 1990 980 2021 da
995 1996 1043 2021 est
1054 1989 1209 2021 traductio
1221 1990 1330 2021 similis
1344 1989 1390 2021 illi
1400 1990 1600 2026 Catullianae,

940 2041 971 2071 in
987 2039 1181 2082 Epithalam.

1115 2088 1200 2119 Bona
1215 2099 1280 2119 cum
1297 2090 1371 2119 bona

1115 2137 1212 2168 Nubit
1227 2139 1302 2168 alite
1315 2139 1419 2178 virgo.-

940 2192 1035 2228 atque
1065 2185 1226 2217 familiaris
1253 2192 1300 2218 est
1320 2185 1376 2217 illa
1399 2185 1518 2228 species
1540 2189 1601 2227 τῆς

940 2235 1140 2278 παλιλογίας
1154 2235 1247 2267 etiam
1265 2236 1391 2266 Plauto.
1417 2236 1548 2267 Bmzsm.

985 2285 1034 2315 16.
1062 2284 1158 2325 Cujus
1189 2295 1242 2326 ego
1269 2289 1367 2324 nuper
1393 2295 1475 2314 eram
1504 2295 1600 2324 parva

937 2333 1036 2374 γαν-3.]
1073 2333 1145 2365 Fuit
1173 2333 1256 2363 enim
1278 2333 1412 2364 Ovidius
1436 2343 1543 2375 equeS,
1568 2339 1601 2366 et

938 2382 1074 2423 equestri
1089 2387 1173 2413 ortus
1187 2381 1320 2412 familia.

980 2432 1033 2462 20.
1051 2430 1182 2471 Cumque
1198 2433 1309 2461 (lucum.
1326 2431 1453 2472 titulis]
1473 2430 1598 2473 Captivi

936 2484 968 2510 et
990 2480 1059 2511 loca
1084 2479 1272 2521 imaginibus
1293 2479 1479 2522 scriptisque
1499 2479 1530 2510 in
1545 2480 1598 2511 tri-

936 2529 1087 2571 umphum
1103 2529 1335 2560 deferebantur.
1361 2530 1500 2571 Propert.
1516 2536 1543 2560 et
1560 2532 1597 2560 ti-

939 2580 1012 2609 tulis
1026 2579 1133 2618 oppidu
1149 2585 1237 2618 capla
1251 2580 1357 2620 legam.
1384 2578 1476 2610 Men.

981 2628 1035 2657 22.
1059 2628 1138 2657 Ante
1161 2626 1339 2667 coronatos]
1364 2625 1598 2668 Triumphantis

934 2686 1056 2706 currum
1078 2676 1245 2707 trahebant
1268 2676 1341 2718 equi
1368 2675 1494 2706 candidi
1519 2686 1597 2717 qua-

934 2731 1018 2755 tuor:
1041 2725 1093 2766 qui
1111 2731 1142 2755 et
1158 2725 1214 2766 ipsi
1232 2726 1320 2756 lauro
1336 2725 1574 2755 coronabantur.
