1760 3172
174 184 260 226 300

567 182 618 223 P.
652 179 866 223 OVIDII
901 180 1182 222 NASONIS

178 298 232 346 Si
249 297 372 361 quid
397 297 447 344 id
473 303 566 353 est,
585 312 745 359 usque
771 312 800 342 a
825 295 1019 359 proavis
1040 302 1182 342 vetus
1199 295 1384 342 ordinis
1402 296 1565 351 hereS,

244 374 360 422 Non
384 373 533 421 modo
557 373 767 420 fortunae
793 389 998 420 munere
1023 371 1184 420 factus
1209 389 1382 436 equeS.

178 451 288 500 Nec
313 451 465 515 stirps
491 451 652 515 prima
675 450 744 497 fui
767 468 777 507 ;
818 450 986 512 genito
1006 451 1110 512 jam
1135 449 1283 498 fratre
1308 458 1521 506 creatus,

244 528 344 583 Qui
367 529 527 576 tribus
549 535 663 575 ante
689 534 866 590 quater
891 528 1148 575 mensibus
1174 535 1310 574 ortus
1336 535 1457 575 erat.
1512 530 1569 574 lo

177 605 374 654 Lucifer
399 605 657 652 amborum
682 604 930 652 natalibus
957 603 1116 651 adfuit
1140 604 1301 652 idem:

244 683 362 731 Una
385 683 638 730 celebrata
663 689 740 729 est
765 697 853 745 per
877 681 977 728 duo
1004 682 1107 729 liba
1130 681 1255 729 dies.

178 759 303 807 Haec
329 767 406 807 est
431 758 671 807 ariniferae
698 758 838 806 festis
865 758 928 805 de
954 759 1178 822 quinque
1205 757 1462 813 Minervae,

244 837 371 892 Quae
396 836 502 884 fieri
528 852 697 900 pugna
721 836 881 900 prima
905 843 1113 883 cruenta
1137 836 1281 883 solet.

176 913 415 961 Protinus
441 913 718 975 excolimur
743 912 919 969 teneri,
947 928 1167 975 curaque
1194 912 1432 975 parentis,
1515 914 1571 958 lo

1550 914 1568 922 η

244 989 384 1038 Imus
410 991 473 1038 ad
498 990 719 1053 insignes
745 989 882 1037 urbis
909 989 971 1036 ab
998 997 1104 1036 arte
1129 989 1275 1036 viros.

180 1068 353 1116 Frater
378 1068 441 1115 ad
466 1067 721 1130 eloquiun]
747 1067 889 1114 viridi
914 1068 1155 1115 tendebat
1180 1068 1242 1115 ab
1268 1084 1387 1122 aevo,

246 1144 415 1192 Fortia
439 1144 635 1192 verbosi
661 1152 806 1191 natus
834 1145 896 1192 ad
923 1161 1060 1192 arma
1081 1145 1188 1192 fori.

178 1220 248 1269 At
272 1221 393 1268 mihi
412 1223 518 1285 jam
543 1237 699 1285 puero
725 1221 949 1269 coelestia
973 1238 1115 1269 sacra
1137 1221 1422 1286 placebant,

246 1299 408 1363 Inque
434 1315 581 1346 suum
605 1298 773 1346 furtim
800 1298 953 1347 Musa
976 1300 1208 1347 trahebat
1232 1316 1375 1363 opus.
1511 1303 1575 1345 20

180 1378 328 1441 Saepe
354 1383 495 1440 pater
519 1376 647 1424 dixit
669 1393 679 1424 :
720 1376 943 1423 studium
969 1376 1091 1439 quid
1118 1376 1291 1424 inutile
1318 1377 1518 1424 tentas?

245 1453 524 1501 Maeonides
550 1454 712 1501 nullas
739 1454 847 1517 ipse
873 1454 1075 1517 reliquit
1100 1470 1239 1518 opes.

179 1531 350 1579 Motus
376 1548 510 1580 eram
533 1531 698 1588 dictis,
725 1539 932 1595 totoque
956 1531 1201 1579 Helicone
1228 1531 1416 1586 relicto,

247 1609 478 1657 Scribere
502 1610 718 1658 conabar
742 1611 893 1657 verba
918 1610 1083 1657 soluta
1107 1609 1270 1657 modis
1291 1626 1300 1656 :

223 1795 253 1826 7.
267 1794 300 1825 Si
315 1797 387 1835 quid
404 1797 435 1826 id
449 1795 519 1836 est.]
544 1795 630 1827 Ordo
646 1802 711 1826 est:
730 1802 761 1827 et
775 1806 842 1827 sum

178 1844 280 1875 sactus
294 1855 390 1885 eques
406 1855 466 1875 non
483 1855 565 1875 nunc
581 1851 612 1875 et
627 1856 737 1876 recens
751 1846 844 1876 modo

178 1903 307 1925 munere
341 1893 484 1930 fortunae,
514 1894 568 1925 sed
597 1895 691 1935 longa
719 1904 841 1925 succes—

179 1942 276 1978 sione,
291 1950 322 1973 et
338 1942 422 1972 unde
440 1953 458 1972 a
480 1943 650 1984 majoribus
666 1943 755 1974 heres
774 1954 843 1974 sum

177 1990 340 2033 dignitatis
356 1991 519 2032 equestris.
556 1992 843 2033 IlIunererrtumr.

180 2040 253 2070 Non
281 2039 374 2070 modo
403 2039 532 2076 divitiis,
561 2051 630 2081 quae
661 2046 733 2071 sunt
762 2041 844 2071 bona

179 2089 329 2120 fortunae:
355 2088 409 2131 qui
434 2089 517 2120 enirn
543 2088 771 2131 quadringenta
796 2100 843 2121 se-

177 2139 286 2170 stertia
305 2138 518 2180 possidebant,
531 2138 667 2180 equestri
689 2139 843 2179 dignitate

179 2188 387 2224 donabantur,
401 2193 432 2218 et
453 2188 489 2217 14
506 2187 666 2219 ordinibus
678 2188 710 2218 in
725 2188 844 2220 theatro

179 2237 343 2279 spectandi
359 2236 461 2278 gratia
476 2237 640 2268 sedebant.
687 2238 779 2268 Cior.

227 2288 276 2317 12.
304 2287 373 2317 Una
396 2288 545 2318 celebrata
567 2287 636 2327 est.]
670 2287 758 2318 Idem
777 2286 846 2318 dies

180 2335 305 2372 natalis,
323 2335 399 2366 mihi
415 2335 526 2378 illique
542 2336 728 2367 celebratus.

224 2388 274 2418 13.
299 2387 565 2429 Armigeraefestis
580 2388 616 2418 de
631 2389 761 2427 quinque
784 2387 844 2417 Ma·-

179 2437 305 2477 nervae.]
331 2437 510 2467 Secundum
533 2437 617 2466 diem
641 2447 679 2467 ex
705 2435 843 2478 quinque

180 2485 332 2516 Minervae
347 2485 536 2516 consecratis
551 2485 704 2526 designat.
740 2485 846 2515 l'rium

178 2534 262 2566 enim
278 2534 328 2565 die
343 2533 409 2564 ludi
430 2533 620 2575 gladiatorii,
637 2540 671 2564 ut
686 2534 843 2575 sequeuti-

180 2585 238 2614 bus
260 2583 382 2618 diebus,
397 2593 458 2613 non
474 2583 713 2613 exhibebantur.
747 2583 845 2614 Fuere

181 2637 286 2662 autem
307 2632 503 2671 quinquatria
527 2631 680 2661 Minervio
704 2631 782 2662 festa
807 2632 845 2661 13

181 2681 255 2711 Kal.
282 2679 382 2722 April.
408 2680 465 2711 hoe
492 2686 550 2717 est,
575 2681 618 2711 20
644 2680 694 2710 die
725 2680 846 2717 Martii,

182 2728 269 2760 dicta
302 2740 319 2759 a
350 2729 539 2770 quinquatro
570 2728 631 2761 dio.
663 2728 745 2771 quod
778 2736 843 2771 post

910 1797 994 1827 diem
1010 1795 1155 1838 quintum
1169 1795 1363 1827 celebrentur
1377 1806 1383 1825 :
1403 1794 1472 1824 vide
1484 1793 1577 1825 Alex.

912 1847 952 1877 ab
977 1846 1070 1876 Alex.
1100 1845 1154 1875 lib.
1184 1845 1214 1875 ii.
1245 1855 1316 1886 cap.
1340 1845 1404 1881 223
1437 1850 1468 1874 et
1498 1843 1576 1874 ibid.

910 1894 1082 1936 Tiraquell.
1104 1895 1207 1924 Natus
1231 1904 1303 1934 ergo
1319 1892 1414 1923 Ovid.
1448 1894 1483 1923 12
1512 1893 1577 1922 Ka-

911 1944 995 1974 lend.
1013 1943 1113 1985 April.
1127 1953 1170 1973 sc.
1186 1944 1238 1973 21.
1256 1942 1375 1972 Martii.

960 1993 1008 2023 16.
1025 1993 1069 2023 Ab
1085 1999 1151 2023 arte
1168 1991 1274 2032 viros]
1298 1991 1442 2031 Insignes
1458 1991 1497 2021 ab
1514 1996 1579 2021 arte

912 2041 1033 2083 accipio
1047 2052 1111 2077 eos,
1125 2041 1178 2082 qui
1195 2040 1312 2071 artibus
1327 2040 1579 2081 quibuscumque

912 2090 1073 2126 docendis,
1103 2090 1244 2131 insignes
1273 2099 1310 2120 ac
1340 2089 1482 2120 celebres
1512 2095 1577 2120 tuin

913 2139 1009 2171 fuere.
1056 2140 1182 2169 Mmri..

960 2189 1009 2219 18.
1039 2187 1142 2219 Fortia
1175 2187 1312 2227 verbosi]
1352 2186 1457 2217 Fortia
1486 2187 1581 2218 verba

914 2244 1018 2272 vocat,
1060 2244 1217 2269 oratorum
1254 2237 1420 2272 orationes,
1457 2242 1580 2278 propter

913 2298 1066 2319 summam
1082 2285 1270 2328 eloquentia]
1287 2286 1361 2321 vim,
1375 2296 1444 2327 quae
1461 2288 1581 2316 animus

913 2347 975 2377 quo
1001 2336 1065 2367 vult
1092 2335 1234 2371 adducit,
1261 2342 1291 2366 et
1318 2334 1401 2365 unde
1432 2334 1500 2364 vult
1525 2334 1578 2364 dc-

914 2385 1017 2416 (lucit.

960 2436 1009 2466 19.
1028 2435 1163 2465 Coelestia
1185 2433 1297 2473 sueno]
1324 2434 1437 2463 Poesm
1465 2432 1581 2463 inlelli-

912 2483 968 2524 git.
1000 2484 1090 2513 Mun.
1136 2483 1186 2513 An
1208 2483 1367 2512 l'ermessia
1384 2483 1494 2512 surra?
1519 2483 1580 2513 tale

914 2533 990 2574 quid
1007 2533 1095 2563 lutet.
1141 2533 1258 2563 Hiems.

957 2583 1009 2612 20.
1026 2581 1120 2622 Inque
1132 2580 1370 2623 mentusco-rim]
1395 2579 1479 2618 Quia
1495 2586 1582 2621 pater

915 2631 979 2661 ficri
1008 2642 1055 2661 inc
1080 2638 1203 2673 poetam
1232 2630 1377 2660 nolebat:
1410 2629 1516 2670 itaque
1544 2640 1580 2660 eo

915 2679 1012 2710 inscio
1030 2679 1211 2710 sar-titabain
1231 2678 1407 2709 versiculos.
1458 2678 1560 2709 Pom.

958 2730 1009 2759 22.
1039 2727 1225 2769 Bistonides]
1254 2728 1420 2758 Homerus.
