1760 3172
447 177 635 220 ARTIS
668 177 1025 218 AMATORIAE
1058 177 1178 218 Lm.
1198 157 1278 218 ''11.
1514 178 1570 219 17

175 293 437 340 Adstiterit
459 294 702 349 tunicata3
746 290 921 338 Moves
947 292 1199 348 incendia3
1241 292 1426 339 clama:

244 370 348 417 Sed
372 370 564 426 timida,
591 376 765 417 caveat
789 368 984 431 frigora,
1013 384 1135 416 voce
1160 385 1294 431 roga.

178 447 525 511 Compositum
549 447 816 494 discrimen
842 446 956 503 erit3
997 446 1283 493 discrimina
1306 445 1481 492 lauda:

241 524 460 573 Torserit
483 526 596 588 igne
621 540 838 581 comam;
879 530 1008 570 torte
1033 523 1212 586 capille
1233 523 1393 586 place.

177 600 391 650 Brachia
414 603 655 658 saltantis,
682 618 854 650 vocem
880 601 1057 667 mirare
1083 601 1336 647 canentis:

1467 601 1562 646 305

242 678 324 735 Et,
351 680 486 743 quod
510 680 727 736 desierit,
754 680 905 726 verba
930 678 1186 742 querentis
1216 678 1361 724 habe.

175 754 319 819 Ipsos
344 757 655 813 concubitUS,
682 757 846 820 ipsum
871 772 1108 804 venerere
1133 755 1319 811 licebit,

242 832 389 887 Quod
409 835 576 897 juvat3
617 840 667 881 et
692 833 900 896 querula
926 832 1109 895 gaudia
1131 848 1253 879 voce
1279 839 1438 879 notes.

181 908 250 956 Ut
272 908 419 957 fuerit
440 910 579 957 torva
602 909 860 957 violentior
886 910 970 957 illa
995 909 1212 956 Medusa
1235 927 1245 966 ;

245 985 355 1034 Fiet
378 987 585 1034 amatori
608 987 733 1034 lenis
760 994 810 1034 et
834 1003 982 1050 aequa
1006 1003 1110 1033 suo.

1471 987 1568 1032 310

176 1061 406 1119 Tantum,
433 1079 496 1110 ne
519 1070 692 1126 pateas
717 1063 880 1111 verbis
907 1063 1161 1110 simulator
1186 1062 1236 1108 in
1261 1062 1373 1117 illis,

245 1139 429 1188 Effice:
469 1156 561 1188 nec
586 1140 725 1187 vultu
750 1140 952 1187 destrue
976 1139 1112 1186 dicta
1134 1146 1236 1186 tuo.

180 1215 234 1263 Si
258 1217 379 1264 latet
403 1233 497 1272 am,
524 1217 755 1280 prodest;
796 1215 956 1263 adfert
980 1216 1227 1279 deprensa
1250 1215 1491 1278 pudorem
1511 1231 1519 1260 :

243 1293 412 1357 Atque
437 1294 611 1342 adimit
634 1294 809 1342 merito
834 1300 1033 1357 tempus
1058 1293 1108 1339 in
1128 1308 1273 1339 omne
1297 1291 1464 1338 fidem.

181 1371 328 1434 Saepe
344 1371 437 1418 sub
454 1377 690 1418 autumno
707 1371 843 1434 (cum
863 1369 1247 1417 formosissimus
1268 1384 1442 1424 annus,
1470 1370 1566 1414 315

246 1447 505 1510 Plenaque
529 1463 777 1512 purpureo
804 1447 1047 1494 subrubet
1069 1461 1164 1493 uva
1186 1461 1322 1493 mero
1341 1463 1351 1502 3

223 1651 296 1681 301.
321 1651 421 1681 Moves
445 1651 614 1693 incendia]
649 1652 706 1682 Me
732 1651 839 1683 incen-

179 1699 238 1737 dis,
258 1699 333 1741 quia
355 1710 426 1731 rara
446 1706 532 1732 veste
550 1706 582 1732 et
599 1711 746 1742 magnam
770 1712 841 1743 par-

179 1754 244 1780 tem
269 1749 355 1780 nuda
379 1749 580 1791 conspiceris.
607 1760 677 1791 quae
703 1750 841 1781 notanda

180 1798 266 1829 fuere
295 1804 420 1841 propter
448 1798 639 1840 Crispinum,
669 1798 722 1842 qui
750 1798 841 1830 solita

178 1846 238 1879 sibi
253 1848 392 1879 sollertia
403 1848 635 1890 interpretatur,
644 1860 715 1879 vous
727 1860 840 1879 moarez

181 1898 218 1927 de
229 1898 339 1928 chaud.
385 1897 502 1928 Bmm.

238 1946 313 1978 303.
347 1945 544 1985 Compositum
572 1945 763 1986 discrimem]
801 1946 840 1976 In

181 1995 349 2026 Hafniensi
369 2000 401 2027 et
421 1995 684 2032 Francofurtensi,
699 2007 767 2026 cum
787 2007 839 2035 po-

181 2047 272 2076 situm
299 2047 460 2076 discrimen
484 2047 553 2076 erit.
581 2044 665 2087 quod
694 2050 842 2086 praestare

181 2099 269 2136 puto.
293 2106 462 2135 componere
490 2094 573 2125 enim
600 2099 721 2125 certum
749 2104 840 2124 orna—

183 2149 250 2175 tum
274 2149 372 2181 notat,
398 2155 470 2175 cum
497 2144 598 2175 crines
622 2144 655 2175 in
684 2143 843 2175 cincinnos

182 2199 214 2224 et
233 2193 348 2236 gradus
368 2200 441 2225 sunt
464 2193 549 2230 flexi,
575 2193 631 2224 sed
655 2193 694 2225 de
716 2192 770 2223 illo
794 2192 843 2223 hic

184 2242 323 2273 nondum
343 2242 455 2284 agitur,
472 2242 528 2274 sed
549 2242 581 2273 in
603 2242 748 2284 sequenti
767 2252 844 2283 pen-

183 2297 325 2323 tametro.
340 2303 443 2334 neque
459 2294 618 2324 discrimen
633 2291 718 2322 aliud
736 2296 844 2321 notare

183 2341 317 2378 videtur,
333 2352 428 2383 quam
444 2342 594 2383 capillum
608 2339 732 2383 pectine
749 2339 843 2370 extri-

183 2395 288 2421 catum
313 2397 345 2422 et
369 2390 630 2426 discriminatum,
653 2395 685 2420 et
709 2388 844 2420 divisum

183 2439 216 2470 in
232 2440 311 2471 duas
325 2440 375 2471 vel
390 2440 494 2481 plures
508 2446 623 2481 partes.
668 2440 787 2470 Bunm.

227 2490 301 2520 308.
326 2489 368 2520 Et
381 2490 509 2530 querula
521 2490 638 2531 gaudia
649 2499 716 2519 voce
731 2488 839 2528 notes]

185 2538 275 2569 Forte
289 2538 458 2580 legendum
471 2549 478 2568 z

272 2587 313 2617 Et
327 2598 389 2627 quae
404 2589 458 2618 (lat
474 2588 600 2628 gaudia,
613 2596 680 2616 voce
691 2587 794 2625 proba.

185 2636 248 2668 Illa
267 2635 394 2678 gaudia.
416 2646 486 2677 quae
510 2634 567 2666 tibi
592 2634 657 2671 dat,
683 2640 714 2665 te
734 2635 843 2675 juvare

186 2686 283 2727 proba
302 2684 421 2716 blanda
441 2690 473 2715 et
493 2683 644 2715 amatoria
664 2694 739 2714 voce
754 2694 762 2721 3
790 2682 844 2713 sed

230 2737 333 2769 VOL.
348 2736 398 2768 ΙΙ.

908 1658 943 1683 ut
970 1652 1035 1694 ipse
1064 1656 1173 1693 postea
1199 1650 1312 1693 puellis
1338 1649 1491 1692 praecipit,
1514 1649 1569 1679 lib.

908 1700 953 1732 iii.
970 1701 1040 1731 Art.
1056 1701 1130 1731 755.

955 1750 1018 1780 Nec
1035 1750 1150 1780 blandae
1168 1759 1249 1779 voces
1261 1749 1463 1789 jucundaque
1483 1758 1568 1777 mur-

995 1810 1083 1829 mura
1101 1804 1222 1828 cessent.
1408 1796 1528 1826 Aluan.

968 1848 1044 1879 310.
1076 1847 1168 1878 Lenis
1195 1853 1224 1877 et
1250 1845 1364 1886 aqum]
1396 1846 1474 1876 Haec
1509 1845 1571 1876 duo

910 1898 1005 1929 etiam
1014 1896 1163 1928 Horatius
1170 1895 1331 1937 conjungit
1339 1895 1394 1925 lib.
1402 1894 1446 1926 iii.
1454 1895 1571 1926 Od.18.

953 1947 1044 1977 Lenis
1060 1948 1189 1982 incedas,
1205 1947 1346 1986 abeasque
1356 1946 1458 1985 parm's

993 1997 1110 2036 AEquus
1125 1995 1268 2025 alumnis.

909 2044 971 2075 Sed
987 2045 1068 2075 male
1085 2044 1135 2075 hic
1151 2055 1251 2084 <equus
1267 2041 1418 2084 explicuit
1432 2043 1570 2079 Merula,

910 2100 942 2124 et
957 2093 1192 2136 Cnippingium,
1203 2093 1235 2123 in
1247 2103 1380 2123 errorem
1395 2092 1570 2128 inductum,

906 2143 1025 2184 jactare
1038 2142 1088 2173 hic
1099 2141 1353 2183 intempestivam
1365 2140 1571 2172 eruditionem

910 2191 1048 2234 impulit.
1065 2203 1164 2232 aequus
1179 2196 1226 2222 est
1247 2190 1366 2227 favens,
1385 2190 1571 2222 benevolus.

914 2248 947 2273 ut
960 2241 1053 2272 Trist.
1067 2241 1090 2272 i.
1108 2243 1140 2272 2.

955 2292 1055 2330 AEqua
1076 2290 1175 2321 Venus
1190 2290 1322 2326 Teucris,
1346 2290 1450 2320 Pallas
1467 2291 1570 2330 iniqua

986 2340 1071 2381 fuit.

912 2394 943 2419 et
959 2388 1003 2419 ita
1018 2388 1144 2418 millies.
1188 2388 1305 2418 Romu.

956 2438 1032 2468 312.
1067 2437 1198 2467 Destrue
1228 2436 1338 2476 dicta]
1374 2436 1423 2465 Ita
1451 2435 1571 2466 Seneca

911 2486 954 2517 iii.
970 2487 1008 2516 de
1026 2486 1138 2517 Benef.
1155 2487 1188 2516 8.
1225 2485 1342 2515 Horum
1361 2486 1569 2525 quomodoja—

911 2537 966 2565 dex
986 2536 1074 2565 inibit
1090 2536 1323 2570 aestimationem,
1337 2545 1404 2564 cum
1424 2544 1526 2570 sermo,
1543 2540 1571 2564 et

912 2585 1073 2619 dubitatio,
1089 2590 1118 2613 et
1139 2584 1242 2613 vultus
1257 2584 1357 2613 meriti
1373 2583 1506 2624 gratiam
1521 2585 1571 2614 de-

911 2638 1044 2662 struant.
1059 2631 1125 2662 vid.
1141 2631 1181 2662 ad
1193 2630 1347 2668 Quinctil.
1361 2631 1396 2662 ii.
1414 2631 1453 2663 de
1468 2631 1572 2663 Instit.

913 2682 1001 2712 Orat.
1018 2681 1069 2712 17.
1114 2681 1230 2711 Bunm.

1033 2732 1058 2763 C
