1760 3172
216 182 301 224 186

604 180 655 221 P.
691 180 904 223 OV1D11
939 181 1220 223 NASONIS

220 296 273 344 Si
300 311 543 360 saperem,
570 296 746 343 doctas
771 296 989 343 odissem
1009 298 1122 359 jure
1141 312 1349 352 sorores,

284 372 506 420 Numina
527 373 702 420 cultori
728 373 1009 436 perniciosa
1033 389 1139 420 suo.

216 450 285 498 At
308 467 456 507 nunc,
483 457 623 498 tanta
646 465 759 497 meo
784 465 952 497 comes
978 456 1056 497 est
1080 449 1273 497 insania
1296 448 1486 503 morbo,
1548 451 1604 498 15

287 527 424 575 Saxa
448 527 633 574 malum
660 525 817 573 refero
844 541 1012 572 rursus
1039 525 1102 572 ad
1128 526 1225 573 ista
1249 526 1448 589 pedem.

218 604 424 651 Scilicet
443 611 494 651 et
517 603 677 650 victus
704 602 887 665 repetit
911 601 1155 664 gladiator
1179 618 1404 658 arenam;

283 680 351 727 Et
374 680 503 728 redit
526 680 576 726 in
601 678 818 726 tumidas
845 677 1084 740 naufraga
1103 678 1286 742 puppis
1313 693 1486 740 aquas

217 757 462 813 Forsitan,
489 763 545 803 ut
571 755 823 818 quondam
849 753 1179 802 Teuthrantia
1201 770 1355 816 regna
1379 753 1584 809 tenenti,

287 834 371 882 Sic
397 834 517 880 mihi
542 849 620 880 res
643 827 819 880 eadem
843 832 1022 878 vulnus
1048 848 1299 896 opemque
1324 832 1475 879 feret:
1544 835 1608 878 20

217 911 486 974 Musaque,
505 926 657 973 quam
672 908 842 964 movit,
861 915 1047 955 motam
1069 925 1273 972 quoque
1293 909 1446 956 leniet
1460 908 1606 965 iram;

286 988 511 1036 Exorant
534 1002 743 1050 magnos
769 986 992 1033 carmina
1016 1002 1148 1050 saepe
1176 985 1331 1033 Deos.

217 1065 336 1130 Ipse
354 1081 575 1129 quoque,
599 1063 848 1112 Ausonias
867 1063 1038 1110 Caesar
1053 1070 1610 1125 matresquenurusque

286 1143 523 1190 Carmina
545 1142 801 1204 turrigerae
828 1140 995 1188 dicere
1016 1140 1168 1204 jussit
1193 1140 1321 1203 Opi:

215 1220 246 1267 J
253 1227 448 1268 usserat
472 1226 523 1268 et
547 1220 740 1267 Phoebo
765 1218 881 1274 dici,
909 1233 1009 1281 quo
1033 1225 1257 1281 tempore
1281 1216 1426 1264 ludos

1496 1217 1609 1286 =25

285 1297 442 1353 Fecit,
464 1313 592 1360 quos
618 1303 738 1344 aetas
764 1295 982 1359 adspicit
1005 1309 1104 1342 una
1128 1293 1299 1341 semel.

262 1447 311 1477 14.
339 1446 460 1477 Cultori
473 1446 553 1486 sum]
581 1445 666 1476 Mihi
684 1445 810 1482 Ovidio,
826 1445 880 1487 qui

215 1506 268 1528 eas
283 1495 365 1527 colui
382 1505 418 1526 ac
434 1500 571 1526 sectatus
583 1489 662 1526 suin.
707 1495 800 1526 Cior.

263 1546 312 1576 16.
342 1545 420 1575 Saxa
449 1555 558 1575 memor
583 1544 682 1585 refero
709 1554 815 1574 rursus
842 1546 881 1575 ad

215 1596 278 1625 icta
302 1593 431 1634 pedem]
470 1593 590 1623 Malum
613 1594 714 1633 pedem
740 1592 882 1624 meliores

215 1654 330 1685 magno
345 1653 473 1674 numero
486 1654 493 1679 ;
511 1642 565 1673 alii
581 1653 643 1672 non
659 1641 753 1684 pauci
768 1654 861 1672 meum
871 1654 880 1672 .-

214 1704 264 1732 pes
276 1694 372 1723 malus
384 1703 438 1734 pro
454 1692 529 1722 laeso
543 1691 624 1733 pede
637 1703 645 1729 3
671 1691 738 1722 Art.
749 1691 821 1721 Am.
835 1690 880 1722 iii.

216 1743 291 1778 271,
307 1751 499 1783 quamquam
514 1741 636 1771 diverso
652 1751 758 1772 sensu:

262 1792 320 1822 Pes
344 1791 439 1821 malus
464 1792 496 1820 in
522 1791 607 1821 nivea
630 1801 742 1830 semper
765 1791 882 1820 celetur

345 1841 432 1871 aluta
441 1852 452 1877 ,-

218 1900 273 1932 pro
292 1891 353 1920 icta
367 1889 428 1919 duo
450 1894 573 1919 veteres
596 1894 684 1925 acta,-
708 1888 779 1929 lege
803 1887 881 1917 Saia

216 1942 294 1970 ista.-
318 1939 462 1980 designat
476 1937 613 1969 studium
629 1937 801 1979 poeticum:
827 1947 880 1979 pro

217 1990 315 2031 refero
328 1989 435 2019 malim
451 1988 546 2019 etiam
562 1988 686 2030 referor,
700 1994 733 2018 ut
748 1987 788 2017 sit
803 1998 881 2028 grae-

218 2039 348 2070 cismus:
374 2044 526 2079 praeterea
542 2047 622 2068 unus
638 2036 814 2067 Vaticanus
829 2047 882 2078 pro

217 2088 341 2120 diversa
361 2086 512 2122 lectione:
547 2087 663 2117 Loesum
687 2098 756 2117 sam
779 2087 882 2125 pedem

218 2149 324 2169 rursus
348 2138 388 2167 ad
417 2139 475 2166 icta
494 2136 591 2177 fero;
623 2141 655 2166 ut
682 2136 818 2166 fortassis
842 2135 882 2166 sit

217 2187 433 2219 scribendum:
451 2185 529 2216 Sara
544 2186 656 2215 malam
669 2186 783 2227 referor
799 2186 895 2215 laesus*

217 2240 256 2269 acl
271 2239 326 2267 ista
338 2238 452 2276 pedem.
499 2235 615 2265 mes.

261 2286 357 2326 Imm]
384 2285 479 2316 Mens
507 2284 642 2315 auctoris
661 2288 692 2314 et
716 2283 880 2317 verborum

218 2341 382 2367 contextus
392 2334 569 2375 elegantem
581 2333 662 2364 hanc
673 2332 805 2364 suadent
815 2333 879 2363 lec-

218 2385 344 2415 tionem.
368 2383 450 2414 conf.
462 2383 542 2414 infra
557 2382 600 2414 iv.
614 2383 641 2413 1.
657 2382 709 2412 27.
722 2393 768 2423 sq.
782 2382 879 2413 Hein—

217 2434 282 2464 sius
299 2440 403 2464 autem
419 2431 569 2473 corrigere
586 2431 697 2462 maluit
718 2433 794 2468 ista,-
818 2442 880 2462 ma-

219 2485 279 2513 lam
293 2494 363 2513 cum
375 2483 483 2512 Burm.
495 2481 583 2512 uncis
594 2480 716 2512 inclusi.
731 2481 878 2511 Iliucmzs.

266 2534 314 2563 19.
332 2532 531 2562 Teuthrantia
546 2531 666 2572 regum]
684 2530 798 2572 Mysia:
811 2541 878 2572 reg-

218 2593 268 2618 na,
286 2592 356 2623 quae
376 2580 478 2612 tenuit
496 2591 548 2612 rex
570 2580 799 2611 Teuthrantus:
825 2579 878 2621 qui

217 2631 298 2662 virili
326 2631 420 2672 stirpe
449 2640 568 2666 carens,
598 2629 756 2671 Argiopen
783 2628 878 2660 filiam

216 2679 356 2721 Telepho
387 2678 564 2720 despondit,
593 2689 727 2721 eumque
754 2677 879 2720 reliquit

219 2728 305 2769 regni
322 2739 542 2759 successorem.

992 1446 1044 1476 24.
1071 1445 1214 1475 Carmina
1239 1442 1427 1485 turrigerae.]
1464 1442 1515 1473 De
1540 1442 1611 1484 Ope

948 1494 1073 1525 Saturni
1097 1494 1230 1535 conjuge
1246 1492 1415 1534 intelligas,
1433 1491 1471 1522 de
1485 1502 1549 1533 qua
1567 1491 1612 1522 ita

948 1543 1057 1574 scribit
1080 1543 1223 1574 Macrob.
1243 1542 1333 1582 Opem
1356 1542 1483 1572 Saturni
1506 1543 1610 1581 conju-

945 1604 1013 1634 gem
1033 1595 1240 1628 crediderunt,
1262 1598 1291 1622 et
1312 1593 1376 1622 ideo
1400 1593 1498 1622 eodem
1516 1602 1612 1621 mense

950 1642 1129 1673 Saturnalia
1145 1648 1173 1672 et
1194 1642 1304 1681 Opalia
1323 1641 1472 1672 celebrare
1489 1651 1608 1671 consue-

951 1699 1069 1728 verant,
1095 1693 1173 1733 quod
1199 1691 1363 1726 Saturnus,
1391 1693 1511 1730 ejusque
1538 1702 1613 1722 uror·

950 1748 1011 1772 tam
1010 1742 1158 1784 frugum,
1174 1753 1259 1782 quam
1266 1741 1435 1783 fructuum
1452 1746 1613 1781 repertores

949 1802 1006 1821 esse
1021 1793 1198 1822 credantur.
1244 1789 1351 1830 Itaque
1367 1788 1612 1831 omnijamfoeta

948 1852 1092 1882 agrorum
1105 1847 1213 1875 coacto,
1229 1840 1265 1869 ab
1285 1840 1450 1869 hominibus
1471 1839 1520 1869 hos
1536 1839 1613 1870 Deos

948 1890 1017 1925 coli,
1031 1891 1115 1930 quasi
1126 1890 1193 1919 vitoe
1207 1889 1344 1919 cultioris
1355 1894 1500 1924 auctores,
1512 1894 1541 1918 et
1552 1894 1612 1918 ter—

949 1949 1013 1969 ram
1043 1940 1157 1980 Opem,
1185 1940 1274 1977 cujus
1303 1948 1354 1976 ope
1379 1938 1515 1968 hnmanae
1543 1939 1611 1967 vitae

948 1989 1093 2020 alimenta
1109 1994 1299 2029 qua‘runtur.
1325 1986 1408 2017 Huic
1426 1987 1496 2017 Deae
1509 1988 1611 2018 seden-

948 2044 989 2068 tes
1004 2043 1067 2067 vota
1081 2037 1268 2076 concipiunt,
1282 2042 1450 2075 terramque
1461 2036 1497 2066 de
1507 2037 1611 2066 indus-

949 2088 1009 2117 tria
1028 2093 1171 2128 tangunt,
1187 2087 1420 2116 demonstrantes
1437 2086 1528 2125 ipsam
1548 2096 1609 2114 ma-

949 2143 1020 2167 trem
1050 2143 1161 2166 terram
1189 2145 1246 2165 esse
1270 2135 1445 2165 mortalibus
1469 2135 1611 2174 adpeten-

946 2187 1026 2216 dam.
1075 2186 1133 2224 Opi.
1159 2186 1331 2226 turriger-ce.
1377 2183 1439 2225 Opi
1465 2193 1610 2214 coronam

948 2234 1088 2266 turritam
1104 2234 1235 2276 gerenti.
1281 2234 1377 2263 Man.

992 2285 1044 2315 25.
1067 2283 1204 2314 Jusserat
1225 2289 1252 2313 et
1271 2280 1483 2321 Phaeb0‹1ici.]
1511 2282 1608 2312 Secu-

948 2333 1029 2364 lares
1049 2333 1139 2363 ludos
1154 2332 1309 2373 designat,
1331 2331 1385 2372 qui
1407 2330 1524 2361 fiebant
1542 2337 1611 2372 post

949 2389 1076 2413 centum
1108 2392 1224 2413 annos:
1264 2381 1374 2411 Horat.
1399 2380 1432 2410 iu
1461 2380 1610 2417 carmine,

949 2431 1031 2473 quod
1055 2431 1095 2461 de
1120 2430 1314 2461 secularibus
1339 2429 1422 2459 ludis
1448 2433 1609 2459 cantatum

949 2486 1006 2515 est,
1026 2480 1058 2510 id
1083 2485 1206 2521 tempus
1228 2478 1285 2508 hoc
1309 2477 1400 2508 modo
1423 2476 1609 2518 designavit,

947 2529 1048 2571 Epod.
1064 2539 1093 2558 v.
1110 2529 1162 2558 21.
1177 2538 1246 2569 sqq.
1262 2527 1356 2567 vulgo
1372 2526 1412 2557 ad
1428 2526 1569 2560 calcem;

993 2579 1099 2609 Certus
1117 2579 1246 2607 undenos
1260 2577 1354 2606 decies
1366 2587 1420 2615 per
1431 2586 1524 2606 annos

1035 2627 1121 2657 Orbis
1138 2633 1171 2656 ut
1187 2633 1307 2661 cantus,
1327 2626 1496 2667 reseratque
1513 2625 1596 2655 ludos

993 2678 1050 2708 Ter
1065 2678 1113 2707 dic
1128 2678 1221 2712 claro,
1238 2677 1415 2715 totidemque
1427 2681 1518 2716 grata

1038 2726 1324 2767 Noctefrequente„
