1760 3172
360 182 669 224 TRISTIUM
702 182 822 222 LIB.
858 180 894 221 Ι.
930 181 1110 222 ELEG.
1142 181 1234 222 III.
1411 182 1497 223 153

550 346 900 395 ELEGIA
956 346 1056 393 III.

106 459 275 514 Quum
303 459 438 506 subit
461 458 593 505 illius
619 458 906 505 tristissima
929 458 1089 505 noctis
1114 458 1295 520 imago,

173 535 299 590 Quae
323 536 444 582 mihi
469 551 757 599 supremum
782 543 982 599 tempus
1007 535 1057 581 in
1083 536 1204 582 urbe
1230 535 1352 591 fuit;

107 612 277 667 Quum
301 619 473 676 repeto
498 619 713 667 noctem,
743 628 844 675 qua
867 619 942 659 tot
965 611 1086 658 mihi
1113 628 1229 659 cara
1253 611 1429 674 reliqui
1449 630 1458 667 ;

173 688 379 737 Labitur
403 706 467 736 ex
493 689 650 736 oculis
675 705 807 736 nunc
835 705 1037 752 quoque
1059 681 1207 750 >gutta
1231 688 1374 737 meis,

104 765 219 813 Jam
244 782 399 830 prope
423 767 510 812 lux
536 765 725 821 aderat,
753 781 854 828 qua
878 781 957 813 me
983 765 1243 812 discedere
1270 765 1444 812 Caesar
1470 769 1499 813 5

173 843 378 891 Finibus
403 851 638 891 extremae
658 844 879 905 jusserat
903 842 1155 889 Ausoniae.

107 921 154 968 N
159 936 216 968 ec
241 937 399 977 mens,
427 937 519 968 nec
541 920 758 984 spatium
783 920 981 967 fuerant
1000 919 1120 967 satis
1141 927 1259 983 apta
1278 919 1496 983 paranti:

171 997 485 1061 Torpuerant
508 999 656 1060 longa
680 1005 885 1060 pectora
909 1005 1077 1044 nostra
1100 1013 1253 1044 mora.

108 1075 224 1122 Non
248 1075 369 1122 mihi
395 1092 662 1131 servorum,
690 1075 888 1122 comitis
914 1091 1014 1122 non
1040 1090 1160 1121 cura
1183 1073 1383 1136 legendi
1406 1092 1416 1130 3

174 1152 289 1200 Non
314 1160 444 1216 aptae
469 1153 678 1217 profugo
702 1153 857 1200 vestis
883 1152 1054 1216 opisve
1079 1151 1187 1198 fuit.
1443 1153 1501 1196 10

108 1229 223 1277 Non
248 1230 390 1277 aliter
414 1231 598 1294 stupui,
627 1246 779 1293 quam
806 1229 889 1293 qui
916 1229 945 1275 J
951 1229 1054 1276 ovis
1079 1229 1278 1291 ignibus
1305 1227 1434 1275 ictus

172 1305 323 1363 Vivit,
351 1314 401 1354 et
421 1314 499 1355 est
521 1308 634 1354 vitae
660 1308 858 1355 nescius
884 1306 993 1370 ipse
1020 1322 1138 1353 suae.

109 1382 180 1431 Ut
201 1391 370 1432 tamen
394 1384 523 1432 hanc
550 1385 712 1432 animo
739 1385 924 1432 nubem
949 1384 1089 1431 dolor
1114 1382 1223 1447 ipse
1248 1382 1470 1437 removit,

174 1460 240 1507 Et
263 1461 467 1509 tandem
492 1477 666 1508 sensus
692 1462 986 1509 convaluere
1012 1460 1109 1507 mei
1131 1478 1140 1517 3

107 1537 367 1601 Adloquor
391 1545 671 1585 extremum
697 1545 901 1586 moestos
927 1538 1152 1585 abiturus
1178 1536 1381 1591 amicos,
1444 1538 1501 1582 15

175 1615 273 1670 Qui
298 1616 446 1663 modo
471 1616 535 1664 de
559 1616 730 1663 multis
757 1633 884 1663 unus
910 1624 960 1663 et
985 1616 1109 1662 alter
1134 1621 1290 1662 erant.

110 1691 252 1739 Uxor
275 1708 448 1739 amans
473 1693 676 1740 flentem
701 1693 825 1740 flens
852 1693 1013 1740 acrius
1040 1692 1149 1755 ipsa
1172 1692 1390 1745 tenebat,

175 1768 343 1816 Imbre
367 1785 456 1833 per
480 1769 710 1832 indignas
736 1786 897 1832 usque
923 1769 1133 1816 cadente
1161 1784 1330 1830 genas.

151 1937 183 1966 ¹2.
211 1936 285 1971 Quae
299 1936 399 1976 mihi]
436 1936 555 1967 Omnes
572 1936 635 1968 fere
651 1937 770 1979 scripti,
886 1937 934 1967 13.
951 1938 1053 1966 Animi
1068 1937 1172 1966 nubem
1185 1936 1269 1966 dolor
1282 1937 1339 1974 ipse
1353 1935 1501 1975 removit]

109 1997 188 2026 qua,·
212 1995 293 2016 unus
307 1984 412 2020 etiam,
428 1987 516 2026 quod.
839 1985 955 2016 Malim
976 1987 1075 2016 animo
1100 1990 1134 2015 ut
1160 1985 1343 2021 Puteanus;
1367 1984 1421 2014 lib.
1439 1984 1503 2014 viii.

152 2035 184 2065 3.
220 2034 273 2064 Tot
297 2035 371 2064 mihi
395 2035 494 2075 cara.]
519 2034 669 2070 Patriam,
694 2045 770 2065 uxo·
840 2036 920 2066 Met.
952 2036 1025 2070 157,
1057 2046 1094 2065 ex
1126 2034 1263 2075 antiquis
1292 2033 1502 2064 membranis:

110 2093 184 2119 rem,
217 2083 355 2119 domum,
392 2083 520 2119 amicos,
552 2084 673 2119 urbem,
712 2083 770 2114 ἃς.
842 2085 982 2115 Destinat
1000 2085 1079 2114 hunc
1098 2084 1198 2113 Minos
1212 2083 1341 2113 thalamo
1357 2093 1504 2114 removere

111 2131 202 2162 Cxor.
836 2136 992 2173 pallorem.
1038 2133 1157 2163 Hiems.

153 2182 184 2212 4.
201 2181 287 2212 Tunc
296 2181 434 2222 quoque]
463 2181 556 2212 Nunc
569 2193 680 2222 quoque
692 2182 773 2213 Rot-
887 2184 936 2213 14.
971 2183 1012 2212 Et
1038 2185 1157 2213 tandem
1193 2193 1293 2213 sensus
1326 2182 1504 2213 convaluere

110 2230 273 2272 tendorph.
289 2230 414 2261 rectius.
459 2231 577 2261 HmNs.
840 2232 927 2272 mei.]
955 2231 1006 2262 Sic
1023 2232 1104 2262 Caes.
1120 2232 1150 2262 8.
1167 2232 1205 2261 B.
1223 2231 1263 2261 G.
1298 2232 1420 2261 Animos
1435 2242 1504 2261 con-

155 2280 185 2310 7.
210 2280 326 2310 Fuerat
339 2282 411 2310 satis
419 2286 492 2320 apta
502 2280 663 2320 parandi]
694 2280 771 2311 Fae·
839 2282 981 2311 solatione
996 2287 1095 2311 sanat.
1141 2280 1182 2310 Et
1199 2280 1360 2320 eleganter
1374 2280 1504 2310 Sueton.

111 2335 183 2359 rant
197 2329 356 2370 eleganter
371 2329 534 2360 Barberin.
552 2330 679 2369 paranti
694 2329 772 2360 liber
840 2331 872 2361 in
887 2330 1025 2371 August.
1050 2331 1184 2360 Annona
1201 2341 1253 2360 con
1261 2331 1342 2359 υιιίιιί
1347 2336 1367 2359 t.
1387 2329 1505 2360 Conva-

113 2377 196 2408 Petri
211 2378 332 2415 Servii3
352 2380 461 2418 piandi
482 2389 536 2420 pro
559 2378 683 2409 diversa
704 2379 770 2410 lec·
842 2381 934 2410 luere.
959 2379 1135 2420 Coeperunt
1148 2378 1340 2420 resipiscere.
1387 2378 1482 2409 Man.

112 2427 195 2458 tione
230 2427 433 2463 Combianus.
479 2428 686 2459 Richelianus
717 2440 771 2468 pa-
889 2429 939 2458 16.
966 2428 1026 2462 Qui
1045 2429 1127 2457 modo
1142 2430 1177 2457 cle
1193 2427 1323 2467 maltis]
1351 2427 1437 2457 Inter
1451 2438 1504 2458 eos

112 2484 185 2507 ratu
211 2488 266 2519 pro
288 2476 423 2519 paratui,
443 2477 527 2519 quod
553 2488 660 2508 verum
688 2485 773 2520 puto.
844 2478 895 2519 qui
910 2478 941 2508 in
958 2476 1104 2508 amicitiae
1120 2476 1221 2507 officio
1236 2483 1424 2512 manserant,
1441 2476 1502 2508 Ca-

114 2526 231 2557 Hnms.
842 2538 921 2563 rum,
938 2527 1067 2557 Celsum
1084 2532 1114 2556 et
1130 2526 1307 2556 Maximum
1329 2533 1503 2562 enumerat,

156 2577 186 2606 9.
206 2576 330 2606 Comites
346 2588 400 2606 non
419 2587 494 2606 cura
511 2577 659 2618 legendi]
676 2577 773 2606 Comi·
843 2576 896 2607 lib.
911 2576 955 2606 iii.
971 2576 1061 2617 Eleg.
1077 2587 1105 2605 v.

115 2626 152 2655 tis
172 2623 336 2655 Barberin.
360 2631 392 2654 et
412 2636 466 2666 pro
491 2624 613 2656 diversa
636 2625 769 2656 lectione
888 2628 934 2657 17.
951 2627 1041 2656 flens
1057 2625 1186 2665 acrias]
1207 2625 1255 2655 lta
1269 2626 1421 2668 conjunge
1436 2626 1502 2657 haec

115 2673 370 2715 Gottorphianus,
382 2674 497 2715 optime
512 2687 519 2704 s
539 2687 639 2711 comes,
651 2686 706 2716 pro
719 2685 771 2705 co·
841 2675 902 2706 (luo
917 2676 1020 2706 verba.
1067 2674 1158 2704 CIOF.

115 2722 214 2753 mites.
260 2723 375 2753 Hfflxs.
