1760 3172
389 179 701 223 TRISTIUM
733 179 854 221 LIB.
888 178 954 224 II.
989 178 1081 220 EL.
1115 177 1335 221 UNICA.

1480 179 1565 221 199

166 296 309 344 Neve
328 297 511 360 quibus
531 296 746 344 scribam
765 295 926 358 possis
947 293 1175 341 dubitare
1194 293 1432 351 „libellus
1466 297 1563 341 245

232 373 460 429 Quatuor
484 375 574 422 hos
599 389 770 421 versus
796 389 823 420 e
847 371 1006 419 tribus
1031 388 1158 418 unus
1184 357 1364 420 liabet:

165 457 196 476 “
224 450 346 499 Este
371 452 559 516 procul,
586 451 724 498 vittae
748 457 944 504 tenues,
975 449 1171 511 insigne
1196 449 1418 512 pudoris,

233 527 461 592 Quaeque
485 527 616 591 tegis
640 527 849 582 mediOS‚
877 526 1050 573 instita
1073 526 1238 588 longa,
1266 526 1421 589 pedes
1441 543 1449 573 :

166 605 267 661 Nil,
294 605 390 653 nisi
414 605 711 668 legitimum,
739 619 1083 667 concessaque
1108 603 1256 659 furta,
1286 619 1555 659 canemus3

233 682 396 746 Inque
421 699 533 730 meo
558 683 748 729 nullum
773 683 991 729 camnine
1016 681 1206 728 crimen
1233 679 1379 729 erit.’'

1468 684 1566 728 250

166 759 364 823 Ecquid
390 760 452 807 ab
477 760 570 807 hac
596 775 768 806 omnes
794 758 953 820 rigide
979 759 1324 805 submovimus
1352 765 1474 812 arte,

232 836 370 891 Quas
396 838 526 884 stola
549 836 773 898 contingi
797 835 1024 898 vittaque
1051 842 1217 882 sumta
1239 835 1411 882 vetat?

165 913 234 961 At
257 922 485 962 matrona
508 921 675 978 potest
696 913 872 961 alienis
899 913 1090 960 artibus
1116 912 1188 960 uti
1208 931 1218 970 ;

233 991 448 1055 Quoque
473 992 652 1045 trahat,
682 990 908 1054 quamvis
934 1005 1035 1036 non
1061 990 1317 1044 doceatur,
1346 989 1564 1054 haben<

167 1068 253 1116 Nil
277 1069 428 1132 igitur
452 1077 678 1116 matrona
702 1069 864 1131 legat:
907 1067 1026 1131 quia
1049 1067 1269 1114 carmine
1296 1067 1358 1113 ab
1384 1066 1517 1113 omni

230 1147 311 1194 Ad
336 1147 730 1211 delinquendum
755 1146 949 1194 doctior
974 1162 1086 1194 esse
1112 1152 1294 1210 potest.

1469 1147 1566 1191 256

167 1225 534 1289 Quodcumque
560 1225 807 1288 adtigerit,
830 1224 870 1271 si
893 1240 994 1287 qua
1016 1231 1092 1271 est
1117 1223 1341 1272 studiosa
1366 1221 1567 1276 sinistri,

233 1303 314 1350 Ad
338 1302 512 1350 vitium
537 1319 699 1350 mores
725 1303 939 1349 instruet
963 1301 1080 1348 inde
1109 1317 1240 1348 suos.

171 1380 418 1428 Sumserit
442 1380 674 1437 annales3
716 1379 839 1425 nihil
864 1385 942 1425 est
967 1378 1208 1425 hirsutius
1234 1377 1331 1424 illis
1354 1395 1363 1434 ;

237 1458 393 1505 Facta
416 1458 482 1505 sit
505 1457 638 1505 unde
663 1473 845 1521 parens
872 1455 982 1512 Ilia,
1010 1471 1191 1519 nempe
1216 1455 1378 1517 leget;

1479 1456 1570 1501 160

169 1535 430 1591 Sumserit,
451 1535 732 1583 AEneadurn
752 1534 968 1597 genitrix
988 1533 1073 1580 ubi
1098 1532 1259 1597 prima
1277 1551 1288 1590 ;
1330 1532 1566 1596 requiret,

236 1613 516 1662 AEneadum
541 1613 758 1676 genitrix
784 1613 916 1661 unde
942 1611 1007 1659 sit
1031 1611 1162 1658 alma
1184 1610 1373 1658 Venus.

210 1792 284 1822 247.
313 1791 400 1822 Vittae
413 1798 527 1827 tenues,
547 1793 664 1834 insigne
677 1792 830 1833 pudoris]

168 1840 317 1882 Virgines
352 1840 496 1882 designat
529 1846 561 1871 et
598 1842 749 1882 innuptas
780 1852 836 1884 per

168 1892 272 1921 vittas.
288 1889 371 1921 Vide
386 1890 524 1922 Turneb.
539 1889 594 1920 lib.
610 1889 699 1920 xxiii.
715 1901 785 1933 cap.
805 1892 835 1921 5.

168 1946 200 1971 et
216 1939 272 1971 lib.
287 1940 373 1970 xxix.
389 1950 458 1981 cap.
474 1941 505 1971 4.

212 1990 287 2020 248.
303 1988 445 2030 Instita.]
473 1989 531 2020 Est
546 1988 629 2019 stola
644 1987 836 2019 matronalis.

168 2050 199 2070 v.
218 2038 376 2070 Ferrarius
391 2038 431 2069 de
446 2049 479 2069 re
494 2038 642 2069 vestiaria
657 2038 728 2069 libr.
744 2037 788 2068 iii.
803 2049 835 2079 p.

169 2089 245 2124 223,
262 2089 338 2118 224.
355 2088 480 2119 Patavii
499 2088 592 2118 1685.
612 2088 723 2118 Horat.
738 2088 836 2118 Serm.

168 2136 191 2168 i.
205 2138 237 2168 2.
252 2138 306 2168 29.
322 2136 377 2168 ubi
392 2136 464 2168 vide
488 2137 675 2167 scholiastes
694 2142 725 2167 et
740 2136 835 2167 inter-

169 2192 282 2231 pretes.
320 2187 442 2218 Gesner
456 2186 489 2217 in
504 2186 666 2217 Thesauro
681 2185 835 2228 Stephan.

170 2236 297 2268 uberius
319 2235 358 2268 de
378 2235 438 2266 hac
455 2241 542 2266 veste
563 2234 728 2266 matronali
746 2234 837 2265 diffe-

170 2296 253 2323 rem,
285 2290 489 2327 nostrumque
525 2285 630 2316 locum
664 2284 838 2327 explicans,

170 2336 270 2377 Toga,
283 2334 398 2376 inquit,
412 2334 631 2366 libertinarum
654 2334 694 2365 ad
717 2333 838 2365 medios

171 2391 294 2416 tantmn
308 2384 405 2426 pedes
420 2384 602 2423 descendit;
627 2386 732 2415 instita
748 2385 837 2426 longa

172 2433 394 2476 metonymice,
409 2444 480 2476 quae
501 2434 646 2476 producit
666 2442 697 2465 et
710 2433 838 2474 longam

172 2482 250 2515 facit
263 2488 381 2524 togam,
396 2489 431 2514 ut
453 2483 534 2514 stola
559 2483 625 2520 fiat,
644 2482 764 2514 medios
783 2492 838 2523 pe—

173 2533 240 2569 des,
264 2533 397 2564 intectos
420 2539 505 2575 toga,
527 2534 613 2564 velat
638 2543 675 2563 ac
705 2531 840 2573 tegit.—

174 2583 308 2613 Maneat
323 2592 408 2623 ergo,
424 2584 557 2612 institam
573 2582 660 2612 illam
675 2580 838 2622 antiquam

176 2632 298 2663 Horatii
323 2637 355 2662 et
378 2631 486 2662 Ovidii
512 2642 579 2662 esse
605 2631 736 2662 fasciam
765 2629 839 2661 satis

174 2682 282 2717 latam,
299 2692 369 2722 quae
391 2687 470 2722 togae
490 2682 621 2712 subsuta
641 2680 753 2712 stolam
773 2680 838 2710 effi-

176 2732 250 2768 ciat,
271 2731 322 2762 vel
339 2738 422 2762 certe
441 2731 552 2762 stolam
570 2731 654 2762 velut
674 2729 838 2772 producat,

903 1797 937 1823 ut
969 1801 1007 1822 ea
1040 1790 1132 1827 talos,
1162 1790 1304 1831 imosque
1341 1787 1438 1830 pedes
1475 1793 1572 1829 tegat.

902 1842 1052 1872 HARLES.

945 1892 1019 1922 257.
1046 1891 1099 1921 Est
1124 1891 1255 1920 studiosa
1280 1887 1426 1928 sinistri]
1459 1886 1571 1918 Studet

902 1951 950 1971 res
964 1941 997 1971 in
1013 1939 1170 1971 sinistram
1193 1944 1224 1969 et
1246 1937 1435 1969 contrariam
1450 1942 1571 1978 partem

903 1990 1056 2032 accipere,
1073 1987 1219 2031 proclivis
1237 1987 1277 2017 ad
1293 1985 1458 2017 deteriora.

947 2040 1023 2070 259.
1050 2037 1240 2077 Hirsutius]
1278 2037 1312 2067 h.
1337 2047 1364 2066 e.
1394 2033 1570 2069 incomtius,

904 2088 1040 2129 gravius,
1063 2087 1212 2122 severius,
1237 2085 1333 2116 nullis
1355 2084 1477 2115 deliciis
1502 2094 1568 2114 cor-

904 2143 1042 2180 ruptum.
1073 2149 1102 2168 v.
1133 2137 1242 2167 Burm.
1274 2135 1327 2177 qui
1364 2134 1473 2164 laudat
1506 2133 1573 2164 Jos.

906 2186 1025 2217 Castal.
1037 2187 1133 2217 Obss.
1147 2185 1258 2216 decad.
1270 2195 1342 2226 cap.
1354 2185 1384 2214 5.
1396 2182 1572 2213 Broukhus.

906 2236 946 2267 ad
970 2237 1111 2278 Propert.
1126 2235 1148 2266 i.
1167 2237 1195 2266 1.
1214 2236 1263 2265 12.
1285 2234 1328 2265 iv.
1347 2235 1374 2263 l.
1391 2233 1443 2263 61.
1478 2231 1572 2263 Tales

907 2292 1013 2316 autem
1034 2286 1159 2316 fuerunt
1179 2283 1310 2315 annales
1332 2280 1473 2317 maximi,
1491 2281 1573 2312 Pon-

904 2336 1024 2367 tificum
1051 2345 1145 2377 opera
1172 2332 1318 2369 confecti,
1348 2332 1465 2373 aliique
1493 2331 1573 2362 anti-

905 2383 1057 2426 quissimi,
1068 2383 1228 2426 ipsiusque
1242 2381 1347 2412 Ennii.
1376 2412 1382 2418 ,
1393 2381 1498 2417 Quare
1510 2391 1572 2411 non

905 2439 963 2469 est,
983 2432 1066 2474 quod
1089 2442 1162 2463 cum
1185 2430 1317 2461 Heinsio
1332 2430 1428 2465 (nihil
1447 2436 1490 2460 est
1508 2430 1571 2459 hir-

904 2482 1019 2522 sutius)
1040 2482 1123 2512 Enni
1138 2481 1290 2521 legamus.
1335 2479 1485 2509 HARLEs.

949 2532 1023 2562 260.
1052 2531 1143 2561 Facta
1170 2532 1209 2560 sit
1235 2531 1316 2559 unde
1340 2538 1450 2568 parens
1474 2527 1568 2569 Ilien]

906 2580 1070 2618 Quomodo
1094 2579 1165 2615 Ilia,
1185 2589 1240 2609 seu
1258 2578 1352 2608 Rhea
1365 2576 1482 2618 Sylvia‚
1502 2587 1573 2618 gra-

907 2629 982 2660 vida
997 2640 1015 2660 a
1030 2630 1134 2660 Marte
1149 2627 1289 2670 geminos
1304 2626 1438 2669 peperit.

950 2679 1026 2709 262.
1046 2679 1213 2709 AEneadmn
1230 2676 1389 2717 genitrix]
1416 2676 1573 2707 Romano-

908 2739 974 2759 rum
1003 2735 1112 2759 mater.
1163 2727 1250 2758 Vnde
1274 2729 1322 2757 sit.
1363 2725 1454 2758 Unde
1478 2725 1573 2757 ducat

992 2783 1019 2813 Ο
1038 2783 1056 2812 4
