1760 3172
231 182 317 224 394

622 179 673 221 Ρ.
706 178 920 221 OVIDII
954 178 1234 221 NASONIS

233 297 284 344 Is
300 311 518 360 quoque,
535 294 621 359 qui
640 294 811 358 gracili
830 293 970 341 cibus
987 301 1065 342 est
1083 294 1133 341 in
1153 310 1376 358 corpore,
1395 310 1616 351 somnus,

300 373 415 421 Non
439 372 529 420 alit
551 372 711 420 officio
736 387 916 435 corpus
941 371 1087 419 inane
1111 387 1218 419 suo.

235 451 336 499 Sed
361 449 525 512 vigilo,
551 449 858 511 vigilantque
883 448 980 495 mei
1006 448 1113 495 sine
1137 448 1234 496 fine
1259 449 1469 506 doloreS‚

300 526 523 582 Quorum
548 525 806 573 materiam
831 524 919 571 dat
942 525 1079 572 locus
1106 524 1213 588 ipse
1233 525 1368 573 mihi.

232 604 332 652 Vix
356 603 505 667 igitur
528 603 690 667 possis
715 602 847 650 visos
873 617 1144 665 agnoscere
1167 603 1360 660 vultus3

1554 606 1618 650 25

299 680 516 745 Quoque
541 679 667 736 ierit,
695 694 906 742 quaeras,
934 679 1021 742 qui
1044 678 1139 725 fuit
1163 685 1293 736 ante,
1321 679 1470 726 color.

234 757 423 806 Parvus
444 758 494 804 in
520 757 677 804 exiles
704 771 885 803 succus
911 755 1031 802 mihi
1055 755 1280 818 pervenit
1304 763 1457 812 artus,

299 834 630 897 Membraque
655 840 773 881 sunt
797 848 912 881 cera
935 832 1194 897 pallidiora
1218 849 1361 881 nova.

234 912 349 960 Non
373 913 481 959 haec
506 911 773 958 immodico
798 909 1023 957 contraxi
1045 910 1227 957 damna
1253 910 1402 973 Lyaeo
1425 928 1434 958 :

301 989 411 1036 Scis
437 988 557 1034 mihi
580 1003 731 1051 quam
757 988 874 1034 solae
900 1003 1042 1050 paene
1068 987 1301 1034 bibantur
1325 1003 1485 1050 aquae.

1554 991 1619 1034 30

234 1067 350 1115 Non
370 1065 531 1130 epulis
556 1081 731 1112 oneror
751 1084 761 1122 ;
803 1080 1014 1128 quarum
1039 1064 1080 1111 si
1104 1071 1280 1127 tangar
1301 1080 1482 1121 amore,

301 1143 394 1191 Est
416 1150 585 1191 tamen
609 1142 659 1189 in
686 1141 878 1188 Geticis
903 1141 1046 1204 copia
1070 1142 1206 1188 nulla
1229 1141 1366 1188 locis.

235 1220 344 1269 Nec
367 1220 494 1268 vires
520 1219 695 1267 adimit
718 1219 926 1267 Veneris
951 1219 1192 1267 damnosa
1214 1220 1441 1283 voluptas
1460 1235 1470 1267 ;

301 1297 416 1345 Non
441 1297 567 1345 solet
591 1296 641 1343 in
663 1303 867 1343 moestos
892 1296 977 1343 illa
998 1297 1166 1344 venire
1189 1304 1339 1344 toros.
1555 1298 1616 1342 34

235 1375 386 1422 Unda
405 1376 647 1438 locusque
668 1380 876 1430 nocent;
918 1389 1170 1436 causaque
1190 1373 1446 1421 nocentior
1465 1372 1617 1428 omni,

299 1452 544 1499 Anxietas
570 1451 737 1508 animi,
765 1467 878 1515 quae
903 1451 1025 1498 mihi
1051 1467 1247 1515 semper
1269 1452 1427 1499 adest.

233 1528 378 1577 Hanc
403 1529 496 1575 nisi
519 1535 574 1576 tu
597 1528 782 1592 pariter
807 1528 954 1575 simili
978 1544 1094 1575 cum
1117 1528 1267 1576 fratre
1294 1530 1500 1583 levares,

299 1606 399 1653 Vix
423 1623 564 1654 mens
590 1606 803 1653 tristitiae
827 1612 1006 1653 moesta
1028 1606 1226 1654 tulisset
1251 1623 1392 1654 onus.

233 1685 334 1732 Vos
360 1684 480 1732 estis
506 1683 666 1745 fragili
691 1684 838 1730 tellus
864 1700 962 1731 non
983 1684 1106 1731 dura
1129 1684 1364 1748 phaselo;

1554 1686 1619 1730 39

300 1760 566 1824 Quamque
590 1768 775 1823 negant
798 1761 956 1818 multi,
983 1778 1068 1809 vos
1094 1762 1213 1809 mihi
1239 1761 1376 1811 fertis
1400 1777 1563 1825 opem.

273 1950 326 1980 24.
351 1949 486 1984 Quorum
508 1950 663 1979 materiam
683 1948 763 1987 dan]
790 1948 893 1978 Locus

232 1999 286 2030 ubi
301 1999 408 2030 exsulo
421 2004 467 2029 est
482 2008 582 2040 asper,
594 2003 624 2028 et
638 1997 708 2028 ideo
723 1997 799 2028 mihi
815 2008 890 2039 prae-

233 2050 286 2080 bet
300 2047 466 2079 materiam
482 2047 634 2078 dolorum.

274 2098 328 2128 27.
354 2097 471 2127 Parvus
494 2096 626 2136 succus]
654 2095 801 2127 Modicus
831 2095 891 2126 hu·

233 2157 297 2178 mor
311 2152 344 2177 et
358 2146 495 2187 sanguis.

275 2197 331 2228 28.
343 2196 419 2227 Cera
430 2195 622 2236 pallidiora]
637 2195 683 2225 Ex
696 2194 754 2225 hac
767 2205 892 2236 compa-

232 2244 352 2276 ratione
371 2244 434 2275 vim
452 2250 484 2276 et
505 2248 693 2286 potestatem
712 2254 782 2274 voc.
800 2245 891 2283 palli-

232 2302 289 2332 dus
310 2298 478 2341 intelliges,
495 2298 549 2340 qui
571 2298 702 2330 colorem
717 2298 780 2329 fere
802 2299 894 2329 refert

232 2349 399 2380 herbarum
416 2348 620 2389 foliorumque
640 2347 893 2378 flaccescentium

232 2403 265 2429 et
284 2397 510 2436 arescentium3
534 2396 605 2427 vide
627 2396 758 2427 Salmas.
778 2396 811 2427 in
830 2397 891 2427 Ex-

232 2447 334 2478 ercitt.
348 2446 486 2478 Plinian.
503 2457 573 2488 pag.
589 2447 663 2482 811,
681 2447 753 2476 812.
776 2445 829 2476 ubi
845 2445 893 2476 in-

232 2502 280 2527 ter
312 2496 373 2527 alia
404 2496 481 2527 dicit
495 2508 501 2526 :
541 2495 692 2537 sanguine
725 2495 891 2527 recedente

233 2545 356 2578 nativus
368 2547 460 2577 rubor
475 2545 596 2587 fugitet
609 2545 726 2587 pallore
741 2550 891 2576 mutatur.

233 2594 275 2626 Hi
289 2601 371 2631 sunt,
387 2605 464 2637 quos
474 2593 594 2638 proprie
608 2595 735 2634 pallidos
749 2593 892 2624 dicimus.

233 2645 306 2676 Alio
327 2645 415 2675 loco:
441 2644 583 2675 Pallidus
604 2645 687 2675 color
708 2643 812 2674 nullus
834 2648 892 2679 est,

233 2693 287 2725 sed
301 2699 347 2724 est
360 2693 491 2724 affectus
504 2693 642 2724 onmium
659 2693 797 2724 colorum
811 2692 890 2723 dilu—

234 2743 343 2774 tiorum
366 2754 400 2774 ac
415 2743 660 2784 pallescentium.
692 2743 783 2774 Adde
797 2742 891 2773 Ovid.

959 1949 1093 1980 RIetarn.
1121 1949 1161 1980 iv.
1190 1950 1260 1980 134.
1284 1960 1392 1989 oraque
1416 1950 1489 1979 burro
1521 1948 1619 1978 Palli-

959 2000 1045 2028 ἀίω-α
1063 2009 1180 2039 gerens,
1203 1999 1307 2030 confer
1330 1998 1422 2029 Trist.
1446 1997 1490 2028 iii.
1511 1998 1542 2028 8.
1563 1998 1618 2028 27.

959 2057 1031 2089 sqq.
1077 2048 1224 2079 HAnLES.

1002 2099 1053 2129 35.
1083 2097 1171 2128 Unda
1189 2099 1323 2137 locusque
1345 2097 1478 2137 noceria]
1505 2096 1619 2132 Nocet,

959 2147 1071 2189 inquit,
1088 2157 1171 2189 aqua
1185 2153 1216 2178 et
1231 2157 1295 2183 aer,
1313 2146 1362 2177 vel
1379 2146 1441 2177 loci
1458 2145 1621 2188 asperitas.

1002 2198 1055 2228 37.
1079 2197 1176 2227 Simili
1194 2196 1387 2238 cumfratre,
1405 2196 1463 2226 ἃς.
1486 2194 1620 2225 Videtur

959 2246 986 2277 is
997 2245 1161 2277 Graecinus
1176 2255 1252 2281 esse,
1269 2250 1303 2276 ut
1314 2245 1394 2276 infra
1408 2244 1463 2275 lib.
1478 2243 1520 2274 iv.
1530 2242 1621 2283 Eleg.

959 2295 1001 2326 ix.
1047 2296 1173 2326 Micx’L.

1003 2346 1054 2376 39.
1079 2344 1228 2386 Fragili]
1259 2343 1309 2374 Sic
1333 2354 1351 2374 e
1376 2340 1549 2373 Barberino
1572 2352 1620 2372 re-

958 2394 1080 2437 scripsit
1096 2393 1244 2425 Heinsius
1257 2398 1288 2424 et
1302 2392 1442 2434 pluribus
1452 2390 1620 2421 illustravit

960 2443 1122 2485 exemplis,
1171 2443 1330 2473 Phaselum
1353 2447 1458 2472 autem
1486 2439 1619 2476 derivat,

961 2495 999 2526 de
1013 2493 1099 2524 Allio
1118 2493 1158 2524 ad
1175 2491 1335 2523 Catullum
1355 2491 1487 2532 (Venet.
1504 2488 1620 2529 1738.)

958 2555 1030 2587 pag.
1051 2544 1082 2574 8.
1104 2541 1261 2584 ἀφάσσων
1276 2541 1392 2576 velum,
1409 2546 1440 2571 et
1461 2538 1552 2570 ἁλάω
1567 2549 1614 2569 re-

959 2594 1053 2635 migo,
1068 2592 1141 2623 hinc
1156 2593 1226 2623 velis
1241 2601 1277 2622 ac
1293 2592 1378 2621 remis
1391 2589 1496 2626 currit,
1511 2594 1543 2619 et
1560 2588 1618 2619 Ca-

960 2645 1030 2674 tull.
1046 2652 1142 2673 carm.
1157 2643 1186 2672 4.
1200 2641 1239 2671 de
1253 2651 1290 2672 eo
1304 2639 1393 2676 dicit,
1404 2641 1462 2670 sive
1475 2638 1619 2678 palmulis

962 2695 1043 2733 Opus
1060 2693 1145 2734 skire!
1174 2692 1273 2721 volare
1306 2691 1364 2720 sive
1398 2689 1498 2719 linteo.
1553 2685 1618 2716 Alii

959 2742 1099 2773 derivant
1117 2751 1131 2770 a
1151 2738 1317 2771 Phaselide
1332 2738 1407 2769 urbe
1422 2735 1618 2778 Pamphiliae.
