1760 3172
341 196 529 238 ARTIS
561 193 917 237 AMATORIAE
949 193 1068 236 LIB.
1102 196 1194 238 III.
1396 197 1455 236 47

71 313 146 360 Ite
170 328 258 376 per
283 312 586 375 exemplum,
614 327 769 373 genus
794 310 824 356 ὂ
848 310 1071 366 mortale,
1101 310 1348 370 Dearum;

139 389 337 436 Gaudia
359 404 450 435 nec
471 387 664 451 cupidis
690 393 854 434 vestra
877 393 1056 448 negate
1080 387 1212 434 viris.

74 466 143 513 Ut
161 467 264 529 jam
289 466 556 529 decipiant,
586 465 706 528 quid
731 464 972 528 perditis?
1006 465 1172 511 omnia
1195 473 1440 513 constant.

137 542 278 590 Mille
301 543 419 590 licet
443 548 666 598 sumant3
708 541 901 605 deperit
926 541 1040 588 inde
1066 542 1203 589 nihil.

1391 546 1456 590 90

74 619 358 667 Conteritur
381 620 578 676 ferrum,
607 619 770 666 silices
794 626 1060 666 tenuantur
1085 620 1146 666 ab
1172 636 1282 666 usu.

140 697 347 753 Sufficit,
374 703 424 744 et
447 696 614 743 damni
639 713 753 760 pars
779 703 915 744 caret
938 697 1022 743 illa
1046 703 1200 743 metu.

73 772 205 827 Quid
229 780 365 821 vetet
389 773 615 837 adposito
639 773 808 820 lumen
833 773 894 820 de
919 773 1105 820 lumine
1131 773 1274 829 sumi,

138 849 325 904 Quisve
350 866 468 897 cavo
488 857 652 897 vastas
678 850 728 896 in
752 866 887 896 mare
912 857 1073 896 servet
1098 849 1289 913 aquas?
1395 852 1455 897 94

76 926 176 974 Det
197 934 364 974 tamen
388 926 489 974 ulla
510 926 612 973 viro
637 926 828 982 mulier,
856 943 953 973 non
978 927 1200 990 expedit,
1228 926 1411 988 inquis.

140 1003 289 1059 Quid,
311 1003 403 1050 nisi
423 1019 574 1067 quam
596 1020 779 1059 sumes,
801 1003 879 1050 dic
902 1003 1038 1059 mihi,
1059 1004 1226 1067 perdis
1247 1004 1457 1066 aquam?

77 1079 184 1127 Nec
209 1097 294 1127 vos
319 1081 571 1144 prostituit
594 1097 706 1129 mea
725 1097 848 1138 vox;
891 1081 979 1128 sed
1003 1096 1130 1128 vana
1153 1080 1327 1127 timere

143 1156 340 1204 Damna
361 1164 511 1205 vetat.
551 1158 744 1205 damnis
770 1173 976 1204 munera
998 1164 1163 1205 vestra
1187 1163 1373 1204 carent.

78 1233 179 1281 Sed
204 1250 282 1281 me
307 1234 588 1281 flaminibus
613 1234 742 1282 venti
770 1234 970 1297 majoris
995 1234 1194 1289 iturum,

145 1310 278 1357 Dum
304 1327 473 1357 sumus
499 1311 548 1357 in
572 1318 733 1374 portu,
761 1311 1001 1374 provehat
1025 1327 1143 1358 aura
1165 1310 1304 1357 levis.

1371 1312 1463 1356 100

79 1387 259 1435 Ordior
283 1404 312 1435 a
336 1388 488 1435 cultu,
528 1389 673 1436 cultis
698 1390 827 1436 bene
853 1388 1000 1436 Liber
1025 1389 1086 1435 ab
1113 1388 1219 1435 uvis

144 1464 405 1521 Provenit;
447 1471 497 1511 et
521 1466 653 1512 culto
680 1472 778 1512 stat
803 1482 946 1528 seges
972 1465 1072 1512 alta
1095 1466 1216 1512 solo,

81 1541 260 1588 Forma
275 1541 369 1589 Dei
388 1558 566 1588 munus
585 1559 595 1589 ε
630 1541 785 1588 forma
804 1549 958 1604 quota
979 1557 1191 1604 quaeque
1212 1540 1463 1604 superbit?

146 1617 269 1664 Pars
293 1619 510 1666 vestrum
535 1618 621 1665 tali
641 1634 844 1665 munere
869 1634 1050 1680 magna
1074 1625 1225 1665 caret.

80 1694 215 1742 Cura
238 1695 377 1742 dabit
400 1695 604 1743 faciem:
643 1695 795 1743 facies
821 1696 1049 1758 neglecta
1073 1695 1282 1759 peribit3

1373 1697 1462 1741 105

148 1771 318 1818 Idaliae
344 1772 515 1819 similis
542 1773 605 1820 sit
628 1773 746 1820 licet
766 1773 850 1820 illa
874 1773 1014 1820 Deae.

81 1848 308 1912 Corpora
331 1849 372 1895 si
395 1856 586 1896 veteres
612 1866 710 1896 non
737 1849 806 1897 sic
832 1850 1028 1896 coluere
1054 1849 1260 1913 puellae3

150 1925 258 1973 Nec
281 1932 473 1974 veteres
498 1928 658 1974 cultos
685 1927 755 1975 sic
781 1927 999 1975 habuere
1023 1927 1167 1974 viros.

82 2105 176 2138 niam,
193 2108 224 2134 et
240 2102 429 2134 Hermionam
445 2104 528 2135 varie
552 2103 691 2135 scribunt
705 2105 742 2134 li-

82 2151 187 2188 brarii,
212 2153 265 2183 sed
290 2152 400 2194 optimi
425 2152 506 2189 libri,
534 2154 742 2190 Harmoniam,

85 2200 135 2231 vel
151 2201 349 2239 Har-monica,
364 2207 399 2232 ut
414 2201 495 2232 Leda
512 2208 543 2233 et
560 2202 640 2232 Lede
654 2208 685 2233 et
700 2202 741 2233 si-

84 2249 184 2280 milia.
200 2250 263 2282 vid.
283 2250 392 2281 Barth.
417 2251 456 2281 ad
478 2252 556 2282 Stat.
572 2250 604 2282 ii.
620 2252 696 2282 267.
713 2259 745 2282 et

83 2298 128 2329 iii.
142 2299 171 2329 7.
195 2304 227 2329 et
249 2300 396 2330 Munker.
413 2299 454 2330 ad
469 2300 589 2341 Hygini
605 2301 683 2331 Fab.
701 2299 744 2331 vi.

85 2346 138 2378 ubi
154 2347 247 2378 etiam
260 2347 301 2378 de
323 2348 391 2389 ejus
415 2354 512 2379 matre
535 2348 617 2390 agit;
642 2355 674 2379 et
688 2349 745 2380 hoc

85 2396 209 2428 nomine
236 2397 305 2427 aliae
321 2397 413 2428 dictae
436 2397 583 2429 mulieres
605 2398 650 2429 ita
672 2398 742 2429 scri-

85 2446 223 2477 bendum
244 2446 402 2477 evincunt.
433 2446 476 2478 sic
502 2447 681 2483 Harmonia,
707 2458 744 2478 ex

85 2505 151 2536 qua
165 2496 252 2526 Mars
266 2495 442 2526 Amazonas
456 2496 585 2527 creavit.
598 2496 746 2538 Apollon.

86 2543 119 2573 ii.
136 2544 212 2585 Arg.
228 2545 302 2574 993.
317 2544 371 2574 ubi
384 2544 449 2575 vid.
484 2544 590 2575 Schol.
608 2545 672 2575 alia
682 2555 745 2575 me-

88 2598 224 2623 moratur
246 2592 278 2623 in
301 2592 430 2623 Anthol.
451 2593 506 2624 lib.
529 2593 575 2624 iii.
600 2604 669 2635 cap.
695 2592 749 2624 xii.

88 2650 163 2681 pag.
192 2641 267 2670 337.
328 2641 496 2671 Harmonia
523 2641 653 2672 Gelonis
682 2641 747 2672 filia

91 2687 179 2719 Livio
202 2688 286 2719 xxiv.
304 2689 355 2720 24.
368 2689 434 2721 vid.
452 2690 491 2720 ad
515 2689 558 2720 iii.
574 2690 654 2721 Met.
672 2691 746 2721 133.

92 2736 206 2766 var.

852 2104 907 2135 95.
934 2103 973 2133 Et
993 2110 1089 2133 tamen
1114 2104 1181 2133 ulla
1198 2104 1261 2133 viro
1276 2102 1395 2137 mulier,
1410 2113 1470 2132 non

811 2155 936 2193 expedit,
963 2152 1091 2193 inquit]
1128 2151 1217 2182 Nihil
1237 2162 1344 2182 sensus
1368 2157 1414 2181 est
1438 2151 1470 2181 in

810 2202 868 2232 hoc
886 2201 1034 2232 carmine.
1065 2200 1173 2231 Scribe
1189 2200 1238 2231 vel
1253 2199 1359 2230 invitis
1374 2210 1471 2230 mem-

811 2250 916 2281 branis
930 2262 936 2280 z

857 2301 917 2331 Det
933 2307 1029 2330 tamen
1046 2300 1114 2330 ulla
1135 2300 1198 2329 viro
1212 2298 1332 2333 mulier,
1350 2309 1409 2328 ηοη
1424 2308 1471 2328 ex-

895 2353 989 2391 pedit,
1004 2351 1115 2390 inquis.

813 2399 884 2429 Non
906 2398 1044 2441 expedit,
1061 2403 1095 2428 ut
1115 2396 1227 2427 mulier
1246 2395 1312 2426 ulla
1327 2395 1380 2425 det
1395 2395 1472 2427 viro.

814 2448 898 2478 Dare
920 2458 974 2489 pro
993 2446 1115 2488 copiam
1138 2445 1185 2476 sui
1201 2445 1301 2475 faeere
1322 2443 1472 2475 usitatum

813 2497 924 2538 poetis.
969 2496 1087 2526 HmNs.

856 2546 908 2576 98.
935 2545 1067 2575 Munera
1083 2543 1209 2582 restrum]
1243 2542 1353 2572 Nostra
1369 2542 1470 2572 Vossii

814 2599 846 2625 et
860 2595 1012 2625 Beruens.
1030 2599 1060 2624 et
1076 2592 1214 2634 quinque
1228 2591 1294 2622 alii.
1311 2597 1344 2621 ut
1359 2591 1471 2622 intelli·

814 2649 868 2684 gat
895 2647 1052 2684 praecepta
1081 2651 1137 2670 sua
1163 2641 1273 2671 Poeta.
1301 2644 1336 2670 ut
1359 2639 1415 2671 lib.
1437 2640 1471 2671 ii.

816 2691 891 2723 742.
907 2701 990 2732 supr.
1005 2701 1086 2721 vers.
1104 2690 1157 2719 79.
