1760 3172
225 183 312 224 362

620 179 670 220 P.
704 177 815 220 OVI
827 176 917 218 DII
951 175 1231 218 NASONIS

232 296 421 352 Noluit,
449 303 503 342 ut
527 301 738 359 poterat,
765 293 970 340 minimo
995 307 1074 338 me
1100 292 1306 355 perdere
1332 299 1470 338 nutu.

297 373 382 421 Nil
407 389 533 436 opus
558 380 635 419 est
660 371 770 418 ullis
796 371 846 417 in
870 386 983 417 mea
1005 370 1108 417 fata
1132 369 1294 416 Getis.

233 451 334 499 Sed
360 465 538 513 neque,
560 465 648 495 cur
672 464 901 502 morerer,
927 446 1204 510 quidquam
1229 445 1348 492 mihi
1375 445 1617 507 comperit

431 534 598 574 actum
616 544 627 581 ;

1555 525 1617 569 95

299 605 407 652 Nec
432 604 594 651 minus
620 601 846 658 infestus,
874 616 1026 664 quam
1050 599 1158 656 fuit,
1186 615 1295 646 esse
1322 607 1502 663 potest.

231 681 360 729 Tum
387 697 588 745 quoque
614 679 683 726 nil
706 678 840 735 fecit,
862 678 955 725 nisi
978 678 1112 741 quod
1135 677 1299 725 facere
1325 678 1433 741 ipse
1458 677 1615 739 coegi,

300 759 453 806 Paene
478 758 627 806 etiam
652 758 828 804 merito
853 756 1045 821 parcior
1069 756 1142 804 ira
1165 771 1291 802 meo.

235 837 301 884 Di
325 836 510 884 faciant
534 835 698 898 igitur,
726 851 938 898 quorum
963 834 1256 881 mitissimus
1281 834 1387 897 ipse
1413 840 1504 888 est,

298 915 449 961 Alma
472 914 593 960 nihil
618 914 780 976 majus
808 913 1009 960 Caesare
1034 919 1165 959 terra
1188 911 1330 959 ferat.

1530 912 1620 955 100

237 993 408 1056 thue
433 991 519 1039 diu
544 992 638 1038 sub
663 1008 722 1039 eo
748 991 812 1038 sit
837 991 1040 1055 publica
1063 990 1259 1037 sarcina
1284 1004 1465 1042 rerum,

301 1070 501 1132 Perque
526 1085 700 1116 manus
725 1069 872 1132 hujus
897 1067 1082 1114 tradita
1105 1066 1266 1129 gentis
1292 1073 1389 1112 eat.

235 1147 304 1194 At
327 1154 380 1194 tu
406 1155 508 1194 tam
533 1146 746 1210 placido,
773 1161 927 1208 quam
949 1161 1039 1191 nos
1066 1159 1266 1207 quoque
1292 1141 1539 1189 sensimus
1566 1141 1620 1186 il-

301 1223 331 1271 J
336 1225 481 1272 udice
507 1240 595 1288 pro
619 1224 852 1287 lacrymis
878 1239 963 1270 ora
987 1222 1176 1270 resolve
1201 1220 1342 1268 meis.

1478 1218 1619 1280 [lum,

238 1302 354 1350 Non
373 1302 548 1366 petito,
570 1309 626 1348 ut
650 1302 779 1349 bene
805 1301 883 1357 sit,
906 1300 995 1348 sed
1014 1300 1086 1347 uti
1107 1299 1234 1346 male
1255 1297 1436 1354 tutius;
1468 1303 1622 1358 utque

300 1379 549 1427 Exsilium
574 1395 703 1426 saevo
728 1378 881 1427 distet
905 1380 967 1426 ab
993 1379 1135 1426 hoste
1156 1393 1351 1424 meum:

279 1567 332 1598 93.
362 1566 441 1597 Ullis
458 1566 569 1607 Getis]
597 1565 697 1603 Quasi
711 1565 807 1603 dicat,
825 1567 897 1598 Non

237 1616 321 1648 misit
340 1627 390 1647 me
403 1616 566 1658 Augustus
580 1616 709 1652 Temen,
726 1622 761 1646 ut
782 1627 801 1647 a
820 1617 895 1658 Scy-

237 1666 299 1699 this
312 1666 511 1696 interficerer.

279 1716 333 1746 97.
345 1714 527 1757 Nisifacere
539 1716 615 1755 quod
632 1716 690 1755 ipse
703 1715 811 1757 coegi]
828 1714 897 1746 Nisi

237 1764 322 1806 quod
351 1775 410 1806 ego
441 1764 532 1794 illum
561 1764 710 1805 compuli,
734 1764 898 1796 scribendo

238 1813 378 1845 carmina
392 1820 424 1845 et
437 1819 595 1856 praeeepta
609 1814 771 1845 amatoria.

280 1865 333 1895 99.
358 1863 537 1894 Mitissimus
557 1865 615 1903 ipse
631 1863 700 1904 est.]
728 1862 787 1894 Ille
802 1863 899 1894 Servii

238 1912 309 1944 cod.
330 1918 361 1943 et
381 1911 507 1954 plurim.
527 1911 603 1943 edit.
650 1912 795 1946 Quorum.
819 1913 897 1943 Sub-

239 1961 324 1998 audi,
336 1962 486 1992 Deorum.
520 1961 684 2002 Augustus
698 1961 844 1993 nimirum
855 1961 898 1992 vi-

238 2022 314 2042 vens
328 2010 450 2041 divinos
466 2010 579 2041 meruit
594 2010 734 2041 honores.

285 2061 356 2090 101.
395 2059 492 2100 thue
520 2059 602 2099 dim]
641 2060 807 2090 Sallustius
831 2060 900 2101 jure

238 2109 329 2144 dixit,
347 2110 442 2138 multa
462 2119 535 2138 curu
552 2120 662 2139 sumum
677 2110 799 2148 imperio
815 2110 899 2144 inest,

240 2160 328 2189 multi
343 2160 477 2200 ingentes
493 2159 613 2189 labores.
658 2158 786 2189 Sarcina
798 2169 829 2199 p.
842 2168 899 2188 rer.

239 2208 334 2249 igitur
360 2207 427 2237 h.l.
451 2213 497 2238 est
519 2218 593 2237 onus
622 2209 748 2248 imperii.
793 2207 900 2248 Atque

213 2274 217 2278 ·
239 2257 375 2289 Ovidius
393 2263 491 2287 semet
506 2255 571 2298 ipse
586 2257 678 2287 Trist.
694 2268 722 2286 v.
736 2258 765 2287 6.
781 2259 811 2288 5.
827 2257 898 2287 Sar-

240 2309 350 2343 cinam,
373 2312 404 2337 et
426 2306 507 2336 infra
521 2318 551 2337 v.
570 2307 641 2336 147.
656 2317 783 2337 uxorem
801 2317 900 2342 suam,

238 2358 388 2387 sarcinam
402 2363 527 2387 vestram
541 2355 572 2386 h.
581 2366 608 2386 e.
625 2366 712 2392 onus,
726 2355 902 2386 molestiam

240 2411 342 2437 vocat.
395 2404 548 2436 Claudius
578 2405 687 2436 Civilis
715 2405 842 2447 quidem
871 2405 901 2435 in

242 2455 336 2486 Obss.
362 2455 485 2496 Belgic.
504 2465 565 2485 non
583 2455 677 2486 1740.
698 2461 771 2485 tom.
794 2455 813 2485 i.
831 2465 903 2496 pag.

243 2506 316 2535 142.
331 2504 545 2546 loquutionem
563 2506 711 2535 sarcinam
728 2506 781 2535 sub
801 2505 902 2544 aliquo

241 2565 307 2590 esse,
322 2564 376 2596 per
389 2564 422 2584 se
440 2553 583 2596 putidam
605 2553 805 2595 ineptumque
828 2564 901 2594 cog-

239 2603 391 2638 nominat,
408 2602 554 2644 quoniam
579 2613 617 2633 ea
638 2613 699 2633 non
720 2602 903 2644 supponitur

242 2644 370 2688 liomini,
386 2653 439 2683 sed
457 2652 632 2694 imponitur.
667 2652 755 2683 Idem
768 2652 835 2693 jam
849 2653 896 2681 ob-

237 2701 356 2742 jectum
380 2701 437 2732 fuit
458 2700 674 2742 Zinzerlingio.
694 2707 724 2731 et
748 2700 836 2742 quasi
859 2701 900 2731 ita

1528 1377 1617 1421 106

965 1566 1126 1598 translatio
1136 1577 1196 1596 non
1210 1570 1336 1595 maneat
1348 1564 1430 1594 iutra
1445 1563 1566 1604 generis
1576 1562 1622 1593 sui

965 1616 1134 1648 cancellos.
1176 1615 1236 1645 Sed
1261 1614 1345 1645 enirn
1369 1612 1554 1648 “videmus‚
1577 1611 1624 1642 in-

966 1667 1043 1708 quit,
1076 1667 1173 1697 bonos
1207 1670 1350 1695 auctores
1383 1673 1465 1704 saepe
1495 1661 1581 1693 abire
1608 1673 1625 1692 a

965 1715 1125 1747 translatis
1153 1714 1194 1745 ad
1219 1713 1373 1744 vocabula
1401 1711 1533 1754 propria.
1583 1711 1625 1742 At

965 1764 1128 1807 imperium
1142 1764 1236 1794 Rom.
1252 1773 1319 1793 esse
1333 1762 1390 1792 sub
1407 1761 1530 1792 Caesare
1542 1768 1624 1792 recte

965 1814 1096 1844 dictum.
1138 1813 1204 1843 Cur
1218 1822 1278 1842 non
1290 1810 1383 1852 igitur
1398 1809 1552 1841 sarcinam
1567 1809 1624 1840 im-

965 1863 1065 1906 perii?
1110 1863 1177 1892 Iino
1201 1861 1307 1892 videas
1331 1860 1472 1902 geminas
1495 1860 1626 1890 transla-

967 1912 1066 1943 tiones
1080 1912 1156 1942 haut
1171 1922 1236 1941 raro
1251 1909 1411 1941 confundi.
1433 1909 1522 1939 Talia
1533 1915 1624 1940 sunt:

966 1964 1090 2004 ignaras
1115 1969 1210 1992 terras
1235 1971 1346 1991 vomere
1371 1961 1500 1990 imbuere
1520 1959 1626 1990 Valer.

968 2012 1109 2043 Flaccus.
1170 2011 1335 2041 Devius-tus
1367 2011 1489 2040 vulnere
1520 2011 1627 2039 amoris

968 2060 1165 2097 Lucretius‚'’
1182 2061 1240 2091 [xc.
1257 2065 1287 2090 et
1307 2059 1415 2090 laudat
1436 2058 1557 2090 Gifanii
1577 2058 1623 2089 in-

967 2111 1031 2141 dic.
1064 2109 1241 2141 Lucretiam.
1268 2109 1354 2139 verb.
1377 2108 1624 2139 Translationes.

968 2160 1133 2191 Enimvero
1157 2159 1216 2190 hac
1239 2159 1340 2190 forsan
1363 2158 1564 2189 excusatione
1588 2168 1626 2188 ne

967 2221 1044 2252 opus
1059 2209 1185 2251 quidem
1200 2214 1258 2244 est,
1271 2208 1296 2239 si
1311 2210 1364 2239 suh
1375 2219 1406 2239 eo
1420 2206 1629 2249 interpreteris

968 2262 1007 2290 ιιιΙ
1024 2266 1132 2289 mitum
1154 2261 1236 2299 ejus:
1256 2258 1360 2289 confer
1379 2257 1489 2289 Barth.
1508 2256 1547 2287 ad
1561 2257 1627 2288 Ne-

968 2308 1096 2339 mesian.
1122 2308 1145 2338 i.
1173 2319 1236 2339 ver.
1261 2309 1291 2338 3.
1344 2308 1451 2344 Quare
1480 2306 1626 2348 equidem

969 2357 1132 2388 lectionem
1158 2357 1190 2388 in
1216 2363 1302 2388 textu
1323 2363 1490 2399 receptam,
1514 2356 1628 2387 retine-

968 2418 1043 2437 rem.
1089 2407 1236 2437 HAnrms.

1015 2457 1086 2486 104.
1111 2457 1173 2487 Ora
1197 2456 1336 2496 renim]
1366 2458 1430 2487 Ora
1453 2455 1550 2496 aperi,
1574 2465 1629 2496 pro

970 2517 1018 2537 me
1032 2506 1209 2547 Augustum
1225 2505 1353 2536 orando.

1017 2556 1089 2586 105.
1114 2555 1169 2585 Sed
1187 2557 1230 2585 nri
1251 2556 1326 2585 male
1346 2554 1470 2595 tutius-J
1497 2554 1559 2585 Sed
1575 2564 1627 2595 pe-
1695 2548 1698 2550 ¹

970 2605 1026 2635 tito
1057 2610 1089 2634 ut
1113 2605 1253 2635 exsulem
1277 2604 1308 2634 in
1331 2605 1398 2634 loco
1421 2603 1519 2645 magis
1541 2608 1628 2634 tuto:

970 2653 1052 2693 quod
1069 2653 1206 2695 apertius
1225 2659 1255 2684 et
1271 2653 1413 2694 sequenti
1429 2652 1565 2683 carmine
1582 2651 1628 2682 in-

970 2701 1064 2732 dicat.
