1760 3172
394 193 486 234 EX
519 192 728 234 PONTO
763 192 880 234 LIB.
915 193 978 234 ΙΙ.
1010 195 1202 237 EPIST.
1236 196 1299 236 ΙΙ.

1456 200 1540 240 403

161 308 259 363 Qui
284 308 473 372 rapitur
496 307 624 363 fatis,
653 308 773 370 quid
799 317 978 372 praeter
1003 309 1104 357 fata
1128 311 1378 373 requirat?

227 385 371 448 Saepe
397 392 534 432 creat
556 385 730 432 molles
756 401 932 449 aspera
956 385 1099 449 spina
1122 402 1275 434 rosas.

157 461 256 516 Qui
278 462 466 526 rapitur
491 469 752 526 spumante
779 463 897 519 salo,
926 479 1016 510 sua
1038 464 1243 511 brachia
1267 465 1399 512 cauti
1472 469 1534 512 35

223 539 455 602 Porrigit,
481 547 531 587 et
555 539 723 604 spinas
748 541 973 603 duraque
995 557 1118 588 saxa
1142 542 1292 604 capit.

154 616 459 682 Accipitrem
484 625 711 665 metuens
736 618 912 681 pennis
938 618 1305 682 trepidantibus
1331 619 1432 665 ales

222 695 391 743 Audet
416 696 475 742 ad
502 696 744 743 humanos
768 694 900 743 fessa
922 696 1089 744 venire
1115 696 1251 743 sinus
1273 712 1282 742 :

158 771 205 818 N
210 788 266 819 ec
292 789 346 820 se
369 772 529 820 vicino
554 773 748 819 dubitat
772 772 1080 820 committere
1105 779 1255 828 tecto,

222 848 349 903 Quae
374 848 500 912 fugit
523 849 729 896 infestos
755 849 925 896 territa
950 865 1096 897 cerva
1119 865 1284 896 canes.
1472 852 1536 895 40

155 925 250 984 Da,
272 943 461 990 precor,
485 943 743 975 accessum
764 927 1014 990 lacrymis,
1038 926 1315 981 mitissime,
1339 927 1533 981 nostris,

223 1004 331 1053 Nec
355 1005 564 1067 rigidam
589 1004 774 1052 timidis
799 1005 1005 1052 vocibus
1031 1005 1161 1051 obde
1186 1003 1339 1050 forem
1361 1021 1371 1060 3

152 1081 420 1146 Verbaque
439 1090 609 1130 nostra
625 1082 794 1131 favens
813 1082 1041 1129 Romana
1060 1082 1122 1129 ad
1138 1080 1341 1128 numina
1358 1080 1534 1144 perfer,

222 1159 338 1207 Non
362 1160 452 1207 tibi
477 1160 690 1225 Tarpeio
716 1161 851 1208 culta
873 1168 1075 1208 tonante
1103 1159 1266 1206 minus
1291 1175 1300 1205 ε

153 1235 484 1301 Mandatique
510 1238 607 1286 mei
632 1239 825 1301 legatus
852 1237 1050 1301 suscipe
1075 1253 1277 1285 causam
1299 1258 1309 1296 3

219 1313 371 1362 Nulla
393 1331 504 1362 meo
531 1316 755 1378 quamvis
782 1315 979 1363 nomine
1005 1331 1155 1362 causa
1179 1316 1310 1364 bona
1335 1325 1427 1365 est.

151 1390 181 1437 J
186 1407 265 1439 am
289 1408 444 1457 prope
469 1393 743 1457 depositus,
771 1400 906 1441 certe
925 1394 1030 1456 jam
1055 1392 1279 1456 frigidus,
1308 1411 1437 1457 aegre

223 1469 458 1517 Servatus
483 1485 572 1533 per
596 1477 662 1527 te,
689 1471 729 1517 si
755 1471 902 1518 modo
927 1486 1105 1527 server,
1134 1485 1232 1517 ero.

151 1545 298 1593 Nunc
323 1553 410 1594 tua
432 1563 520 1611 pro
545 1547 696 1611 lapsis
722 1547 906 1594 nitatur
931 1547 1090 1609 gratia
1114 1548 1279 1603 rebus,

217 1622 464 1688 Principis
489 1631 723 1672 aeternam
749 1640 900 1687 quam
924 1623 1015 1671 tibi
1040 1632 1243 1688 praestet
1267 1641 1430 1672 amor:
1471 1629 1534 1672 50
1563 1678 1569 1683 ,

152 1698 298 1747 Nunc
323 1700 413 1747 tibi
438 1708 488 1748 et
512 1702 695 1764 eloquii
721 1702 850 1748 nitor
875 1702 956 1749 ille
981 1701 1284 1749 domesticus
1311 1702 1457 1759 adsit,

219 1776 332 1831 Quo
355 1785 552 1841 poteras
579 1779 785 1842 trepidis
811 1778 946 1825 utilis
972 1794 1082 1825 esse
1107 1778 1220 1826 reis.

150 1852 286 1901 Vivit
309 1854 440 1901 enim
466 1856 514 1901 in
534 1856 674 1902 vobis
700 1855 899 1902 facundi
925 1855 1094 1917 lingua
1118 1855 1353 1919 parentis,

218 1929 284 1978 Et
307 1947 384 1978 res
410 1932 646 1979 heredem
672 1932 890 1996 repperit
914 1932 997 1979 illa
1021 1949 1181 1979 suum.

193 2108 246 2143 33,
262 2107 314 2138 34.
337 2107 407 2138 Hoc
429 2107 583 2139 distichon
605 2119 624 2139 a
645 2119 739 2139 manu
762 2120 806 2140 re-

149 2156 278 2187 centiori
299 2155 331 2187 in
354 2156 428 2188 cod.
449 2156 531 2187 Bav.
546 2157 733 2199 adscriptum
752 2164 808 2194 est,

149 2213 181 2237 et
204 2207 293 2237 deest
311 2216 434 2247 quoque
455 2206 489 2236 in
509 2205 579 2237 aliis
601 2206 807 2248 quibusdam:

152 2267 202 2287 vv.
224 2257 277 2291 35,
298 2255 350 2286 36.
374 2255 468 2297 plane
493 2255 606 2287 desunt
634 2255 667 2286 in
695 2256 810 2291 Bavar.

149 2306 191 2337 Et
215 2304 364 2336 Heinsius
389 2310 555 2347 utrumque
579 2305 735 2336 distichon
760 2316 810 2336 su-

147 2355 302 2398 perfluum
330 2359 362 2385 et
389 2354 563 2385 tollendum
596 2365 662 2386 esse
692 2361 808 2386 censet.

149 2405 299 2436 HARLES.

192 2455 247 2485 36.
272 2453 412 2495 Porrigit
424 2455 462 2484 ad
477 2455 575 2493 spinas
589 2455 725 2494 duraque
738 2465 808 2484 sara

149 2504 282 2545 manus]
309 2504 383 2542 Qui,
398 2504 510 2546 inquit,
526 2504 599 2535 satis
616 2504 744 2547 rapitur,
760 2516 806 2535 so-

146 2554 192 2585 let
201 2553 387 2595 cuicumque
397 2553 466 2585 loco
476 2554 570 2585 etiam
581 2565 688 2596 aspero
697 2565 807 2585 manus

147 2603 322 2639 admovere,
337 2609 372 2634 ut
386 2603 486 2645 majus
500 2604 673 2645 periculum
688 2604 793 2635 evitet.

192 2654 245 2684 37.
268 2652 427 2684 Adludere
448 2653 571 2684 videtur
589 2654 747 2695 Verpoort.
768 2653 806 2683 ad

148 2713 240 2733 omen
255 2702 349 2732 Liviae
366 2702 495 2739 factum,
511 2702 594 2747 appd
611 2703 696 2733 Suet.
713 2703 806 2734 Galb.

153 2752 182 2780 l.
222 2751 369 2781 HARLES.

919 2111 971 2141 44.
1000 2110 1123 2150 Tarpeio
1146 2110 1294 2150 tonante]
1317 2110 1394 2140 Jove
1411 2110 1536 2152 Capito-

875 2159 948 2189 lino.
994 2159 1076 2190 Vide
1093 2159 1182 2200 Virg.
1207 2159 1282 2189 AEn.
1310 2157 1373 2189 viii.
1397 2160 1480 2197 6523
1506 2165 1536 2189 et

876 2208 1118 2239 Lucam-Phar&
1133 2208 1154 2238 i.
1174 2208 1254 2245 1963
1277 2219 1306 2238 v.
1323 2208 1395 2237 306.

919 2259 970 2288 45.
995 2257 1225 2299 Legatus,&c.]
1255 2257 1314 2286 Vel
1330 2255 1472 2291 nuncius,
1485 2255 1534 2286 vel

876 2312 987 2337 orator.

920 2357 971 2386 47.
994 2356 1065 2387 Jam
1084 2367 1174 2395 prope
1194 2355 1368 2394 depositus]
1400 2354 1532 2385 Confec-

875 2411 936 2440 tus,
951 2404 1156 2440 exanimatus,
1180 2404 1339 2445 sepultus:
1365 2402 1409 2433 sic
1431 2403 1535 2434 Plaut.

880 2454 953 2485 Vino
989 2455 1146 2493 depositus,
1179 2453 1208 2483 id
1248 2460 1306 2488 est,
1339 2451 1421 2483 Vino
1452 2453 1533 2493 sopi-

875 2510 935 2534 tus.

918 2555 969 2583 49.
987 2553 1048 2583 Pro
1067 2552 1176 2592 rebus]
1204 2552 1263 2582 Pro
1279 2551 1370 2582 rebus
1386 2551 1473 2581 meis.

917 2603 969 2633 51.
988 2602 1080 2632 Nunc
1096 2601 1177 2641 timu]
1204 2600 1318 2631 Malim
1333 2601 1416 2630 mihi.
1440 2601 1532 2630 Nunc

876 2651 950 2681 mihi
980 2650 1060 2681 adsit
1091 2651 1248 2691 eloquium
1276 2656 1374 2679 tuum.
1417 2649 1532 2679 mes.

876 2702 976 2736 Adsit,
993 2699 1023 2729 id
1050 2706 1107 2736 est,
1128 2699 1357 2741 patrocinetur:
1384 2708 1453 2728 nam
1478 2700 1530 2727 ad-

876 2761 931 2779 esse
947 2749 1005 2779 reis
1022 2749 1162 2779 advocati
1179 2748 1333 2778 dicuntur.

1008 2798 1034 2827 Ῐ)
1054 2810 1069 2826 ι)
1086 2799 1103 2827 '2
