1760 3172
390 186 699 231 TRISTIUM
732 185 853 228 LIB.
889 184 925 226 Ι.
959 182 1140 227 ELEG.
1173 182 1241 225 X.

1429 182 1515 223 177

123 303 240 352 Sive
259 319 385 367 opus
400 310 479 350 est
495 302 634 358 velis,
651 300 907 348 minimam
922 300 1052 346 bene
1067 298 1221 346 currit
1236 297 1296 345 ad
1314 312 1508 345 auram:

190 380 306 429 Sive
331 396 456 444 opus
483 387 560 427 est
583 395 736 435 remo,
764 377 951 440 remige
978 376 1138 440 carpit
1162 376 1271 422 iter.

123 457 233 505 Nec
258 458 467 505 comites
491 456 678 504 volucri
702 462 937 502 contenta
961 460 1038 500 est
1060 453 1257 500 vincere
1283 467 1454 507 cursu;
1485 453 1514 497 5

192 534 426 598 Occupat
450 550 679 596 egressas
704 532 983 596 quamlibet
1007 536 1122 577 ante
1147 536 1297 577 rates.

125 610 192 658 Et
213 611 400 676 patitur
423 611 622 666 fluctus,
647 609 846 672 fertque
871 606 1156 654 adsilientia
1178 606 1327 667 longe

191 680 547 751 AEquora,=·‘nec
573 686 716 733 saevis
741 685 843 732 icta
865 683 1051 731 fatiscit
1075 682 1235 746 aquiS.

127 765 236 822 Illa,
264 764 599 812 Corinthiacis
624 763 841 828 primum
865 761 986 809 mihi
1011 760 1212 823 cognita
1239 758 1500 813 Cenchris,

194 843 319 891 Fida
336 850 506 891 manet
525 842 734 906 trepidae
753 841 960 904 duxque
983 853 1255 901 comesque
1271 836 1424 899 fugae3
1462 839 1520 882 lO

81 914 84 917 “
127 920 328 984 Perque
352 927 428 968 tot
451 910 755 975 eventus,„··''et
778 918 962 981 iniquis
987 916 1186 964 concita
1206 915 1365 962 ventis

195 988 677 1060 AEquora,fpalladio
702 994 906 1042 numine
931 1001 1042 1042 tuta
1065 993 1174 1040 fuit.

131 1073 278 1121 Nunc
304 1084 506 1138 quoque
529 1080 654 1129 tuta,
676 1089 867 1137 precor,
884 1072 1012 1119 vasti
1038 1077 1176 1118 secet
1200 1068 1329 1116 ostia
1354 1067 1521 1122 Ponti,

196 1150 437 1214 Quasque
461 1150 603 1214 petit,
633 1149 798 1197 Getici
823 1148 982 1195 litoris
1008 1148 1159 1194 intret
1184 1162 1358 1209 aquas.

131 1228 255 1284 Quae
282 1228 427 1276 simul
452 1227 625 1274 AEoliae
651 1242 787 1274 mare
812 1241 891 1272 me
913 1224 1123 1272 deduxit
1141 1224 1192 1271 in
1219 1222 1409 1278 Helles,
1466 1224 1524 1269 15

197 1305 264 1354 Et
285 1306 489 1368 longum
513 1305 651 1353 tenui
675 1304 831 1351 limite
856 1301 977 1350 fecit
1001 1302 1121 1359 iter;

129 1429 231 1461 eaque
245 1419 312 1451 sola
323 1419 405 1456 navi,
416 1430 479 1461 qua
493 1425 585 1462 poeta
599 1430 615 1451 e
631 1425 721 1461 portu
733 1419 794 1450 Co-

131 1468 225 1500 rinthi
249 1468 281 1499 in
298 1468 467 1499 Thraciam
490 1479 589 1510 usque
608 1468 731 1500 delatus
747 1469 794 1499 fu-

130 1517 199 1554 erit,
213 1528 283 1559 quae
297 1517 411 1548 deinde
423 1528 478 1559 per
493 1519 655 1559 angustias
670 1517 795 1548 Helles-

130 1568 217 1611 ponti
231 1568 264 1598 in
278 1566 512 1609 Propontidem,
536 1567 672 1609 indeque
693 1578 797 1599 rursus

130 1627 187 1660 per
205 1617 380 1659 Bosporum
399 1615 568 1647 Thracium
590 1617 623 1647 in
645 1617 794 1654 Pontum,

133 1671 229 1708 atque
243 1665 289 1696 ita
303 1664 424 1696 sinistro
438 1665 516 1696 mari
530 1665 650 1696 Tomon
670 1665 795 1697 abierit.

133 1715 252 1746 Versus
274 1719 379 1745 autem
400 1713 440 1744 de
461 1713 584 1744 duabus
598 1714 731 1745 navibus
746 1726 796 1746 su—

134 1774 191 1806 pra
218 1763 341 1799 citatos,
367 1763 578 1805 metaphorice
605 1763 738 1806 accipio,
762 1769 798 1795 ut

133 1812 246 1856 puppis
261 1813 369 1849 altera,
385 1823 440 1854 pro
463 1823 567 1849 cursu,
583 1813 672 1850 serie,
687 1813 798 1844 itinere

133 1862 268 1893 terrestri
296 1868 440 1904 ponatur,
463 1872 500 1892 eo
527 1861 649 1893 scilicet
672 1862 711 1894 de
737 1873 798 1905 quo

135 1913 201 1955 ipse
215 1911 296 1942 infra
311 1910 389 1941 dicit
402 1923 408 1941 :

179 1960 260 1991 Nam
274 1961 348 1990 mihi
360 1959 508 1991 Bistonios
518 1961 638 2000 placuit
647 1963 720 2002 pede
731 1973 798 1992 car-

217 2020 288 2049 pere
301 2020 425 2051 campos,
440 2010 500 2040 ἃς.

137 2060 221 2091 Nam
242 2064 274 2090 et
297 2058 373 2090 alibi
388 2059 427 2090 de
446 2059 576 2090 diversis
600 2059 800 2101 profectionis

136 2119 201 2142 suae
215 2119 275 2139 vus
289 2114 442 2139 memlnit.

180 2160 212 2190 2.
236 2158 277 2189 Et
292 2171 310 2189 α
322 2160 407 2198 picta
423 2159 535 2189 casside
558 2169 661 2189 nomen
686 2158 800 2199 habet]

137 2207 169 2238 A
186 2208 288 2250 galea,
307 2218 403 2250 quam
423 2207 479 2238 illa
500 2213 619 2239 armata
639 2207 730 2249 gerit,
746 2221 800 2250 ga-

139 2258 219 2287 leata
248 2257 424 2299 appellatur
452 2256 609 2288 Minerva.
661 2258 802 2288 Verbum

140 2307 235 2343 habet,
245 2317 308 2337 non
319 2306 359 2337 ad
371 2306 560 2342 Minervam,
573 2306 628 2337 sed
641 2306 680 2337 ad
692 2317 803 2338 nomen

141 2355 239 2392 navis,
254 2355 453 2387 referendum
468 2356 608 2387 videtur:
633 2361 670 2387 ut
684 2356 801 2387 intelli-

139 2416 249 2448 gamus
276 2405 376 2447 ipsam
404 2416 516 2437 navem
546 2416 565 2437 a
588 2398 675 2447 picta
700 2406 804 2447 galea,

140 2454 367 2496 κορυθαίολον,
383 2461 437 2486 aut
452 2454 546 2486 simili
562 2455 668 2497 aliquo
691 2466 803 2497 cogno-

140 2504 224 2535 mine
240 2504 431 2546 appellatam
447 2505 553 2536 fuisse.

186 2553 333 2593 Casside]
360 2553 486 2584 Galeam
497 2553 570 2585 inde
581 2553 699 2584 dictam
711 2553 804 2585 fuisse

143 2612 266 2638 navem,
290 2607 402 2644 putant
429 2602 579 2634 Heinsius
607 2602 647 2633 ad
676 2603 707 2633 h.
730 2603 751 2634 1.
774 2609 806 2634 et

143 2650 274 2682 Vossius
288 2651 326 2682 de
336 2651 432 2682 Vitiis
445 2651 606 2682 sermonis.
621 2651 640 2682 i.
657 2663 726 2694 cap.
739 2652 759 2682 i.
775 2659 806 2683 et

143 2700 216 2732 hinc
240 2700 367 2732 Galeras
389 2711 456 2732 esse
480 2711 575 2732 naves
590 2706 699 2743 postea
714 2711 805 2732 voca-

143 2755 200 2781 tas.
215 2761 244 2780 v.
261 2750 368 2781 Burm.
414 2751 563 2781 HARLES.

189 2803 288 2834 VOL.
304 2803 348 2834 ΙΙ.

907 1419 937 1449 6.
964 1417 1164 1458 Quamlibet]
1192 1416 1223 1447 h.
1241 1426 1269 1447 e.
1285 1415 1439 1457 quamvis,
1456 1425 1528 1446 cum

863 1468 934 1499 aliis
954 1468 1115 1498 Ciofanius
1138 1466 1252 1498 rectius
1275 1465 1374 1506 legit:
1398 1466 1528 1505 qualibet

863 1524 941 1554 arte,
958 1517 1005 1548 vel
1029 1527 1126 1552 remo,
1145 1516 1195 1546 vel
1211 1515 1291 1551 velo,
1306 1514 1437 1545 dederat
1456 1514 1529 1544 Me-

863 1567 945 1598 rula.
992 1567 1142 1596 HARLES.

900 1618 932 1648 9.
951 1617 1087 1646 Primum
1096 1616 1299 1657 mihicognita
1311 1613 1431 1654 terris]
1453 1613 1531 1644 Cen-

865 1668 943 1698 chr-is
953 1678 964 1704 ,-
1004 1676 1078 1696 narn
1113 1665 1349 1706 Peloponnesus
1386 1664 1530 1704 (auctore

868 1716 1023 1747 Plin.lib.
1038 1715 1079 1745 iv.
1103 1725 1173 1756 cap.
1186 1713 1234 1753 4.)
1254 1713 1341 1755 jacet
1364 1712 1445 1743 inter
1468 1712 1530 1743 duo

865 1765 975 1801 maria,
1004 1766 1143 1805 AEgeum
1177 1771 1208 1794 et
1246 1762 1381 1798 Ionium,
1411 1761 1531 1804 platani

867 1815 938 1846 folio
961 1814 1072 1845 similis
1094 1819 1220 1856 propter
1241 1812 1409 1854 angulosos
1431 1822 1533 1842 reces-

866 1876 928 1896 sus.
954 1862 1123 1905 Angustia,
1138 1862 1222 1894 unde
1234 1861 1388 1904 procedit,
1402 1861 1534 1892 isthmos

867 1915 1055 1958 appellatur.
1114 1913 1150 1944 In
1176 1924 1212 1944 eo
1235 1913 1303 1944 loco
1326 1917 1493 1954 erumpunt
1516 1922 1533 1942 e

867 1964 999 2000 diverso,
1013 1975 1083 2005 quae
1098 1963 1184 1994 dicta
1199 1968 1281 1997 sunt,
1294 1961 1407 1992 maria:
1425 1961 1534 1992 Corin-

866 2013 989 2045 thiacus
1011 2013 1096 2048 hinc,
1112 2011 1199 2042 illinc
1212 2010 1378 2042 Saronicus
1393 2010 1534 2052 appella-

868 2069 918 2094 tur
945 2063 1041 2094 sinus.
1087 2061 1219 2092 Lecheae
1250 2060 1335 2096 hinc,
1361 2060 1532 2091 Cenchreae

867 2112 967 2148 illinc,
994 2110 1207 2153 angustiarum
1234 2109 1358 2140 termini
1386 2109 1479 2151 longo
1504 2116 1536 2141 et

869 2161 999 2204 ancipiti
1023 2160 1150 2191 navium
1175 2159 1304 2190 ambitu.
1349 2159 1412 2190 Sed
1429 2165 1535 2190 tamen

869 2216 901 2242 et
923 2212 1012 2242 terris
1035 2221 1097 2240 non
1119 2220 1218 2250 usque
1242 2208 1320 2239 adeo
1339 2207 1535 2239 incommode

869 2260 1001 2301 legetur,
1017 2270 1071 2302 pro
1087 2261 1146 2289 oris
1161 2258 1282 2289 scilicet
1295 2262 1472 2299 acceptum.
1496 2258 1535 2288 In

873 2309 1016 2340 Cenchris
1034 2314 1138 2339 autem
1157 2307 1252 2339 etiam
1267 2307 1367 2348 figura
1389 2306 1537 2348 synizesis

872 2358 1068 2389 admittenda
1080 2362 1127 2388 est
1139 2369 1144 2386 :
1169 2362 1204 2387 ut
1216 2357 1374 2387 Cenchreis
1384 2356 1535 2397 trissylla-

870 2409 957 2444 bum,
970 2419 1025 2450 pro
1048 2406 1220 2448 dissyllabo
1243 2406 1276 2436 in
1297 2405 1460 2436 scansione
1484 2416 1536 2436 ve-

873 2456 950 2487 niat.
995 2457 1089 2486 Man.

917 2507 968 2536 13.
995 2506 1078 2536 Ostia
1105 2505 1196 2534 Ponti
1218 2503 1321 2543 secet]
1358 2503 1443 2533 Ostia
1465 2508 1539 2534 sunt

873 2554 977 2585 aditus
992 2553 1155 2584 fluminum
1169 2553 1201 2583 in
1217 2562 1314 2582 mare.
1360 2552 1464 2582 Pom.

921 2605 969 2634 15.
1007 2602 1045 2633 Ιη
1073 2602 1178 2642 mara]
1219 2602 1257 2631 In
1277 2601 1536 2642 Hellespontum:

873 2663 946 2683 nam
970 2662 1054 2682 mare
1072 2651 1135 2681 alia
1150 2650 1219 2681 aliis
1242 2649 1427 2691 cognomina
1449 2660 1538 2681 acce-

874 2701 942 2743 pit:
970 2700 1022 2731 ubi
1054 2700 1138 2730 enim
1162 2699 1296 2742 primum
1325 2710 1357 2729 se
1387 2705 1537 2736 coarctat,

877 2751 1102 2790 Hellespontum
1119 2759 1287 2788 vocamus;
1310 2749 1408 2780 ubi‘se
1423 2759 1540 2791 expan-

995 2803 1026 2832 N
