1760 3172
194 168 278 208 376

581 167 629 208 Ρ.
664 167 873 208 OVIDII
909 167 1184 208 NASONIS

198 283 279 328 Sic
306 298 397 344 ego
422 289 705 329 constanter
730 281 947 328 studium
974 298 1071 328 non
1099 282 1216 328 utilc
1241 297 1417 344 carpo;

264 359 327 406 Et
354 367 539 422 repeto,
566 361 746 407 nollem
773 375 895 424 quas
921 359 1149 413 coluisse,
1179 359 1327 406 DeaS.

196 435 325 489 Quid
353 437 516 499 potius
541 437 750 484 faciam?
778 453 873 483 non
898 453 1023 491 sum,
1051 436 1135 498 qui
1161 436 1332 497 segnia
1355 436 1533 482 ducam

262 512 405 560 Otia:
435 531 563 560 mors
589 514 729 561 nobis
754 521 951 577 tempus
977 514 1186 560 habetur
1211 513 1355 559 iners.

197 588 302 636 Nec
321 590 461 651 juvat
481 591 530 637 in
552 591 714 637 lucem
735 590 884 637 nimio
910 605 1214 637 marcescere
1236 589 1346 635 vino
1369 607 1379 642 ;
1503 591 1565 635 45

262 665 369 713 Nec
396 673 532 714 tenet
556 668 767 714 incertas
793 668 900 715 alea
925 667 1105 713 blanda
1129 682 1319 713 manus.

194 741 359 795 Quum
374 743 600 790 dedimus
616 759 805 799 somno,
819 760 942 806 quas
959 760 1139 807 corpus
1156 743 1390 806 postulat,
1403 743 1562 796 horas,

260 817 370 872 Quo
396 836 574 883 ponam
599 821 805 883 vigilans
826 829 1049 884 tempora
1071 821 1218 883 longa
1242 820 1420 866 modo?

195 895 350 942 Moris
376 913 436 953 an
462 898 644 944 oblitus
670 899 829 962 patrii,
857 899 1155 946 contendere
1180 897 1368 944 discam

262 972 562 1021 Sarmaticos
587 991 728 1021 arcus
748 972 822 1022 f'et
846 975 1010 1022 trahar
1036 982 1139 1021 arte
1164 974 1292 1021 loci?
1502 976 1566 1019 50

194 1047 304 1095 Hoc
320 1065 519 1112 quoque
536 1067 613 1098 me
629 1013 846 1098 studium
862 1052 1126 1114 prohibent
1145 1051 1403 1097 adsumere
1414 1049 1538 1096 vires
1553 1067 1562 1106 ;

259 1126 507 1189 Mensque
528 1129 683 1190 magis
709 1129 877 1190 gracili
903 1144 1105 1191 corpore
1131 1135 1297 1175 nostra
1319 1128 1463 1175 valet.

194 1203 359 1257 Quum
370 1205 497 1252 bene
508 1206 777 1267 quaesieris,
791 1206 910 1268 quid
929 1205 1256 1267 agam,«‘rnagis
1273 1204 1393 1251 utile
1409 1204 1475 1250 nil
1492 1211 1568 1250 est

259 1279 462 1327 Artibus
485 1276 709 1344 his2.f'quae
735 1282 802 1328 nil
826 1282 1052 1329 utilitatis
1078 1282 1276 1328 habent.

195 1355 489 1419 Consequor
513 1374 576 1404 ex
601 1358 698 1404 illis
723 1375 868 1405 casus
893 1358 1072 1405 oblivia
1095 1358 1276 1414 nostri;

1504 1359 1566 1403 55

261 1432 420 1490 Hanc,
449 1435 566 1481 satis
588 1442 679 1491 est,
701 1452 913 1503 messem
931 1435 979 1496 si
1004 1450 1116 1481 mea
1139 1435 1299 1482 reddit
1322 1435 1500 1480 humus
1520 1451 1530 1480 ε

194 1510 363 1556 Gloria
386 1526 471 1556 vos
498 1517 670 1568 acuat;
699 1506 800 1566 vos,
829 1518 883 1558 ut
907 1511 1112 1559 recitata
1135 1512 1404 1575 probentur

258 1586 506 1642 Carmina,
536 1587 710 1635 Pieriis
736 1589 985 1651 invigilate
1009 1589 1186 1636 choris.

192 1663 340 1717 Quod
364 1664 496 1711 venit
520 1681 582 1712 ex
608 1665 754 1722 facili,
783 1666 902 1713 satis
929 1674 1005 1714 est
1029 1682 1326 1729 componere
1352 1666 1520 1716 nobis;

260 1740 324 1787 Et
349 1741 493 1787 nimis
520 1742 693 1789 intenti
720 1759 871 1790 causa
895 1743 1075 1790 laboris
1097 1743 1253 1790 abest.
1503 1745 1565 1788 60

193 1818 294 1863 Cur
319 1834 411 1880 ego
438 1819 648 1866 sollicita
672 1820 852 1883 poliam
879 1836 989 1867 mea
1013 1820 1230 1866 carmina
1255 1820 1404 1866 cura?

258 1893 333 1941 An
360 1911 541 1950 verear,
569 1912 628 1942 ne
655 1913 752 1942 non
778 1896 1018 1960 adprobet
1041 1895 1123 1942 illa
1149 1895 1339 1942 Getes?

232 2107 282 2137 41.
299 2109 438 2138 Semnum
457 2120 513 2139 non
529 2112 606 2140 utile
619 2111 726 2151 servm]
747 2112 845 2150 Carpo

190 2166 242 2185 sex
259 2155 345 2193 libri;
360 2156 391 2186 id
405 2162 452 2187 est
468 2158 670 2199 reprehendo.
708 2160 823 2190 Ilmxs.

232 2205 286 2235 44.
318 2205 441 2245 Tempus
470 2208 575 2248 iners]
615 2208 750 2250 Tempus
778 2208 843 2238 sine

189 2253 253 2283 ulla
267 2254 498 2285 exercitatione.

232 2302 285 2332 46.
304 2302 416 2333 Manus
438 2303 593 2344 incertas]
618 2305 734 2334 Manus
757 2304 844 2345 igna-

188 2359 236 2380 ras
251 2349 397 2387 victoriae,
415 2357 468 2382 aut
479 2353 621 2393 jacturae.

231 2399 283 2430 49.
307 2399 399 2430 Moris
421 2401 542 2441 patrii]
573 2401 755 2443 Disciplinzc
781 2403 844 2433 Ro-

189 2458 303 2479 manae.

231 2499 283 2528 50.
300 2498 340 2528 Et
365 2500 470 2529 trahar
489 2508 554 2529 arte
577 2499 660 2539 loch]
687 2500 727 2530 Et
744 2499 843 2530 vivam

189 2545 234 2575 his
251 2546 379 2583 artibus,
398 2547 510 2589 quibus
525 2547 637 2578 vivitur
651 2548 750 2578 Tomi.

230 2595 281 2625 51.
300 2595 363 2626 Hoc
379 2597 543 2637 studium]
572 2597 661 2627 Hanc
679 2596 843 2638 jaculandi

189 2648 296 2674 artem.

955 2111 1006 2140 52.
1020 2111 1119 2151 Magis
1136 2110 1209 2139 vale!
1223 2110 1335 2149 gracili
1347 2119 1476 2147 corpore,
1488 2109 1563 2148 cxc-J

913 2158 1016 2199 Magis
1031 2158 1124 2199 viget,
1141 2168 1234 2199 quam
1254 2164 1346 2188 tenue
1365 2162 1395 2187 et
1415 2157 1564 2187 macilen-

914 2214 977 2237 tum
993 2217 1103 2248 corpus
1120 2217 1231 2237 meum.

957 2257 1010 2286 56.
1034 2256 1124 2286 Hunc
1149 2256 1290 2296 messem]
1329 2255 1420 2285 Hanc
1449 2255 1565 2285 utilita-

911 2309 984 2340 tem,
1005 2311 1038 2335 ut
1061 2304 1140 2335 mala
1160 2304 1334 2339 obliviscar,
1356 2304 1428 2334 dum
1455 2304 1565 2334 studiis

911 2353 1040 2394 poeticis
1061 2364 1185 2394 operam
1211 2353 1261 2383 do.
1307 2354 1338 2383 Si
1364 2363 1427 2383 mea
1451 2354 1565 2383 hunms.

911 2401 942 2432 Si
958 2413 1059 2433 mcum
1075 2403 1243 2443 ingenium.

954 2453 1005 2482 60.
1030 2452 1144 2492 [ihesu]
1169 2453 1302 2483 Remota
1323 2457 1388 2482 est:
1414 2451 1488 2492 quia
1509 2462 1565 2482 nec

910 2501 1018 2541 gloria,
1035 2512 1091 2532 nec
1102 2512 1170 2542 spes
1185 2501 1312 2537 reditus,
1325 2508 1378 2532 aut
1395 2501 1456 2532 alia
1471 2511 1564 2531 causa

911 2549 985 2580 mihi
1002 2550 1148 2587 obfertur,
1164 2562 1224 2592 qua
1244 2551 1376 2582 debeam
1396 2551 1495 2582 facere
1510 2562 1562 2592 op-

912 2598 988 2629 tima
1002 2600 1149 2630 carmina.
