1760 3172
231 171 316 214 482

620 171 672 212 P.
706 168 893 211 OVIDI
903 169 924 210 Ι
959 169 1238 211 NASONIS

232 288 377 334 Arcis
404 294 459 333 ut
482 285 667 333 Actaeae
685 285 760 340 vel
787 285 990 341 eburna,
1011 284 1088 331 vel
1114 300 1253 332 aenea
1277 291 1447 332 custos

301 362 495 411 Bellica
520 362 763 410 Phidiaca
787 368 887 408 stat
913 361 1023 409 Dea
1043 360 1175 409 facta
1198 378 1376 417 manu;

233 440 482 488 Vendicat
499 448 554 487 ut
571 439 791 487 Calamis
816 439 1033 495 laudem,
1052 455 1177 502 quos
1198 439 1331 495 fecit,
1349 453 1592 501 equorum
1610 455 1621 492 ;

304 518 376 565 Ut
400 517 576 565 similis
601 534 729 565 verae
755 533 908 565 vacca
933 515 1161 581 Myronis
1187 532 1342 580 opus3

236 593 320 642 Sic
342 611 434 657 ego
454 611 567 659 pars
589 611 753 643 rerum
779 611 877 642 non
897 593 1088 650 ultima,
1110 593 1282 649 Sexte,
1299 599 1513 646 tuarum,
1562 593 1624 636 35

299 671 594 736 Tutelaeque
620 672 748 720 feror
771 688 951 719 munus
977 686 1205 735 opusque
1229 676 1343 717 tuae.

657 990 1092 1040 EPISTOLA
1138 990 1207 1037 II.

775 1114 1084 1157 *SEVERQ

237 1220 398 1276 QUOD
426 1221 567 1283 legis,
594 1236 623 1267 o
647 1226 784 1267 vates
810 1234 1104 1282 magnorum
1129 1218 1347 1267 maxime
1372 1235 1560 1283 regum,

303 1298 453 1345 Venit
477 1299 540 1344 ab
566 1297 775 1344 intonsis
801 1313 978 1361 usque,
1009 1296 1208 1354 Severe,
1238 1296 1397 1344 Getis.

279 1443 332 1474 31.
349 1444 436 1474 Arcis
456 1450 492 1473 ut
508 1443 643 1484 Actaeae.]
669 1442 798 1474 Phidias
821 1454 900 1485 praen

236 1497 283 1523 ter
303 1493 426 1528 Jovem,
448 1491 523 1523 fecit
545 1497 577 1523 et
603 1502 641 1523 ex
666 1493 757 1523 ebore
780 1492 902 1523 Miner-

237 1553 308 1573 vam
324 1541 472 1579 Athenis,
487 1547 519 1572 et
544 1552 582 1572 ex
606 1552 665 1572 aere
692 1547 757 1572 tam
778 1541 900 1573 eximiae

236 1590 493 1633 pulchritudinis,
512 1597 546 1622 ut
573 1601 591 1622 a
613 1591 710 1622 forma
730 1602 903 1633 cognomen

237 1640 407 1682 acceperit.
454 1641 505 1671 De
530 1640 645 1682 quibus
666 1640 717 1671 hie
739 1646 832 1683 poeta
855 1641 901 1672 in-

234 1689 362 1731 telligit.
414 1690 487 1721 Fuit
520 1695 551 1721 et
589 1690 622 1720 in
655 1700 726 1721 arce
760 1690 901 1722 Athena-

236 1750 305 1770 rum
330 1739 484 1770 Minervae
513 1738 730 1775 simulacrum,
764 1740 804 1771 de
839 1751 902 1782 quo

236 1788 321 1820 fama
336 1788 504 1825 increbuit,
521 1788 605 1830 quod
621 1788 660 1820 de
681 1789 762 1820 coelo
777 1789 900 1821 cecide-

236 1838 287 1869 rit.

280 1887 413 1928 Actaeoe]
431 1887 464 1918 h.
476 1897 503 1918 e.
515 1887 728 1924 Atheniensis,
739 1889 778 1919 ab
790 1887 900 1919 Actaeo

236 1936 335 1978 primo
363 1947 435 1977 rege
461 1936 493 1966 in
517 1947 556 1967 ea
580 1938 716 1978 regione,
737 1948 808 1978 quae
830 1942 901 1979 post

237 1986 346 2016 Attica
370 1985 531 2016 nominata
551 1991 609 2022 est,
624 1997 655 2017 v.
679 1987 815 2017 Pausan.
830 1986 853 2017 i.
871 1987 901 2017 2.

236 2046 268 2076 p.
290 2036 320 2065 7.
346 2041 400 2066 aut
426 2035 466 2065 ab
490 2034 575 2077 ἀκτῇ
600 2034 715 2066 littore.
752 2037 901 2068 HARLES.

240 2084 344 2115 Custos
359 2085 475 2115 bellica.
500 2084 571 2115 Dea
584 2084 662 2115 belli
677 2084 834 2122 Minerva,
852 2096 900 2116 ar-

238 2131 322 2164 cium
338 2139 442 2164 custos
458 2138 489 2164 et
503 2144 629 2174 praeses.

281 2184 336 2213 32.
368 2183 464 2223 Stat]
493 2182 567 2213 Non
590 2182 689 2219 sedet,
715 2181 771 2213 sed
796 2189 901 2215 erecta

236 2238 269 2263 et
284 2238 369 2263 stans
385 2232 485 2274 posita
505 2232 574 2263 fuit.
622 2232 721 2263 Manu
739 2233 900 2264 Phidiaca.

237 2281 340 2312 Manu
358 2281 479 2312 Phidiae
496 2280 708 2319 Atheniensis,
724 2281 777 2323 qui
798 2282 900 2313 floruit

237 2330 417 2372 olympiade
433 2329 625 2371 octogesima
640 2336 762 2372 quarta,
778 2331 901 2363 circiter

238 2379 457 2411 tercentesimo
474 2380 625 2410 Romanae
642 2380 727 2411 urbis
742 2391 835 2411 anno.

281 2430 334 2460 33.
358 2429 504 2460 Vendicat
523 2436 558 2459 ut
577 2430 734 2470 Calamis-J
763 2430 900 2460 Calamis

238 2478 285 2510 sui
315 2478 462 2520 temporis
492 2479 635 2519 egregius
664 2478 795 2510 artifex:
827 2479 901 2510 fecit

237 2527 322 2559 enim
339 2527 507 2569 quadrigas
525 2529 659 2559 maxime
681 2529 838 2567 celebres3
861 2529 900 2560 de

239 2587 301 2618 quo
329 2576 461 2613 Plinius,
489 2577 543 2608 lib.
569 2577 674 2609 xxxiv.
701 2588 772 2620 cap.
794 2580 824 2609 8.
850 2578 901 2609 ubi

237 2625 373 2666 legenda
401 2633 473 2657 sunt
505 2626 633 2657 humani
663 2626 778 2668 ingenii
807 2627 899 2658 mira-

241 2675 324 2710 cula,
354 2674 468 2716 quibus
495 2675 642 2707 inclaruit
671 2676 798 2708 Graecia
834 2677 900 2714 illa,

240 2724 376 2755 omnium
400 2724 512 2756 artium
538 2735 660 2767 parens,
682 2726 772 2767 cujus
799 2725 899 2757 insan-

967 1443 1040 1474 dam
1064 1448 1177 1474 sortem
1203 1452 1295 1473 nemo
1317 1441 1392 1473 satis
1415 1453 1497 1473 nunc
1520 1443 1629 1485 lugere

966 1498 1078 1535 potest.

1010 1542 1064 1572 34.
1084 1541 1126 1572 Ut
1140 1543 1244 1572 similis
1259 1541 1362 1582 verm]
1377 1541 1428 1572 De
1443 1542 1577 1583 Myrone
1592 1553 1630 1574 ac

969 1591 1036 1633 ejus
1050 1600 1149 1621 vacca
1168 1590 1263 1621 etiam
1280 1590 1402 1621 Plinius
1417 1591 1534 1622 scribit.
1580 1593 1629 1623 Si-

969 1640 1049 1670 milis
1074 1651 1159 1670 verae.
1183 1638 1299 1670 Similis
1322 1650 1427 1671 vaccae
1456 1640 1629 1672 vivae.——In

970 1699 1099 1720 vaccam
1118 1689 1273 1730 MyroniS,
1287 1689 1438 1726 statuarii,
1454 1688 1630 1722 Eleatheris

969 1737 1046 1775 nati,
1064 1748 1170 1769 vaccae
1193 1738 1272 1769 vivae
1297 1738 1501 1777 simillimam,
1521 1740 1630 1772 bellis-

968 1787 1047 1819 sima
1075 1793 1149 1819 sunt
1181 1788 1407 1830 epigramata
1441 1789 1474 1820 in
1498 1789 1630 1822 Anthol.

968 1837 1075 1880 Epigr.
1091 1838 1195 1869 Graec.
1210 1838 1265 1869 lib.
1275 1838 1320 1869 iv.
1357 1839 1506 1871 HARLES.

1011 1937 1030 1956 ’ἒ
1043 1936 1204 1977 SEVERO]
1224 1937 1296 1968 Duo
1311 1937 1438 1968 fuerunt
1451 1943 1562 1979 poetae,
1574 1950 1629 1971 no-

970 1986 1052 2018 mine
1081 1986 1205 2025 Severi;
1235 1987 1314 2018 alter
1336 1987 1463 2018 Cassius
1486 1989 1629 2028 Severus,

968 2036 1147 2068 Parmensis
1169 2036 1282 2078 patria,
1298 2036 1351 2078 qui
1374 2035 1407 2066 in
1426 2037 1493 2068 acie
1508 2038 1628 2082 Philip-

967 2087 1040 2128 pica
1063 2096 1118 2128 pro
1142 2086 1252 2117 Cassio
1272 2096 1308 2116 ac
1335 2086 1433 2116 Bruto
1454 2089 1626 2128 pugnavit:

967 2146 1039 2167 mox
1054 2135 1197 2167 Athenas
1217 2145 1285 2166 sese
1300 2135 1445 2172 contulit,
1459 2136 1513 2167 ubi
1528 2147 1546 2168 a
1562 2138 1628 2170 Va-

966 2185 1023 2221 rio,
1043 2184 1172 2215 consilio
1196 2189 1292 2226 atque
1315 2184 1465 2216 instinctu
1481 2185 1628 2228 Augusti,

967 2234 1088 2265 occisus
1108 2233 1241 2264 dicitur:
1266 2233 1305 2265 de
1326 2245 1388 2276 quo
1408 2234 1466 2266 hoc
1489 2235 1556 2267 loco
1577 2237 1625 2268 in-

969 2283 1066 2325 telligi
1087 2294 1148 2314 non
1170 2289 1285 2325 potest,
1301 2284 1428 2325 quando
1443 2284 1510 2316 haec
1525 2288 1628 2327 proxi-

967 2343 1018 2363 mo
1038 2339 1109 2364 ante
1124 2332 1261 2374 Augusti
1281 2333 1400 2364 obitum
1416 2343 1498 2365 anno
1512 2335 1628 2378 scripta

968 2388 1050 2413 sunt.
1081 2383 1195 2424 Neque
1207 2383 1301 2414 etiam
1312 2382 1525 2415 celebraturus
1536 2391 1628 2426 poeta

967 2431 1091 2463 videtur
1113 2443 1196 2468 eum,
1212 2443 1306 2474 quem
1320 2432 1483 2474 Augustus
1502 2433 1628 2467 odisset.

968 2481 1058 2512 Alter
1087 2481 1145 2512 fuit
1173 2480 1336 2513 Cornelius
1364 2482 1505 2519 Severus,
1533 2490 1627 2525 poeta

968 2530 1086 2572 epicus.
1108 2531 1148 2561 de
1171 2541 1233 2572 quo
1254 2531 1397 2562 meminit
1418 2531 1552 2568 Quintil.
1574 2533 1626 2564 In-

968 2580 1032 2611 stit.
1048 2581 1137 2611 Orat.
1148 2579 1204 2610 lib.
1217 2592 1247 2611 x.

1015 2630 1041 2659 l.
1062 2629 1147 2660 Vates
1159 2640 1334 2670 magnorum
1354 2631 1479 2660 maxime
1492 2631 1623 2671 vatum]

967 2677 1065 2709 Multi
1103 2689 1141 2709 ex
1171 2677 1307 2719 antiquis
1341 2680 1466 2709 maxime
1497 2690 1626 2719 regum,-

967 2727 1060 2768 probe
1074 2739 1080 2757 t
1106 2726 1186 2758 infra
1199 2727 1289 2768 Eleg.
1306 2726 1363 2758 ult.
1379 2727 1419 2758 9:
