1760 3172
178 182 264 224 282

563 179 613 219 P.
647 175 863 218 OV1D11
898 174 1179 217 NASONIS

186 298 339 344 Utere
364 294 692 358 temporibus,
716 307 927 354 quorum
953 306 1082 337 nunc
1109 305 1312 337 munere
1337 289 1463 336 freta
1486 306 1540 336 es
1561 305 1569 335 :

251 373 355 420 En!
395 379 537 436 patet
563 370 612 417 in
638 369 810 416 laudes
837 383 952 415 area
976 368 1076 415 lata
1101 375 1228 414 tuas.

653 681 977 730 ELEGIA
1019 680 1108 727 IV.

189 843 232 890 O
263 857 380 897 QUI,
409 839 691 887 nominibus
718 854 872 902 quum
899 838 967 885 sis
993 852 1263 900 generosus
1290 833 1449 888 avitis,

257 918 547 981 Exsuperas
573 932 765 963 morum
792 914 1050 962 nobilitate
1076 928 1261 974 genus3

191 995 351 1059 Cujus
376 994 507 1041 inest
531 993 696 1040 animo
722 991 867 1056 patrii
893 990 1122 1037 candoris
1148 989 1328 1050 imago,

259 1072 373 1119 Non
399 1078 567 1119 careat
590 1070 752 1117 nervis
777 1069 965 1116 candor
988 1077 1043 1115 ut
1068 1068 1161 1114 iste
1188 1066 1290 1112 suis
1312 1084 1321 1118 ;

193 1149 352 1212 Cujus
377 1149 426 1195 in
452 1147 652 1210 ingenio
679 1146 852 1210 patriae
873 1145 1110 1193 facundia
1133 1145 1316 1205 linguae
1343 1148 1436 1194 est,
1555 1143 1583 1186 5

260 1225 374 1280 Qua
397 1225 529 1289 prior
553 1225 603 1271 in
631 1224 774 1271 Latio
799 1240 897 1271 non
922 1223 1017 1270 fuit
1041 1223 1140 1269 ulla
1165 1221 1298 1277 foro;

193 1303 342 1359 Quod
367 1303 570 1350 minime
593 1302 743 1358 volui,
771 1301 946 1365 positis
972 1316 1061 1364 pro
1086 1298 1285 1346 nomine
1311 1295 1466 1359 signis

263 1381 443 1428 Dictus
469 1397 550 1437 es3
592 1380 823 1443 ignoscas
849 1378 1081 1427 laudibus
1106 1376 1204 1423 ista
1227 1374 1344 1421 tuis.

194 1500 299 1541 tunm]
318 1499 432 1531 Malim
448 1501 558 1531 titulis.
580 1499 700 1530 Hssms.
750 1499 857 1529 Tituli.

195 1550 323 1582 Laudis.
382 1550 538 1590 Caputque
566 1548 779 1589 Conspicuum.
818 1548 859 1578 Et

195 1605 250 1632 tua
265 1599 366 1642 pietas
382 1599 478 1630 habet
493 1609 555 1640 quo
571 1598 661 1629 tollat
676 1603 771 1640 caput
787 1608 859 1628 con—

195 1659 352 1691 spicuum.

241 1698 293 1728 83.
320 1697 453 1731 Quorum
469 1707 551 1727 nunc
566 1695 786 1737 mune-refreta
806 1695 859 1736 es.]

197 1747 237 1777 In
251 1746 344 1786 MSS.
360 1745 486 1776 Richel.
508 1751 587 1781 erat,
604 1757 729 1786 quorum
747 1747 800 1775 tibi
814 1757 861 1776 co-

194 1798 248 1836 pia
264 1807 347 1826 nunc
367 1801 429 1831 est,
455 1794 511 1825 sed
532 1805 635 1835 neque
657 1793 716 1824 hoe
737 1804 862 1824 sensum

198 1849 306 1886 aptum
322 1844 414 1875 facit:
438 1843 471 1874 in
492 1851 625 1885 quatuor
644 1843 723 1878 aliis,
737 1854 862 1883 quorum

200 1901 235 1925 tu
249 1905 373 1924 munere
378 1893 466 1935 freta
483 1904 511 1923 es
522 1904 532 1930 ‚·
557 1892 589 1922 in
603 1892 722 1922 Lovan.
739 1903 864 1932 qnorum

199 1945 263 1979 sic,·
288 1943 320 1973 in
335 1943 444 1984 optim.
469 1941 573 1972 Codd.
590 1940 719 1972 Junian.
732 1947 763 1971 et
776 1941 864 1971 Leid.

204 1993 340 2027 Quorum
356 2004 416 2022 non,
430 1991 649 2032 inuuerefi·eta
666 2001 715 2027 es,
734 2001 771 2021 ex
788 2001 864 2032 quo-

203 2051 270 2072 rum
286 2040 425 2081 vestigiis
441 2039 556 2070 rectius
568 2038 631 2079 legi
644 2045 745 2080 posset
758 2052 763 2069 :

252 2089 343 2120 Utere
365 2090 553 2128 temporibus,
569 2099 695 2128 quorum
720 2100 778 2118 ηυη
802 2099 866 2117 rnu-

332 2149 401 2169 nere
416 2143 522 2178 spreto,

294 2188 342 2218 En
356 2194 437 2228 patet
455 2189 485 2217 in
502 2188 604 2217 laudes
614 2198 683 2217 area
701 2187 762 2216 latu
780 2192 846 2215 tuas
858 2186 868 2214 .'

206 2239 302 2269 Utere
326 2236 503 2267 infelicibus
528 2235 629 2265 mariti
652 2235 696 2265 tui
719 2234 866 2275 tempori-

204 2287 274 2322 bus,
295 2295 426 2326 quorum
449 2295 576 2319 munuS,
599 2283 630 2313 id
650 2288 709 2319 est,
731 2281 868 2313 occasio-

207 2345 279 2365 nem
308 2334 332 2364 si
361 2345 424 2364 non
450 2343 590 2375 spernas,
617 2332 727 2374 ingens
756 2331 812 2362 tibi
838 2331 868 2361 in

207 2383 319 2414 laudes
346 2394 419 2414 area
446 2382 579 2424 patebit,
605 2387 637 2413 et
668 2382 713 2413 ita
741 2381 810 2416 erit,
837 2386 871 2411 ut

209 2432 284 2463 alibi
300 2431 389 2468 dicit,
411 2431 525 2473 aliquis
540 2442 614 2462 usus
630 2431 660 2462 in
678 2431 752 2473 ipsis
767 2430 869 2461 malis.

211 2482 346 2512 RIunera
372 2491 443 2511 vero
467 2486 498 2511 et
522 2483 599 2512 dona
632 2480 789 2521 temporiS,
818 2480 873 2510 ob-

210 2530 261 2561 via
277 2535 309 2560 et
329 2530 457 2571 elegans
473 2529 587 2559 locutio
602 2541 606 2558 :
633 2529 676 2559 itu
692 2528 827 2566 Quintil.
842 2540 871 2559 x.

210 2580 243 2610 6.
286 2580 433 2621 qu'uture
467 2573 605 2618 temporis*
633 2591 756 2609 'munera
788 2579 874 2619 lunge

210 2629 416 2659 stultissimum
432 2640 440 2664 ,-
466 2627 549 2669 quod
567 2627 651 2658 idem
668 2632 715 2659 est
735 2638 770 2658 ac
790 2638 870 2666 sper—

212 2688 293 2708 nere.
328 2678 444 2708 Bunm.

257 2726 285 2756 E
321 2725 459 2767 vestigiis
497 2725 639 2757 codicum
677 2724 805 2756 Juniani
844 2731 873 2755 et

924 1495 1100 1530 Leidensis,
1127 1505 1252 1535 quorum
1276 1504 1335 1523 non
1358 1502 1481 1521 munere
1500 1490 1589 1529 freta

925 1558 963 1583 es,
983 1545 1099 1576 rectius
1123 1543 1185 1584 legi
1208 1553 1299 1585 posse
1322 1546 1465 1572 autumat
1481 1540 1589 1570 Burni.

925 1607 1050 1637 qnorum
1064 1606 1123 1624 non
1138 1603 1261 1623 munere
1272 1598 1378 1631 spreto,
1390 1591 1491 1621 Εη-.
1503 1591 1591 1620 Sens.

927 1651 1012 1675 utere
1027 1642 1206 1674 infelicibus
1217 1640 1317 1671 mariti
1329 1640 1374 1671 tui
1388 1639 1590 1681 temporibus,

928 1704 1060 1736 quorum
1082 1702 1206 1727 munus,
1224 1690 1256 1722 id
1276 1695 1323 1721 est
1343 1689 1549 1725 occasionem,
1566 1689 1591 1718 si

930 1754 990 1773 non
1006 1752 1145 1784 spernas,
1157 1740 1267 1781 ingens
1282 1738 1338 1769 tibi
1350 1738 1381 1769 in
1397 1737 1508 1768 laudes
1521 1747 1593 1768 area

929 1791 1062 1834 patebit,
1080 1796 1112 1821 et
1130 1790 1174 1820 ita
1196 1789 1266 1825 erit,
1283 1795 1317 1819 ut
1337 1787 1412 1818 alibi
1431 1786 1521 1823 (licit,
1537 1787 1592 1818 ali-

905 1875 911 1879 ,
931 1841 1001 1883 quis
1015 1851 1089 1871 usus
1103 1840 1135 1870 in
1149 1838 1225 1881 ipsis
1240 1837 1343 1868 malis.
1382 1837 1528 1867 Hanni-35.

976 1941 1006 1969 4.
1031 1938 1167 1979 Ner-via]
1211 1936 1367 1978 Equidem
1395 1936 1595 1967 vehementer

933 1989 1054 2025 dubito,
1069 1999 1143 2019 num
1166 1986 1293 2018 candori
1316 1992 1398 2016 recte
1421 1985 1596 2016 tribuantur

936 2041 1036 2069 nervi:
1061 2043 1145 2067 certe
1163 2036 1270 2066 durius
1291 2034 1411 2066 dictum
1428 2034 1594 2065 videretur.

934 2088 1040 2123 Quare
1063 2097 1135 2117 cum
1150 2086 1331 2116 Burmanno
1351 2083 1509 2114 meliorem
1531 2093 1598 2114 esse

935 2143 1010 2178 puto
1024 2136 1190 2167 lectionem
1202 2134 1295 2165 codd.
1304 2133 1444 2169 =Iuniani,
1458 2134 1597 2164 Bernen-

935 2186 975 2217 sis
1004 2191 1035 2217 et
1059 2185 1217 2217 sexdecim
1246 2183 1389 2219 aliorum,
1415 2195 1471 2213 non
1496 2190 1599 2214 careat

938 2237 1081 2270 numeris,
1098 2235 1127 2265 h.
1139 2246 1168 2265 e.
1181 2240 1215 2264 ut
1230 2234 1269 2264 sit
1284 2233 1440 2274 perfectus
1456 2232 1508 2263 ille
1524 2243 1598 2263 can-

937 2285 1003 2315 dor.
1037 2283 1168 2315 Librarii
1190 2293 1262 2313 vero
1287 2293 1387 2312 nervus
1410 2288 1441 2312 et
1464 2293 1599 2313 numeros

937 2345 1019 2376 saepe
1034 2333 1250 2364 confuderant.
1280 2332 1330 2361 lli
1339 2342 1429 2362 nnus.

982 2383 1012 2413 6.
1033 2383 1067 2412 [ιι
1083 2383 1172 2412 Latio
1184 2382 1285 2423 simu]
1314 2381 1350 2410 ln
1368 2381 1510 2410 Romano
1527 2381 1600 2411 som.

940 2431 1148 2462 Messalinum
1171 2436 1274 2461 autem
1297 2429 1347 2460 hic
1371 2436 1494 2472 poetam
1519 2431 1600 2461 arbi-

940 2487 1001 2511 tror
1014 2481 1182 2521 designari.

987 2531 1018 2560 7.
1046 2530 1132 2564 Quod
1147 2531 1266 2559 minime
1284 2528 1390 2569 volun]
1416 2528 1600 2559 Maluissem

942 2585 972 2609 te
998 2589 1070 2609 vero
1098 2578 1220 2609 nomine
1251 2577 1429 2619 adpellare:
1456 2588 1538 2608 nune
1564 2578 1602 2607 ab

942 2628 1099 2669 adjunctis
1115 2633 1146 2658 et
1161 2627 1256 2668 signis
1271 2632 1301 2657 te
1314 2626 1489 2667 significare
1502 2637 1603 2667 cogor.

948 2677 1049 2707 Porvr.

987 2728 1018 2757 8.
1042 2726 1176 2766 lignoscas
1198 2726 1335 2756 laudibus
1355 2727 1413 2764 ipse
1436 2724 1522 2764 tuis]
1544 2723 1603 2754 Ista
