1760 3172
426 163 736 206 TRISTIUM
769 164 888 205 LIB.
922 165 976 206 V.
1012 164 1191 206 ELEG.
1224 165 1280 205 V.
1466 165 1550 207 321

160 279 258 325 Per
282 286 436 343 caput
459 279 566 343 ipse
592 295 735 326 suum
762 280 937 327 solitus
957 281 1141 342 jurare,
1168 288 1428 343 tuumque,
1485 283 1548 330 45

225 355 374 410 Quod
399 357 501 404 scio
527 372 626 403 non
651 356 720 403 illi
745 356 888 403 vilius
913 372 1025 403 esse
1050 374 1168 404 suo:

155 431 314 480 Plena
337 440 412 480 tot
436 449 492 480 ac
517 434 667 480 tantis
693 433 931 481 referatur
955 434 1114 495 gratia
1137 433 1309 492 factis;

224 510 333 557 Nec
359 509 489 557 sinet
513 510 595 557 ille
620 517 732 557 tuos
755 510 874 556 litus
901 526 1038 557 arare
1062 511 1214 557 boves
1234 528 1243 558 :

157 586 255 634 Fac
280 587 428 634 modo
452 595 738 636 constanter
762 587 1026 651 profugum
1051 594 1223 635 tueare
1294 589 1428 651 quod
1449 590 1547 647 ille,

223 663 320 718 Qui
346 665 473 711 bene
499 671 548 711 te
574 665 724 721 novit,
753 681 850 711 non
875 656 1032 726 rogat,
1061 664 1171 727 ipsa
1196 680 1331 727 rogo,
1487 671 1550 713 50

638 989 963 1037 ELEGIA
1009 991 1070 1038 V.

157 1132 393 1179 Amcns
422 1132 689 1179 adsuetum
716 1132 930 1179 dominae
957 1134 1136 1181 natalis
1159 1135 1396 1185 honorem

226 1208 426 1271 Exigit:
467 1209 533 1256 ite
558 1225 734 1256 manus
762 1209 824 1255 ad
849 1209 933 1273 pia
957 1226 1098 1258 sacra
1123 1228 1264 1260 meae.

157 1285 242 1332 Sic
269 1285 522 1348 quondam
547 1285 729 1333 festum
758 1285 984 1333 Laertius
1011 1288 1168 1350 egerit
1193 1289 1337 1336 heros

222 1362 410 1410 Forsan
435 1363 485 1409 in
511 1370 737 1410 extremo
763 1364 995 1426 conjugis
1022 1366 1141 1412 orbe
1168 1366 1317 1414 diem.

155 1439 349 1503 Lingua
371 1440 541 1488 favens
568 1441 715 1496 adsit,
744 1441 1003 1503 longorum
1029 1442 1186 1490 oblita
1211 1445 1469 1501 malorum,
1519 1450 1548 1493 5

221 1517 362 1573 Quae,
388 1524 526 1581 puto,
553 1518 794 1565 dedidicit
812 1520 918 1581 jam
944 1520 1075 1567 bona
1100 1521 1250 1568 verba
1274 1522 1441 1586 loqui:

155 1594 381 1658 Quaeque
408 1595 563 1641 semel
588 1600 692 1642 toto
709 1595 861 1642 vestis
888 1595 1008 1642 mihi
1031 1597 1243 1645 sumitur
1268 1614 1413 1655 anno,

224 1671 460 1719 Sumatur
484 1670 598 1718 fatis
623 1671 838 1718 discolor
863 1674 978 1720 alba
1002 1675 1126 1721 meis
1147 1693 1156 1722 ε

152 1747 354 1811 Araque
381 1748 635 1810 gramineo
658 1747 829 1795 viridis
856 1749 919 1797 de
944 1751 1136 1814 cespite
1162 1751 1249 1799 fiat
1270 1771 1279 1809 ;

224 1824 290 1872 Et
312 1826 445 1872 velet
468 1825 664 1888 tepidos
690 1841 823 1872 nexa
847 1843 1031 1874 corona
1055 1827 1208 1875 focos.
1496 1834 1554 1878 lO

156 1901 237 1948 Da
260 1900 380 1948 mihi
407 1907 533 1957 tura,
561 1900 700 1965 puer,
729 1902 940 1965 pingues
966 1903 1201 1952 facientia
1225 1905 1468 1963 flammas,

222 1977 472 2041 Quodque
498 1978 580 2042 pio
605 1978 770 2026 fusum
797 1981 974 2028 stridat
999 1981 1048 2028 in
1076 1982 1190 2044 igne
1216 1999 1424 2030 merum.

158 2055 364 2119 Optime
389 2055 583 2111 natalis,
612 2057 838 2118 quamvis
865 2059 1038 2121 procul
1065 2060 1321 2116 absuniuS‚
1345 2068 1463 2124 opto

224 2132 483 2179 Candidus
508 2132 605 2179 huc
630 2133 816 2191 venias,
846 2135 1204 2199 dissimilisque
1231 2153 1370 2185 meo:

198 2324 251 2355 48.
276 2324 339 2355 Nec
362 2327 439 2356 sinet
464 2328 514 2358 ille
539 2329 630 2369 tuos]
658 2329 727 2360 Nec
749 2340 819 2371 per-

154 2371 257 2404 mittet
272 2379 302 2404 te
318 2374 431 2405 frustra
442 2376 525 2417 apud
541 2376 631 2407 illum
648 2377 821 2409 collocasse

154 2422 355 2454 beneficium.
399 2424 460 2455 Ille
476 2426 559 2456 enim
577 2427 649 2457 litus
669 2433 750 2463 arat,
766 2427 820 2469 qui

155 2481 282 2512 operam
297 2472 412 2514 perdit,
428 2479 460 2504 et
474 2475 588 2506 frustra
602 2475 735 2506 laborat.

198 2570 229 2600 3.
254 2570 398 2601 Laertius
421 2580 524 2612 egerat
554 2574 664 2614 heros]
705 2574 820 2604 Malim

153 2620 260 2660 egerit.
305 2619 436 2660 Ulysses
450 2621 572 2653 Laertis
585 2622 679 2653 filius.

196 2669 227 2698 4.
252 2667 465 2709 Diem-testum
480 2671 643 2712 conjugia]
670 2671 820 2702 Natalem

155 2716 261 2747 uxoris
276 2716 463 2759 Penelopes,

197 2765 298 2798 VOL.
314 2765 359 2796 II.

932 2331 962 2359 9.
988 2330 1109 2368 Araque
1123 2330 1277 2369 gramineo
1295 2329 1399 2358 riridis
1414 2329 1449 2358 de
1464 2331 1554 2367 cespi-

890 2388 917 2408 te
932 2379 1024 2418 fiat]
1061 2378 1162 2408 Genio
1188 2377 1326 2407 natalem
1349 2376 1555 2413 celebrantes,

889 2438 974 2458 aram
990 2427 1164 2468 erigebant,
1182 2437 1276 2467 quam
1289 2426 1389 2457 floreis
1403 2426 1493 2457 sertis
1508 2437 1556 2457 οι·-

888 2477 1018 2507 nabant.
1063 2475 1201 2506 Feminae
1216 2485 1289 2506 vero
1304 2474 1423 2507 Junoni
1439 2475 1556 2505 sacrifi-

888 2525 1015 2555 cabant.

934 2575 985 2603 11.
1002 2574 1051 2603 Da
1067 2573 1140 2603 mihi
1156 2579 1237 2607 tura,
1248 2572 1352 2612 paen]
1379 2572 1473 2607 Tura,
1484 2572 1554 2603 alii-

888 2633 949 2663 que
966 2622 1060 2653 etiam
1075 2621 1196 2656 odores,
1213 2621 1321 2652 eodem
1343 2621 1394 2652 die
1418 2622 1551 2653 uteban-

889 2676 984 2749 tlul-4.
1011 2719 1192 2759 Candidus]
1217 2718 1317 2749 Felix.
1354 2720 1448 2751 Mn.

1022 2768 1052 2797 Y
