1760 3172
251 170 336 213 468

645 169 694 210 Ρ.
728 167 939 210 OVIDII
975 167 1253 209 NASONIS

260 286 509 349 Legimus,
536 303 565 333 o
584 285 780 348 juvenis
803 283 947 348 patrii
974 300 1070 331 non
1095 284 1313 346 degener
1337 283 1450 337 oris,

327 364 476 411 Dicta
494 363 583 410 tibi
610 363 757 426 pleno
782 362 932 409 verba
956 361 1142 408 diserta
1164 361 1282 408 foro.
1612 364 1639 405 8

259 440 400 496 Quae,
426 455 715 504 quanquam
742 439 914 502 lingua
940 438 1059 485 mihi
1091 445 1208 485 sunt
1235 443 1528 502 properante
1554 452 1642 499 per

324 517 477 565 Lecta
498 518 617 565 satis
643 518 841 573 multas,
863 532 1026 580 pauca
1048 516 1201 563 fuisse
1228 531 1422 578 queror.
1474 514 1641 576 [horas

257 593 410 642 Plura
433 595 520 643 sed
546 595 651 641 haec
676 593 771 642 feci
796 594 1062 656 relegendo
1087 610 1245 657 saepe;
1281 609 1372 639 nec
1397 608 1616 654 unquam

325 671 447 719 Haec
473 672 609 726 mihi,
638 687 787 734 quam
814 671 989 734 primo,
1017 678 1157 733 grata
1179 670 1315 717 fuere
1339 669 1516 732 magis.

259 748 528 812 Quumque
554 748 674 795 nihil
699 747 848 795 toties
874 748 1006 795 lecta
1029 764 1056 795 e
1081 748 1345 795 dulcedine
1369 747 1596 810 perdant,

321 825 523 873 Viribus
549 826 634 873 illa
657 825 777 880 suis,
805 841 904 871 non
928 825 1162 881 novitate,
1190 825 1408 888 placent.

258 902 466 959 Felices,
494 903 674 966 quibus
700 902 805 949 haec
831 902 940 965 ipso
966 917 1267 964 cognoscere
1293 901 1342 948 in
1368 907 1497 955 actu,
1582 902 1638 946 15

324 980 390 1028 Et
413 988 514 1028 tam
539 979 753 1027 facundo
779 979 987 1041 contigit
1011 995 1095 1026 ore
1119 979 1238 1026 frui!

259 1057 404 1114 Nam,
428 1072 717 1121 quanquam
744 1072 889 1120 sapor
915 1063 991 1103 est
1016 1056 1182 1103 adlata
1207 1056 1366 1103 dulcis
1391 1056 1441 1103 in
1467 1056 1614 1111 unda,

322 1135 526 1182 Gratius
551 1151 614 1182 ex
640 1135 748 1198 ipso
773 1134 908 1181 fonte
933 1133 1170 1181 bibuntur
1191 1150 1361 1198 aquae:

256 1212 322 1260 Et
346 1212 503 1275 magis
530 1212 748 1259 adducto
772 1228 975 1275 pomum
1000 1212 1268 1276 decerpere
1293 1227 1445 1267 ramo,

320 1290 485 1345 Quam
509 1289 572 1338 de
597 1290 772 1337 caelata
795 1305 991 1337 sumere
1015 1290 1174 1345 lance,
1195 1291 1353 1353 juvat.

1575 1292 1639 1335 20

252 1367 321 1415 At
344 1367 438 1414 nisi
464 1383 770 1431 peccassem,
798 1367 893 1414 nisi
918 1383 998 1415 me
1023 1384 1134 1416 mea
1158 1367 1309 1416 Musa
1331 1367 1570 1430 fugasset,

320 1444 466 1499 Quod
491 1444 607 1507 legi,
635 1451 722 1491 tua
746 1460 841 1491 vox
867 1444 1181 1493 exhibuisset
1205 1461 1348 1509 opus.

254 1521 424 1585 thue
449 1521 518 1569 fui
544 1522 736 1579 solitus,
765 1522 1008 1571 sedissem
1033 1522 1236 1570 forsitan
1256 1539 1383 1570 unus

318 1599 396 1647 De
417 1607 617 1647 centum
637 1599 797 1663 judex
822 1599 872 1646 in
896 1607 983 1647 tua
1005 1600 1156 1648 verba
1180 1600 1313 1648 viris,

249 1734 331 1772 fidis,
349 1733 500 1770 barbaris,
512 1740 543 1765 et
558 1734 702 1777 impexis.
727 1735 821 1765 Mra.
854 1735 915 1766 Vel

248 1784 351 1825 potius
370 1785 498 1814 hirsutos
513 1783 651 1814 nominat
674 1790 798 1826 propter
817 1784 916 1826 pelles

247 1833 395 1868 hirsutas,
422 1833 536 1875 quibus
563 1844 595 1864 se
626 1833 775 1864 adversus
801 1833 915 1875 frigora

245 1882 300 1913 illo
319 1883 376 1913 sub
396 1883 478 1913 coelo
498 1892 586 1924 paene
607 1889 758 1925 perpetua
772 1893 912 1914 commu-

250 1932 350 1963 uiant.
371 1932 474 1963 Posr.
502 1932 631 1963 Maxime
646 1933 745 1963 Cotta.
765 1933 913 1971 Maxime5

249 1987 281 2013 et
304 1981 349 2012 sic
369 1981 458 2011 initio
481 1980 629 2022 Epistola?
653 1982 785 2012 Maaimo
806 1982 910 2014 Cottoe.

246 2031 308 2061 Hic
336 2030 484 2061 Messalae
507 2029 634 2061 Corvini
657 2030 743 2062 illius
772 2031 910 2063 disertis-

245 2079 314 2110 simi
345 2079 440 2115 fihus,
472 2079 650 2110 Messallini
678 2080 782 2115 frater,
808 2081 908 2112 Cottae

245 2139 357 2159 nomeu
374 2134 536 2159 mutuatus
556 2135 604 2159 est
626 2129 669 2159 ab
680 2128 818 2160 Aureliis
842 2130 909 2160 avis

245 2178 405 2214 maternis,
429 2184 464 2208 ut
487 2176 636 2208 discimus
664 2189 702 2209 ex
725 2179 835 2220 Elegia
860 2180 907 2210 ul-

244 2226 332 2263 tima,
352 2227 442 2258 Pont.
464 2227 521 2257 lib.
543 2226 584 2258 iv.
602 2238 664 2258 ver.
680 2229 732 2258 43.
757 2228 789 2259 in
814 2239 908 2270 quam

243 2281 369 2317 gentem
395 2276 562 2317 adoptione
585 2276 792 2315 transiverat;
824 2278 907 2319 quod

243 2336 337 2366 supra
359 2324 493 2357 vidimus
517 2326 574 2356 sub
600 2325 692 2357 finem
712 2326 831 2368 Elegiae
856 2338 905 2358 se-

243 2373 354 2405 cundae
379 2373 471 2415 hujus
490 2373 573 2404 libri.
621 2374 778 2406 Maximos
802 2382 907 2407 autem

242 2422 341 2453 dictos
369 2433 406 2453 ex
436 2423 565 2454 Valet-ia
594 2423 713 2454 familia
741 2424 906 2465 quosdam,

243 2472 506 2513 quemadmodum
517 2472 685 2507 Messalas,
696 2473 836 2510 Flaccos,
844 2474 904 2504 Po-

243 2520 385 2561 plicolaS,
402 2521 546 2557 Volusos,
563 2519 705 2551 Catullos
726 2527 757 2552 et
771 2521 905 2553 Aciscu-

241 2569 298 2605 los,
328 2576 445 2601 certum
474 2575 531 2600 est.
579 2571 664 2601 Nam
690 2571 774 2602 bello
804 2571 903 2613 primo

242 2619 372 2655 Punico,
391 2620 448 2650 sub
472 2630 589 2650 annum
615 2620 656 2651 U.
675 2620 713 2651 C.
736 2632 831 2651 cnxc.
852 2622 901 2652 M.

241 2668 386 2699 Valerius
411 2669 571 2699 Maximus
597 2679 669 2700 cum
690 2670 738 2700 M.
764 2669 902 2700 Otacilio

241 2717 354 2748 Crasso
374 2718 480 2749 consul
496 2717 687 2759 perhibetur,
705 2719 758 2760 qui
775 2718 900 2750 devicta

983 1735 1133 1766 Messana
1158 1744 1327 1776 cognomen
1353 1734 1498 1765 Messalae
1523 1734 1640 1776 primus

983 1783 1129 1815 adscivit.
1191 1784 1262 1815 Huc
1300 1789 1331 1815 et
1367 1783 1446 1814 refer
1478 1784 1637 1815 Valerium

982 1833 1158 1863 Maximum
1173 1833 1367 1875 scriptorem,
1385 1833 1474 1874 cujus
1489 1834 1640 1865 nonnulla

981 1882 1153 1914 etiamnum
1168 1888 1304 1914 exstant.
1340 1883 1457 1913 Hmss.

1025 1933 1056 1963 7.
1076 1934 1235 1973 Ojuvenis
1255 1945 1312 1963 non
1327 1933 1482 1974 degener]
1502 1932 1530 1963 O
1547 1933 1639 1965 Cotta

980 1983 1133 2019 Maxime,
1159 1982 1211 2024 qui
1242 1993 1303 2013 non
1330 1982 1500 2023 degeneras
1524 1993 1542 2013 a
1567 1983 1640 2015 tuis.

980 2032 1048 2062 Oris
1060 2033 1167 2071 patrii.
1190 2031 1385 2073 Eloquentiae
1401 2031 1496 2073 patris
1510 2032 1567 2068 tui,
1583 2033 1637 2074 qui

977 2081 1035 2112 fuit
1049 2092 1190 2112 summus
1202 2087 1314 2112 orator.
1343 2081 1406 2112 Vel
1422 2081 1501 2112 facie
1516 2087 1636 2124 patrem

976 2135 1065 2161 tuum
1079 2130 1224 2162 referens.
1256 2131 1350 2161 Man.
1365 2135 1397 2161 et
1413 2130 1515 2161 Pox’r.

1019 2181 1050 2210 8.
1080 2180 1174 2210 Dicta
1201 2180 1287 2219 pleno
1303 2178 1403 2222 form]
1432 2179 1551 2210 Habita
1578 2180 1639 2211 fre-

975 2228 1084 2269 quenti
1107 2229 1210 2264 turba,
1227 2238 1297 2269 quae
1323 2234 1388 2259 erat
1413 2228 1446 2258 in
1469 2229 1532 2259 soro
1550 2229 1635 2270 judi-

976 2277 1059 2308 ciali.

1022 2328 1070 2357 10.
1083 2327 1186 2358 Fuisse
1194 2327 1321 2367 pauca]
1339 2326 1444 2358 Visam
1458 2327 1553 2358 fuisse
1566 2337 1634 2358 eam

975 2375 1146 2407 orationem
1171 2376 1308 2411 brevem,
1333 2381 1457 2418 propter
1481 2377 1549 2417 ejus
1572 2377 1635 2408 ele-

974 2424 1125 2465 gantiam,
1141 2431 1171 2456 et
1185 2435 1281 2455 suave
1300 2424 1424 2455 dicendi
1437 2435 1548 2466 genus.

1017 2476 1068 2505 20.
1087 2475 1187 2509 Quum
1209 2477 1244 2505 de
1263 2475 1348 2505 lance
1367 2474 1502 2514 caelata]
1530 2476 1633 2512 Quam

973 2523 1011 2554 de
1027 2524 1134 2565 aliqua
1150 2523 1269 2566 patina,
1281 2529 1312 2554 et
1327 2533 1400 2554 vase
1415 2523 1548 2566 sculpto.

1014 2573 1070 2603 22.
1090 2573 1155 2603 Tua
1171 2572 1251 2613 van]
1269 2573 1337 2603 Tua
1351 2572 1503 2603 recitatio.
1528 2573 1633 2603 Multo

971 2621 1070 2662 magis
1094 2622 1176 2652 enim
1200 2622 1270 2652 viva
1289 2632 1347 2652 vox
1375 2621 1490 2652 adficit.
1537 2622 1630 2652 EJhi-

970 2671 1086 2701 buisset.
1110 2672 1178 2702 Hoc
1203 2677 1260 2707 est,
1281 2671 1479 2707 audivissem,
1503 2681 1562 2701 non
1584 2671 1629 2701 le-

969 2718 1083 2759 gissem
1099 2719 1268 2750 orationem
1286 2727 1381 2750 tuam.
