1760 3172
206 213 292 255 2:30

594 213 645 255 Ρ.
684 213 898 255 OVIDII
932 213 1214 256 NASONIS

208 326 378 390 Atque
403 328 592 376 utinam
617 336 826 393 pereant
846 328 1022 376 animae
1047 345 1162 376 cum
1181 343 1386 392 corpore
1407 335 1605 384 nostrae,

277 403 599 468 Effugiatque
624 405 793 453 avidos
818 421 932 469 pars
959 404 1078 451 mihi
1103 405 1238 452 nulla
1263 405 1433 467 rogos!

1543 407 1607 452 60

209 478 342 528 Nam
367 483 425 538 si,
448 490 605 531 morte
625 498 816 537 carens,
837 497 1044 530 vacuam
1063 481 1197 529 volat
1214 482 1343 529 altus
1366 482 1415 528 in
1435 497 1606 529 auram

277 557 509 622 Spiritus,
537 567 588 608 et
613 560 769 607 Samii
794 566 910 607 sunt
933 566 1041 606 rata
1063 559 1199 607 dicta
1223 559 1355 607 senis
1376 578 1387 617 ;

208 633 348 683 Inter
374 636 676 685 Sarmaticas
702 637 931 685 Romana
953 636 1214 700 vagabitur
1238 636 1456 692 umbras,

275 711 476 776 Perque
499 713 628 762 feros
655 729 824 761 manes
849 713 1049 777 hospita
1072 729 1270 776 semper
1293 712 1402 760 erit.

210 788 343 837 Ossa
365 797 534 838 tamen
557 790 706 838 facito
730 805 882 854 parva
906 789 1180 838 referantur
1203 789 1254 835 in
1279 804 1429 836 urna:

1540 790 1606 835 65

278 865 362 914 Sic
388 883 482 930 ego
506 884 604 915 non
629 868 779 915 etiam
804 873 1028 915 mortuus
1053 867 1197 915 exsul
1223 856 1323 914 ero.

209 941 257 988 N
263 958 320 990 ec
345 950 482 991 vetat
516 944 610 992 hoo
649 945 944 1008 quisquam:
988 943 1191 991 fratrem
1215 943 1458 990 Thebana
1493 958 1604 1007 per-

277 1020 557 1084 Subposuit
578 1022 786 1078 tumulo,
810 1038 926 1085 rege
946 1027 1160 1077 vetante,
1185 1036 1336 1068 soror.
1395 1021 1606 1083 [emtum

205 1095 377 1160 Atque
401 1114 461 1146 ea
483 1114 598 1146 cum
622 1099 751 1146 foliis
773 1107 824 1147 et
847 1099 1028 1147 amomi
1054 1099 1256 1163 pulvere
1280 1098 1436 1145 misce
1458 1116 1469 1155 ;

273 1173 436 1239 Inque
461 1176 746 1224 suburbano
772 1177 974 1224 condita
997 1192 1128 1241 pone
1153 1176 1287 1224 solo:

1542 1177 1606 1221 70

208 1250 449 1316 Quosque
474 1253 609 1316 legat
631 1270 803 1302 versus
829 1255 972 1302 oculo
997 1260 1296 1318 properante
1318 1252 1492 1308 viator,

275 1328 563 1377 Grandibus
590 1330 639 1377 in
662 1330 840 1378 tumuli
865 1347 1109 1379 marmore
1135 1331 1274 1378 caede
1298 1329 1459 1378 notis:

211 1403 309 1452 Hic
335 1422 428 1468 ego
455 1407 541 1471 qui
562 1408 726 1471 jaceo,
752 1414 1036 1456 tenerorum
1059 1409 1196 1456 lusor
1220 1423 1458 1463 amorum,

274 1482 485 1546 Ingenio
510 1484 634 1548 perii
661 1484 799 1533 Naso
823 1492 975 1549 poeta
997 1501 1126 1533 meo.

249 1659 302 1690 59.
325 1660 423 1700 Atque
448 1663 564 1691 utinum
587 1667 713 1700 pereant
733 1661 867 1702 animm]

208 1708 350 1746 Utinam,
369 1709 481 1751 inquit,
501 1720 539 1741 ex
557 1710 781 1752 Epicureorum
800 1721 870 1742 sen-

207 1758 316 1795 tentia,
332 1769 404 1789 cum
428 1759 606 1801 corporibus
629 1759 741 1791 animae
764 1759 870 1791 interi-

205 1807 292 1838 rent!
318 1807 401 1838 Nam
420 1808 466 1839 ita
489 1809 692 1840 aversabatur
716 1810 871 1840 Barbaros

206 1855 287 1892 illos,
303 1861 339 1886 ut
354 1866 393 1887 ne
412 1862 480 1898 post
497 1863 629 1888 mortem
648 1857 787 1898 quidem,
804 1858 871 1888 sola

208 1905 314 1936 anima
328 1905 407 1936 inter
417 1905 540 1936 illorum
556 1906 676 1936 animas
691 1917 757 1937 esse
774 1906 869 1945 velit3

208 1960 240 1985 et
252 1954 355 1996 potius
369 1954 401 1984 in
417 1954 550 1985 nihilum
566 1954 704 1986 recidere
719 1955 838 1997 cupiat.

250 2004 305 2034 60.
328 2003 407 2034 Pars
435 2015 499 2034 mea
533 2004 649 2045 nullan]
692 2004 770 2034 Pars
798 2006 870 2035 mihi

206 2053 347 2095 quinque
370 2052 498 2095 scripti;
523 2053 657 2085 rectius:
688 2060 720 2084 et
744 2065 869 2085 vacuam

205 2114 313 2134 auram
327 2113 399 2134 mox
414 2113 468 2145 pro
483 2114 593 2134 vacuas
605 2114 697 2134 auras
711 2103 866 2145 plerique.

249 2153 302 2184 61.
327 2152 407 2183 Nam
419 2154 444 2183 si
460 2160 550 2184 morte
561 2152 691 2193 carens.]
718 2153 788 2183 Hoc
806 2153 867 2194 Py-

207 2202 354 2244 thagoras
376 2202 460 2244 apud
485 2202 635 2234 Ovidium
658 2202 690 2233 in
715 2202 797 2233 Met.
816 2214 867 2234 xv.

208 2253 280 2284 153.
292 2252 429 2294 apertius
444 2251 537 2283 docet
549 2264 555 2282 :

251 2301 277 2331 Ο
288 2312 384 2343 genus
400 2302 571 2332 adtonitum
585 2301 868 2342 gelidae'fhrmidine

292 2352 404 2387 mortis,

251 2399 333 2434 Quid
349 2399 456 2441 Styga,
473 2401 544 2440 quid
569 2400 713 2435 tenebras,
729 2401 801 2440 qnid
818 2412 866 2430 no-

292 2451 374 2480 mina
389 2461 467 2480 vana
484 2451 603 2485 timetis,

253 2498 412 2529 Materiem
447 2505 558 2535 vatum,
578 2499 715 2540 falsique
742 2499 866 2538 piacula

291 2549 419 2579 mundi?

252 2599 382 2638 Corpora
397 2600 455 2629 sire
476 2609 564 2639 rogus
570 2598 709 2639 flamma,
731 2609 779 2628 seu
803 2600 866 2628 tabe

293 2654 424 2677 vetustas

250 2697 427 2731 Abstulerit,
448 2698 525 2726 mula
544 2708 621 2736 posse
639 2698 703 2735 pali
726 2707 780 2727 non
803 2697 863 2726 ulla

289 2746 413 2783 putetis.

985 1661 1085 1692 Morte
1099 1666 1205 1691 carent
1218 1661 1337 1690 animae.

983 1710 1035 1740 67.
1052 1709 1122 1739 Non
1137 1715 1217 1740 vetat
1230 1709 1282 1739 hoc
1295 1707 1474 1749 quisquam-J
1500 1707 1603 1739 Nemo

939 1759 1108 1801 sepulturae
1138 1758 1275 1789 officium
1304 1763 1409 1799 negat.
1463 1756 1602 1788 Fratrem

942 1809 1079 1839 Thebana
1087 1815 1251 1849 peremtum
1262 1807 1431 1847 subposuit,
1442 1807 1502 1838 ἃς.
1532 1807 1601 1838 An-

939 1858 1074 1900 tigonem
1086 1858 1242 1899 designat,
1254 1856 1601 1899 OEdipodisThebarum

938 1907 1020 1949 regis
1035 1907 1142 1944 filiam,
1159 1918 1229 1949 qua}
1241 1907 1366 1937 fratrem
1378 1906 1538 1938 Eteoclem
1554 1918 1602 1938 se-

937 1957 1066 1999 pelivit:
1091 1957 1235 1998 quamvis
1257 1957 1421 1991 Creontes,
1444 1966 1495 1987 rex
1519 1957 1601 1988 The-

937 2007 1058 2043 barum,
1075 2017 1128 2038 eos
1144 2006 1198 2048 qui
1217 2006 1249 2037 in
1270 2006 1354 2036 bello
1368 2006 1518 2037 Thebano
1530 2017 1600 2048 per-

938 2055 1038 2087 ierant
1064 2056 1236 2098 insepultos
1260 2056 1366 2097 jacere
1386 2055 1545 2092 voluisset,
1566 2063 1601 2088 ut

937 2104 1168 2146 elegantissime
1189 2104 1305 2135 cecinit
1327 2103 1479 2145 Papinius
1500 2105 1532 2136 in
1553 2105 1599 2136 ul-

935 2155 1010 2185 timo
1025 2154 1212 2186 Thebaidos.

979 2203 1031 2234 69.
1054 2203 1095 2234 Et
1111 2205 1216 2234 amomi
1233 2203 1368 2243 pulvere,
1389 2202 1466 2243 δία]
1502 2203 1599 2235 Amo-

936 2263 1021 2283 mum
1040 2257 1087 2283 est
1107 2263 1206 2293 genus
1226 2251 1330 2282 herbae
1349 2251 1573 2284 odoratissima}
1589 2265 1595 2282 ε

936 2301 1153 2337 Armenicum,
1191 2300 1312 2332 caeteris
1348 2306 1486 2342 praestat,
1520 2301 1597 2332 fulvi

936 2350 1058 2386 coloris,
1079 2350 1261 2391 habensque
1279 2349 1399 2390 lignum
1423 2351 1597 2387 subrufum,

936 2399 1060 2430 abunde
1089 2399 1261 2430 odoratum.
1314 2399 1350 2429 In
1379 2399 1598 2431 conservandis

936 2448 1018 2480 enim
1045 2448 1252 2480 cadaveribus
1275 2458 1432 2479 amomum
1455 2448 1597 2480 adhiberi

935 2499 1024 2535 solet,
1049 2504 1084 2528 ut
1107 2497 1200 2529 docet
1218 2498 1250 2529 in
1273 2499 1385 2534 Ponto,
1410 2498 1430 2529 i.
1448 2498 1537 2540 Eleg.
1554 2499 1596 2531 ix.

935 2549 988 2579 52.
1031 2548 1123 2579 Cror.

979 2598 1030 2628 74.
1056 2597 1182 2639 Ingenio
1200 2599 1276 2637 perii
1297 2597 1378 2628 Naso
1395 2604 1479 2638 poeta
1505 2600 1592 2639 mem]

936 2647 1003 2678 Lib.
1020 2646 1051 2677 ii.
1067 2653 1098 2678 et
1111 2646 1167 2677 lib.
1185 2646 1227 2677 iii.
1244 2647 1283 2678 de
1299 2647 1410 2683 Ponto,
1428 2648 1475 2678 El.
1493 2659 1521 2678 v.
1538 2649 1570 2678 4.

979 2696 1077 2727 Laesus
1092 2698 1129 2726 ab
1143 2698 1262 2737 ingenio
1283 2696 1359 2726 Naso
1372 2703 1455 2736 poeta
1474 2708 1543 2727 meo.
