1760 3172
378 183 565 226 ARTIS
595 184 953 227 AMATORIAE
985 186 1104 229 LIB.
1142 188 1207 230 II.
1440 192 1497 232 33

112 295 235 349 Quis
264 297 459 346 Cereris
485 300 606 347 ritus
633 300 762 347 ausit
784 301 984 362 vulgare
1009 302 1242 365 profanis,

177 374 465 439 Magnaque
491 376 722 425 Threicia
749 393 890 424 sacra
915 386 1109 442 reperta
1136 380 1286 428 Samo
1307 382 1325 428 ’ἓ

110 449 308 514 Exigua
330 460 407 500 est
430 454 598 510 virtus,
626 462 862 518 praestare
887 455 1083 503 silentia
1107 457 1283 505 rebus:

173 528 242 575 At
265 537 435 577 contra
458 533 618 594 gravis
645 539 721 580 est
745 533 907 596 culpa,
936 535 1149 581 tacenda
1173 535 1328 597 loqui.

109 604 152 650 Ο
175 605 329 664 bene3
371 609 521 671 quod,
545 609 725 659 frustra
748 610 959 673 captatis
986 611 1160 659 arbore
1182 612 1360 675 pomis,
1396 615 1491 659 605

176 682 414 731 Garrulus
441 686 489 731 in
514 686 679 733 media
707 686 945 734 Tantalus
972 695 1076 735 aret
1102 689 1262 751 aqua!

107 757 366 824 Praecipue
393 762 644 827 Cytherea
661 765 807 827 jubet
832 781 922 811 sua
946 781 1088 812 sacra
1111 766 1282 813 taceri.

171 835 447 895 Admoneo,
474 842 639 889 veniat
662 858 725 889 ne
751 842 862 905 quis
884 842 946 889 ad
973 842 1056 889 illa
1074 843 1277 906 loquax.

105 911 322 961 Condita
345 916 387 962 si
411 933 510 963 non
536 925 651 965 sunt
674 918 882 966 Veneris
908 921 1145 982 mysteria
1169 920 1335 977 cistis3

170 989 279 1038 Nec
306 1008 426 1040 cava
447 995 641 1042 vesanis
666 995 848 1042 ictibus
873 1011 971 1042 aera
995 1003 1200 1043 sonant:
1390 999 1487 1043 610

104 1065 340 1115 Attamen
364 1070 491 1118 inter
515 1088 604 1118 nos
629 1072 792 1119 medio
819 1079 1076 1119 versantur
1102 1073 1151 1119 in
1176 1089 1268 1120 usu
1289 1090 1297 1120 :

172 1145 273 1192 Sed
298 1147 385 1203 sic,
413 1148 540 1196 inter
564 1165 652 1196 nos
678 1156 733 1196 ut
756 1149 959 1197 latuisse
983 1149 1150 1196 velint.

102 1219 221 1284 Ipsa
249 1222 414 1272 Venus
439 1226 640 1289 pubem,
668 1227 863 1289 quoties
888 1227 1133 1275 velamina
1157 1228 1312 1291 ponit,

170 1298 454 1364 Protegitur
477 1303 602 1350 laeva
628 1304 961 1351 semireducta
986 1320 1152 1351 manu,

104 1375 163 1423 In
187 1379 351 1426 medio
377 1381 665 1444 passimque
691 1383 791 1429 coit
818 1398 990 1445 pecus,
1018 1382 1110 1428 hoc
1137 1397 1340 1444 quoque
1364 1382 1485 1438 viso,

167 1454 360 1504 Avertit
381 1458 545 1505 vultus
571 1475 704 1522 saepe
729 1459 896 1522 puella
920 1475 1052 1505 suos.
1392 1462 1487 1506 616

104 1531 421 1582 Conveniunt
442 1536 647 1584 thalami
672 1536 813 1584 furtis
840 1543 890 1584 et
908 1537 1063 1599 janua
1087 1536 1266 1582 nostris
1289 1553 1298 1583 t

169 1609 395 1675 Parsque
420 1614 512 1660 sub
538 1614 722 1677 injecta
748 1621 885 1662 veste
911 1613 1147 1677 pudenda
1171 1613 1309 1660 latet.

105 1686 171 1734 Et
195 1687 235 1734 si
261 1705 358 1736 non
382 1691 630 1747 tenebras,
658 1697 708 1738 at
732 1691 972 1754 quiddam
998 1690 1143 1737 nubis
1170 1706 1340 1754 opacae

170 1763 450 1819 Quaerimus
472 1785 483 1824 ;
525 1774 676 1831 atque
702 1768 889 1831 aliquid
914 1768 1025 1814 luce
1051 1774 1256 1830 patente
1280 1767 1459 1815 minus.

144 1977 219 2008 607.
245 1978 399 2019 Praecz‘pue
425 1980 574 2021 Cytherea
588 1982 680 2021 jubet
705 1993 760 2012 sua
827 1981 957 2011 bantur:
984 1979 1033 2011 vel
1049 1989 1133 2015 cum,
1149 1985 1183 2010 ut
1198 1980 1282 2022 apud
1292 1979 1492 2012 Theocritum

97 2037 184 2057 sacra
198 2028 318 2068 taceri]
342 2028 418 2060 Tale
442 2029 603 2073 quippiam
626 2030 705 2062 dixit
729 2037 760 2062 et
827 2035 875 2060 est
901 2029 999 2071 Idyll.
1026 2030 1059 2059 2.
1089 2039 1160 2059 mox
1195 2034 1349 2070 nupturae‚
1378 2029 1491 2061 Dianae

99 2075 262 2107 Tibullus:
287 2076 308 2108 i.
322 2077 355 2108 ii.
371 2078 424 2109 34.
827 2078 1055 2114 sacrificabant,
1069 2076 1256 2119 virginitatis
1270 2088 1377 2115 causa,
1395 2089 1491 2120 quam

232 2125 333 2157 Celari
347 2128 415 2158 vult
427 2138 482 2158 sua
486 2127 585 2170 furta
603 2129 711 2160 Venus.
827 2138 899 2158 mox
919 2125 1104 2169 depositurae
1128 2132 1242 2163 essent,
1257 2126 1349 2158 deam
1363 2128 1491 2170 placan-

623 2178 714 2210 C10p.
826 2181 884 2206 tes.
931 2176 1017 2206 cista:
1033 2180 1139 2206 autem
1152 2176 1185 2205 in
1198 2176 1292 2207 sacris
1307 2176 1430 2208 Cereris
1444 2177 1491 2208 in-

142 2225 215 2255 609.
241 2224 370 2256 Condita
397 2227 423 2256 si
451 2238 511 2257 non
539 2233 610 2257 sunt
640 2228 760 2259 Veneris
826 2231 873 2256 ter
887 2226 1030 2267 symbola
1052 2225 1262 2261 habebantur,
1279 2225 1492 2267 significantes

99 2276 240 2315 mysteria
251 2276 341 2311 cistis,
359 2275 390 2305 N
392 2287 423 2306 ec
432 2287 505 2307 cava
517 2278 638 2308 vaesam‘s
652 2279 759 2309 ictibus
826 2274 934 2305 Clausa
948 2280 1042 2315 atque
1058 2284 1173 2304 arcana
1187 2274 1293 2305 omnia
1314 2274 1421 2305 haberi
1437 2275 1491 2307 de-

99 2325 172 2354 a'e'ra
183 2324 314 2365 sonant]
340 2324 511 2356 Confundit
526 2325 584 2356 hoc
602 2326 670 2357 loco
685 2328 757 2358 Me·
825 2323 909 2354 bere·
942 2324 1068 2353 MICYL·
1102 2322 1202 2353 Recte
1221 2322 1383 2365 Micyllus,
1400 2329 1431 2354 et
1449 2324 1490 2355 de

98 2372 167 2403 rula
178 2374 352 2403 cerimonias
363 2373 489 2410 Cereris,
500 2379 531 2405 et
548 2375 758 2415 Canephorias.
827 2371 1018 2413 Canephoris
1033 2371 1203 2413 virginibus
1214 2371 1281 2413 jam
1296 2373 1402 2404 multis
1418 2384 1491 2415 ege-

98 2420 196 2452 Aliud
215 2421 298 2452 enim
314 2424 524 2464 Κανηφορεῖν
543 2423 662 2455 Graecis
686 2425 755 2461 fuit,
826 2427 898 2452 runt
913 2421 971 2451 Viri
988 2420 1086 2451 docti·
1134 2421 1251 2451 BURM-

98 2470 184 2501 aliud
199 2472 277 2501 cistae
293 2471 421 2502 Cereris.
456 2475 665 2515 Κανηφορεῖν
676 2475 757 2505 enim
870 2471 945 2501 610.
962 2470 1075 2501 Ictibus
1090 2472 1161 2500 u'e'ra
1179 2471 1315 2511 sonant]
1334 2471 1489 2503 Retinen-

99 2519 212 2561 puellae
236 2520 417 2552 Graecorum
441 2522 594 2559 solebant,
613 2523 663 2555 vel
687 2535 758 2555 cum
825 2519 900 2549 dum
922 2526 1041 2556 sonant,
1058 2524 1092 2550 ut
1118 2530 1226 2550 sensus
1247 2520 1298 2556 sit,
1316 2519 1341 2550 si
1358 2521 1490 2553 Veneris

99 2568 132 2599 in
144 2579 257 2611 pompa
271 2570 423 2601 Minervae
447 2571 552 2608 sacris,
569 2583 637 2613 quae
655 2573 758 2604 Pana-
826 2578 913 2599 sacra
935 2579 996 2598 non
1010 2573 1083 2598 sunt
1098 2573 1162 2598 tam
1178 2569 1311 2605 occulta,
1328 2574 1382 2600 aut
1401 2575 1490 2602 tanta

99 2617 245 2649 thenaica
269 2618 462 2656 dicebantur,
487 2621 621 2652 canistra
645 2622 757 2663 capiti·
826 2617 982 2658 mysteria,
998 2622 1032 2648 ut
1047 2617 1170 2647 Cereris
1185 2622 1216 2647 et
1235 2617 1365 2649 aliorum
1388 2619 1489 2650 numi-

98 2666 158 2697 bus
194 2666 339 2708 imposita
374 2670 535 2709 gerebant,
568 2670 681 2711 quibus
710 2682 758 2708 ea,
826 2679 911 2704 num,
922 2679 982 2698 non
995 2666 1089 2698 etiam
1102 2666 1146 2697 ita
1160 2674 1267 2709 aperta
1279 2667 1395 2701 debent
1406 2680 1486 2707 esse,

98 2725 168 2757 quae
192 2716 270 2746 Deae
299 2716 456 2749 offerenda
480 2725 593 2756 essent,
617 2720 757 2752 contine·
827 2728 861 2753 ut
877 2723 1023 2764 Cybeles.
1068 2723 1184 2753 Euam.

143 2769 242 2799 VOL.
259 2769 306 2799 II.
913 2776 944 2805 D
