<?xml version="1.0" encoding="UTF-8"?>
<!DOCTYPE html PUBLIC "-//W3C//DTD XHTML 1.0 Transitional//EN"
    "http://www.w3.org/TR/xhtml1/DTD/xhtml1-transitional.dtd">
<html xmlns="http://www.w3.org/1999/xhtml" xml:lang="en" lang="en">
 <head>
  <title>
</title>
<meta http-equiv="Content-Type" content="text/html;charset=utf-8" />
  <meta name='ocr-system' content='tesseract 3.04.00' />
  <meta name='ocr-capabilities' content='ocr_page ocr_carea ocr_par ocr_line ocrx_word'/>
</head>
<body>
  <div class='ocr_page' id='page_1' title='image "./povidiinasonisop02oviduoft_0258.png"; bbox 0 0 1760 3172; ppageno 0'>
   <div class='ocr_carea' id='block_1_1' title="bbox 203 163 288 204">
    <p class='ocr_par' dir='ltr' id='par_1_1' title="bbox 203 163 288 204">
     <span class='ocr_line' id='line_1_1' title="bbox 203 163 288 204; baseline -0.012 0"><span class='ocrx_word' id='word_1_1' title='bbox 203 163 288 204; x_wconf 74' lang='lat'>248</span> 
     </span>
    </p>
   </div>
   <div class='ocr_carea' id='block_1_2' title="bbox 579 158 1194 201">
    <p class='ocr_par' dir='ltr' id='par_1_2' title="bbox 579 158 1194 201">
     <span class='ocr_line' id='line_1_2' title="bbox 579 158 1194 201; baseline -0.003 0"><span class='ocrx_word' id='word_1_2' title='bbox 579 162 630 201; x_wconf 90' lang='grc' dir='ltr'>Ρ.</span> <span class='ocrx_word' id='word_1_3' title='bbox 664 158 876 201; x_wconf 91' lang='lat' dir='ltr'>OVIDII</span> <span class='ocrx_word' id='word_1_4' title='bbox 913 158 1194 200; x_wconf 88' lang='lat' dir='ltr'>NASONIS</span> 
     </span>
    </p>
   </div>
   <div class='ocr_carea' id='block_1_3' title="bbox 207 272 1596 1108">
    <p class='ocr_par' dir='ltr' id='par_1_3' title="bbox 211 272 1596 414">
     <span class='ocr_line' id='line_1_3' title="bbox 211 272 1378 340; baseline -0.003 -17"><span class='ocrx_word' id='word_1_5' title='bbox 211 277 371 340; x_wconf 80' lang='lat' dir='ltr'>Impia</span> <span class='ocrx_word' id='word_1_6' title='bbox 394 277 647 323; x_wconf 87' lang='lat' dir='ltr'>desertum</span> <span class='ocrx_word' id='word_1_7' title='bbox 674 274 868 337; x_wconf 83' lang='lat' dir='ltr'>fugiens</span> <span class='ocrx_word' id='word_1_8' title='bbox 894 272 1079 320; x_wconf 81' lang='lat' dir='ltr'>Medea</span> <span class='ocrx_word' id='word_1_9' title='bbox 1103 280 1378 336; x_wconf 87' lang='lat' dir='ltr'>parentem,</span> 
     </span>
     <span class='ocr_line' id='line_1_4' title="bbox 275 350 1596 414; baseline -0.004 -15"><span class='ocrx_word' id='word_1_10' title='bbox 275 353 470 400; x_wconf 84' lang='lat' dir='ltr'>Dicitur</span> <span class='ocrx_word' id='word_1_11' title='bbox 494 352 571 399; x_wconf 93' lang='lat' dir='ltr'>his</span> <span class='ocrx_word' id='word_1_12' title='bbox 596 368 757 400; x_wconf 89' lang='lat' dir='ltr'>remos</span> <span class='ocrx_word' id='word_1_13' title='bbox 783 350 1085 414; x_wconf 81' lang='lat' dir='ltr'>adplicuisse</span> <span class='ocrx_word' id='word_1_14' title='bbox 1106 350 1260 398; x_wconf 91' lang='lat' dir='ltr'>vadis.</span> <span class='ocrx_word' id='word_1_15' title='bbox 1540 351 1596 394; x_wconf 89' lang='lat'>10</span> 
     </span>
    </p>

    <p class='ocr_par' dir='ltr' id='par_1_4' title="bbox 207 426 1559 570">
     <span class='ocr_line' id='line_1_5' title="bbox 207 426 1559 493; baseline -0.004 -16"><span class='ocrx_word' id='word_1_16' title='bbox 207 429 371 484; x_wconf 83' lang='lat' dir='ltr'><strong>Quem</strong></span> <span class='ocrx_word' id='word_1_17' title='bbox 398 429 571 493; x_wconf 89' lang='lat' dir='ltr'>procul</span> <span class='ocrx_word' id='word_1_18' title='bbox 593 436 648 476; x_wconf 92' lang='lat' dir='ltr'>ut</span> <span class='ocrx_word' id='word_1_19' title='bbox 671 429 794 475; x_wconf 88' lang='lat' dir='ltr'>vidit</span> <span class='ocrx_word' id='word_1_20' title='bbox 819 428 1010 475; x_wconf 91' lang='lat' dir='ltr'>tumulo</span> <span class='ocrx_word' id='word_1_21' title='bbox 1037 428 1318 491; x_wconf 85' lang='lat' dir='ltr'>speculator</span> <span class='ocrx_word' id='word_1_22' title='bbox 1343 426 1406 474; x_wconf 93' lang='lat' dir='ltr'>ab</span> <span class='ocrx_word' id='word_1_23' title='bbox 1432 426 1559 473; x_wconf 88' lang='lat' dir='ltr'>alto:</span> 
     </span>
     <span class='ocr_line' id='line_1_6' title="bbox 275 503 1423 570; baseline -0.004 -16"><span class='ocrx_word' id='word_1_24' title='bbox 275 506 493 570; x_wconf 86' lang='lat' dir='ltr'>Hospes,</span> <span class='ocrx_word' id='word_1_25' title='bbox 521 507 606 561; x_wconf 90' lang='lat' dir='ltr'>ait,</span> <span class='ocrx_word' id='word_1_26' title='bbox 635 522 804 562; x_wconf 90' lang='lat' dir='ltr'>nosco,</span> <span class='ocrx_word' id='word_1_27' title='bbox 834 505 1095 561; x_wconf 88' lang='lat' dir='ltr'>Colchide,</span> <span class='ocrx_word' id='word_1_28' title='bbox 1121 505 1246 560; x_wconf 88' lang='lat' dir='ltr'>vela,</span> <span class='ocrx_word' id='word_1_29' title='bbox 1273 503 1423 550; x_wconf 89' lang='lat' dir='ltr'>venit.</span> 
     </span>
    </p>

    <p class='ocr_par' dir='ltr' id='par_1_5' title="bbox 208 577 1596 956">
     <span class='ocr_line' id='line_1_7' title="bbox 208 577 1595 647; baseline -0.004 -17"><span class='ocrx_word' id='word_1_30' title='bbox 208 582 342 630; x_wconf 91' lang='lat' dir='ltr'>Dum</span> <span class='ocrx_word' id='word_1_31' title='bbox 366 584 617 647; x_wconf 88' lang='lat' dir='ltr'>trepidant</span> <span class='ocrx_word' id='word_1_32' title='bbox 644 582 849 646; x_wconf 82' lang='lat' dir='ltr'>Minyae,</span> <span class='ocrx_word' id='word_1_33' title='bbox 867 582 986 629; x_wconf 89' lang='lat' dir='ltr'>dum</span> <span class='ocrx_word' id='word_1_34' title='bbox 1013 581 1217 628; x_wconf 86' lang='lat' dir='ltr'>solvitur</span> <span class='ocrx_word' id='word_1_35' title='bbox 1242 595 1423 642; x_wconf 82' lang='lat' dir='ltr'>aggere</span> <span class='ocrx_word' id='word_1_36' title='bbox 1447 577 1595 633; x_wconf 81' lang='lat' dir='ltr'>funiS,</span> 
     </span>
     <span class='ocr_line' id='line_1_8' title="bbox 275 659 1527 724; baseline -0.005 -17"><span class='ocrx_word' id='word_1_37' title='bbox 275 660 409 708; x_wconf 90' lang='lat' dir='ltr'>Dum</span> <span class='ocrx_word' id='word_1_38' title='bbox 435 662 660 724; x_wconf 90' lang='lat' dir='ltr'>sequitur</span> <span class='ocrx_word' id='word_1_39' title='bbox 685 661 871 708; x_wconf 85' lang='lat' dir='ltr'>celeres</span> <span class='ocrx_word' id='word_1_40' title='bbox 897 659 1114 707; x_wconf 87' lang='lat' dir='ltr'>anchora</span> <span class='ocrx_word' id='word_1_41' title='bbox 1137 665 1299 705; x_wconf 88' lang='lat' dir='ltr'>tracta</span> <span class='ocrx_word' id='word_1_42' title='bbox 1323 672 1527 709; x_wconf 81' lang='lat' dir='ltr'>manus3</span> 
     </span>
     <span class='ocr_line' id='line_1_9' title="bbox 208 734 1596 802; baseline -0.004 -19"><span class='ocrx_word' id='word_1_43' title='bbox 208 737 428 785; x_wconf 87' lang='lat' dir='ltr'>Conscia</span> <span class='ocrx_word' id='word_1_44' title='bbox 452 738 700 802; x_wconf 84' lang='lat' dir='ltr'>percussit</span> <span class='ocrx_word' id='word_1_45' title='bbox 724 738 1014 785; x_wconf 89' lang='lat' dir='ltr'>meritorum</span> <span class='ocrx_word' id='word_1_46' title='bbox 1038 743 1243 799; x_wconf 89' lang='lat' dir='ltr'>pectora</span> <span class='ocrx_word' id='word_1_47' title='bbox 1269 734 1488 787; x_wconf 89' lang='lat' dir='ltr'>Colchis,</span> <span class='ocrx_word' id='word_1_48' title='bbox 1541 735 1596 778; x_wconf 85' lang='lat'>15</span> 
     </span>
     <span class='ocr_line' id='line_1_10' title="bbox 273 812 1415 877; baseline -0.003 -17"><span class='ocrx_word' id='word_1_49' title='bbox 273 814 412 861; x_wconf 87' lang='lat' dir='ltr'>Ausa</span> <span class='ocrx_word' id='word_1_50' title='bbox 436 822 590 877; x_wconf 88' lang='lat' dir='ltr'>atque</span> <span class='ocrx_word' id='word_1_51' title='bbox 615 831 795 862; x_wconf 82' lang='lat' dir='ltr'>ausura</span> <span class='ocrx_word' id='word_1_52' title='bbox 818 814 976 860; x_wconf 88' lang='lat' dir='ltr'>multa</span> <span class='ocrx_word' id='word_1_53' title='bbox 999 812 1214 860; x_wconf 85' lang='lat' dir='ltr'>nefanda</span> <span class='ocrx_word' id='word_1_54' title='bbox 1236 827 1385 858; x_wconf 90' lang='lat' dir='ltr'>manu</span> <span class='ocrx_word' id='word_1_55' title='bbox 1406 828 1415 857; x_wconf 90' lang='lat'>:</span> 
     </span>
     <span class='ocr_line' id='line_1_11' title="bbox 208 886 1508 956; baseline -0.003 -19"><span class='ocrx_word' id='word_1_56' title='bbox 208 890 290 947; x_wconf 86' lang='lat' dir='ltr'>Et,</span> <span class='ocrx_word' id='word_1_57' title='bbox 319 908 625 955; x_wconf 86' lang='lat' dir='ltr'>quamquam</span> <span class='ocrx_word' id='word_1_58' title='bbox 651 898 881 956; x_wconf 85' lang='lat' dir='ltr'>superest</span> <span class='ocrx_word' id='word_1_59' title='bbox 903 891 1080 953; x_wconf 83' lang='lat' dir='ltr'>ingens</span> <span class='ocrx_word' id='word_1_60' title='bbox 1106 888 1315 937; x_wconf 86' lang='lat' dir='ltr'>audacia</span> <span class='ocrx_word' id='word_1_61' title='bbox 1339 886 1508 941; x_wconf 89' lang='lat' dir='ltr'>menti,</span> 
     </span>
    </p>

    <p class='ocr_par' dir='ltr' id='par_1_6' title="bbox 208 966 1454 1108">
     <span class='ocr_line' id='line_1_12' title="bbox 274 966 1283 1029; baseline -0.002 -15"><span class='ocrx_word' id='word_1_62' title='bbox 274 967 441 1015; x_wconf 89' lang='lat' dir='ltr'>Pallor</span> <span class='ocrx_word' id='word_1_63' title='bbox 466 969 515 1015; x_wconf 93' lang='lat' dir='ltr'>in</span> <span class='ocrx_word' id='word_1_64' title='bbox 541 969 762 1016; x_wconf 90' lang='lat' dir='ltr'>adtonito</span> <span class='ocrx_word' id='word_1_65' title='bbox 787 967 988 1029; x_wconf 84' lang='lat' dir='ltr'>virginis</span> <span class='ocrx_word' id='word_1_66' title='bbox 1014 982 1098 1013; x_wconf 92' lang='lat' dir='ltr'>ore</span> <span class='ocrx_word' id='word_1_67' title='bbox 1125 966 1283 1013; x_wconf 88' lang='lat' dir='ltr'>sedet.</span> 
     </span>
     <span class='ocr_line' id='line_1_13' title="bbox 208 1043 1454 1108; baseline -0.002 -18"><span class='ocrx_word' id='word_1_68' title='bbox 208 1043 340 1107; x_wconf 84' lang='lat' dir='ltr'>Ergo</span> <span class='ocrx_word' id='word_1_69' title='bbox 366 1044 449 1091; x_wconf 93' lang='lat' dir='ltr'>ubi</span> <span class='ocrx_word' id='word_1_70' title='bbox 476 1045 736 1108; x_wconf 86' lang='lat' dir='ltr'>prospexit</span> <span class='ocrx_word' id='word_1_71' title='bbox 759 1044 1007 1092; x_wconf 89' lang='lat' dir='ltr'>venientia</span> <span class='ocrx_word' id='word_1_72' title='bbox 1031 1044 1168 1099; x_wconf 83' lang='lat' dir='ltr'>vela3</span> <span class='ocrx_word' id='word_1_73' title='bbox 1210 1050 1454 1096; x_wconf 88' lang='lat' dir='ltr'>tenemur,</span> 
     </span>
    </p>
   </div>
   <div class='ocr_carea' id='block_1_4' title="bbox 274 1117 1416 1184">
    <p class='ocr_par' dir='ltr' id='par_1_7' title="bbox 274 1117 1416 1184">
     <span class='ocr_line' id='line_1_14' title="bbox 274 1117 1416 1184; baseline -0.004 -16"><span class='ocrx_word' id='word_1_74' title='bbox 274 1121 340 1168; x_wconf 88' lang='lat' dir='ltr'>Et</span> <span class='ocrx_word' id='word_1_75' title='bbox 363 1129 506 1184; x_wconf 89' lang='lat' dir='ltr'>pater</span> <span class='ocrx_word' id='word_1_76' title='bbox 529 1129 606 1168; x_wconf 91' lang='lat' dir='ltr'>est</span> <span class='ocrx_word' id='word_1_77' title='bbox 631 1122 799 1184; x_wconf 88' lang='lat' dir='ltr'>aliqua</span> <span class='ocrx_word' id='word_1_78' title='bbox 821 1120 994 1167; x_wconf 88' lang='lat' dir='ltr'>fraude</span> <span class='ocrx_word' id='word_1_79' title='bbox 1020 1118 1304 1172; x_wconf 89' lang='lat' dir='ltr'>morandus,</span> <span class='ocrx_word' id='word_1_80' title='bbox 1331 1117 1416 1164; x_wconf 89' lang='lat' dir='ltr'>ait.</span> 
     </span>
    </p>
   </div>
   <div class='ocr_carea' id='block_1_5' title="bbox 1534 1119 1599 1162">
    <p class='ocr_par' dir='ltr' id='par_1_8' title="bbox 1534 1119 1599 1162">
     <span class='ocr_line' id='line_1_15' title="bbox 1534 1119 1599 1162; baseline 0 0"><span class='ocrx_word' id='word_1_81' title='bbox 1534 1119 1599 1162; x_wconf 88' lang='lat'>20</span> 
     </span>
    </p>
   </div>
   <div class='ocr_carea' id='block_1_6' title="bbox 210 1193 1598 1261">
    <p class='ocr_par' dir='ltr' id='par_1_9' title="bbox 210 1193 1598 1261">
     <span class='ocr_line' id='line_1_16' title="bbox 210 1193 1598 1261; baseline -0.004 -16"><span class='ocrx_word' id='word_1_82' title='bbox 210 1198 362 1252; x_wconf 89' lang='lat' dir='ltr'>Dum,</span> <span class='ocrx_word' id='word_1_83' title='bbox 386 1198 508 1260; x_wconf 91' lang='lat' dir='ltr'>quid</span> <span class='ocrx_word' id='word_1_84' title='bbox 534 1206 664 1260; x_wconf 87' lang='lat' dir='ltr'>agat,</span> <span class='ocrx_word' id='word_1_85' title='bbox 688 1198 882 1261; x_wconf 89' lang='lat' dir='ltr'>quaerit,</span> <span class='ocrx_word' id='word_1_86' title='bbox 903 1199 1022 1245; x_wconf 90' lang='lat' dir='ltr'>dum</span> <span class='ocrx_word' id='word_1_87' title='bbox 1042 1204 1206 1245; x_wconf 85' lang='lat' dir='ltr'>versat</span> <span class='ocrx_word' id='word_1_88' title='bbox 1230 1197 1280 1242; x_wconf 91' lang='lat' dir='ltr'>in</span> <span class='ocrx_word' id='word_1_89' title='bbox 1305 1194 1471 1242; x_wconf 88' lang='lat' dir='ltr'>omnia</span> <span class='ocrx_word' id='word_1_90' title='bbox 1493 1193 1598 1239; x_wconf 93' lang='lat' dir='ltr'>vul-</span> 
     </span>
    </p>
   </div>
   <div class='ocr_carea' id='block_1_7' title="bbox 273 1272 1261 1323">
    <p class='ocr_par' dir='ltr' id='par_1_10' title="bbox 273 1272 1261 1323">
     <span class='ocr_line' id='line_1_17' title="bbox 273 1272 1261 1323; baseline -0.003 -1"><span class='ocrx_word' id='word_1_91' title='bbox 273 1275 353 1322; x_wconf 93' lang='lat' dir='ltr'>Ad</span> <span class='ocrx_word' id='word_1_92' title='bbox 378 1275 579 1322; x_wconf 88' lang='lat' dir='ltr'>fratrem</span> <span class='ocrx_word' id='word_1_93' title='bbox 604 1291 724 1323; x_wconf 88' lang='lat' dir='ltr'>casu</span> <span class='ocrx_word' id='word_1_94' title='bbox 750 1276 939 1323; x_wconf 89' lang='lat' dir='ltr'>lumina</span> <span class='ocrx_word' id='word_1_95' title='bbox 962 1275 1096 1322; x_wconf 86' lang='lat' dir='ltr'>flexa</span> <span class='ocrx_word' id='word_1_96' title='bbox 1119 1272 1261 1321; x_wconf 88' lang='lat' dir='ltr'>tulit:</span> 
     </span>
    </p>
   </div>
   <div class='ocr_carea' id='block_1_8' title="bbox 200 1429 872 2739">
    <p class='ocr_par' dir='ltr' id='par_1_11' title="bbox 204 1429 872 1962">
     <span class='ocr_line' id='line_1_18' title="bbox 252 1429 869 1471; baseline 0.002 -12"><span class='ocrx_word' id='word_1_97' title='bbox 252 1430 301 1460; x_wconf 86' lang='lat'>11.</span> <span class='ocrx_word' id='word_1_98' title='bbox 327 1430 450 1471; x_wconf 66' lang='lat' dir='ltr'>Quem]</span> <span class='ocrx_word' id='word_1_99' title='bbox 477 1429 752 1461; x_wconf 84' lang='lat' dir='ltr'>PatremMedeae.</span> <span class='ocrx_word' id='word_1_100' title='bbox 776 1431 869 1460; x_wconf 67' lang='lat' dir='ltr'>Man.</span> 
     </span>
     <span class='ocr_line' id='line_1_19' title="bbox 207 1479 869 1521; baseline 0 -12"><span class='ocrx_word' id='word_1_101' title='bbox 207 1480 318 1510; x_wconf 81' lang='lat' dir='ltr'>AEetes</span> <span class='ocrx_word' id='word_1_102' title='bbox 339 1490 392 1509; x_wconf 85' lang='lat' dir='ltr'>rex</span> <span class='ocrx_word' id='word_1_103' title='bbox 413 1479 488 1521; x_wconf 84' lang='lat' dir='ltr'>fuga</span> <span class='ocrx_word' id='word_1_104' title='bbox 511 1479 583 1510; x_wconf 79' lang='lat' dir='ltr'>filiae</span> <span class='ocrx_word' id='word_1_105' title='bbox 609 1479 746 1520; x_wconf 86' lang='lat' dir='ltr'>cognita,</span> <span class='ocrx_word' id='word_1_106' title='bbox 770 1479 869 1510; x_wconf 86' lang='lat' dir='ltr'>classe</span> 
     </span>
     <span class='ocr_line' id='line_1_20' title="bbox 204 1528 869 1569; baseline 0.002 -11"><span class='ocrx_word' id='word_1_107' title='bbox 204 1528 346 1559; x_wconf 87' lang='lat' dir='ltr'>celeriter</span> <span class='ocrx_word' id='word_1_108' title='bbox 369 1529 531 1565; x_wconf 88' lang='lat' dir='ltr'>instructa,</span> <span class='ocrx_word' id='word_1_109' title='bbox 547 1539 616 1560; x_wconf 86' lang='lat' dir='ltr'>eam</span> <span class='ocrx_word' id='word_1_110' title='bbox 640 1535 675 1560; x_wconf 91' lang='lat' dir='ltr'>ut</span> <span class='ocrx_word' id='word_1_111' title='bbox 698 1528 869 1569; x_wconf 80' lang='lat' dir='ltr'>fugientem</span> 
     </span>
     <span class='ocr_line' id='line_1_21' title="bbox 206 1577 871 1619; baseline 0 -12"><span class='ocrx_word' id='word_1_112' title='bbox 206 1577 386 1613; x_wconf 83' lang='lat' dir='ltr'>retraheret,</span> <span class='ocrx_word' id='word_1_113' title='bbox 417 1577 495 1608; x_wconf 91' lang='lat' dir='ltr'>velis</span> <span class='ocrx_word' id='word_1_114' title='bbox 524 1577 679 1619; x_wconf 88' lang='lat' dir='ltr'>remisque</span> <span class='ocrx_word' id='word_1_115' title='bbox 711 1577 871 1608; x_wconf 89' lang='lat' dir='ltr'>insecutus</span> 
     </span>
     <span class='ocr_line' id='line_1_22' title="bbox 204 1626 871 1658; baseline 0.003 -2"><span class='ocrx_word' id='word_1_116' title='bbox 204 1631 261 1657; x_wconf 83' lang='lat' dir='ltr'>est.</span> <span class='ocrx_word' id='word_1_117' title='bbox 286 1628 388 1658; x_wconf 65' lang='lat' dir='ltr'>Poxr.</span> <span class='ocrx_word' id='word_1_118' title='bbox 434 1628 480 1657; x_wconf 77' lang='lat' dir='ltr'>Ab</span> <span class='ocrx_word' id='word_1_119' title='bbox 492 1628 555 1657; x_wconf 78' lang='lat' dir='ltr'>alto</span> <span class='ocrx_word' id='word_1_120' title='bbox 570 1628 696 1658; x_wconf 81' lang='lat' dir='ltr'>tumulo.</span> <span class='ocrx_word' id='word_1_121' title='bbox 744 1627 795 1657; x_wconf 90' lang='lat' dir='ltr'>Ab</span> <span class='ocrx_word' id='word_1_122' title='bbox 808 1626 871 1658; x_wconf 88' lang='lat' dir='ltr'>alto</span> 
     </span>
     <span class='ocr_line' id='line_1_23' title="bbox 206 1675 872 1716; baseline 0 -11"><span class='ocrx_word' id='word_1_123' title='bbox 206 1675 286 1706; x_wconf 89' lang='lat' dir='ltr'>colle</span> <span class='ocrx_word' id='word_1_124' title='bbox 300 1675 405 1706; x_wconf 87' lang='lat' dir='ltr'>Getici</span> <span class='ocrx_word' id='word_1_125' title='bbox 420 1676 529 1707; x_wconf 85' lang='lat' dir='ltr'>litoris.</span> <span class='ocrx_word' id='word_1_126' title='bbox 570 1676 755 1716; x_wconf 71' lang='lat' dir='ltr'>Sper-ulatur.</span> <span class='ocrx_word' id='word_1_127' title='bbox 801 1675 872 1706; x_wconf 82' lang='lat' dir='ltr'>Ali-</span> 
     </span>
     <span class='ocr_line' id='line_1_24' title="bbox 205 1724 872 1766; baseline 0.001 -12"><span class='ocrx_word' id='word_1_128' title='bbox 205 1724 275 1765; x_wconf 85' lang='lat' dir='ltr'>quis</span> <span class='ocrx_word' id='word_1_129' title='bbox 303 1734 340 1755; x_wconf 90' lang='lat' dir='ltr'>ex</span> <span class='ocrx_word' id='word_1_130' title='bbox 366 1725 566 1766; x_wconf 85' lang='lat' dir='ltr'>Argonautis,</span> <span class='ocrx_word' id='word_1_131' title='bbox 579 1725 629 1756; x_wconf 87' lang='lat' dir='ltr'>vel</span> <span class='ocrx_word' id='word_1_132' title='bbox 653 1736 691 1756; x_wconf 86' lang='lat' dir='ltr'>ex</span> <span class='ocrx_word' id='word_1_133' title='bbox 716 1724 872 1766; x_wconf 85' lang='lat' dir='ltr'>indigenis</span> 
     </span>
     <span class='ocr_line' id='line_1_25' title="bbox 204 1773 869 1817; baseline 0.003 -14"><span class='ocrx_word' id='word_1_134' title='bbox 204 1773 340 1814; x_wconf 86' lang='lat' dir='ltr'>Scythis,</span> <span class='ocrx_word' id='word_1_135' title='bbox 357 1774 411 1816; x_wconf 87' lang='lat' dir='ltr'>qui</span> <span class='ocrx_word' id='word_1_136' title='bbox 433 1775 544 1805; x_wconf 90' lang='lat' dir='ltr'>collem</span> <span class='ocrx_word' id='word_1_137' title='bbox 567 1774 783 1811; x_wconf 82' lang='lat' dir='ltr'>adscenderat,</span> <span class='ocrx_word' id='word_1_138' title='bbox 799 1785 869 1817; x_wconf 91' lang='lat' dir='ltr'>pro-</span> 
     </span>
     <span class='ocr_line' id='line_1_26' title="bbox 205 1823 869 1865; baseline 0.005 -14"><span class='ocrx_word' id='word_1_139' title='bbox 205 1827 370 1863; x_wconf 86' lang='lat' dir='ltr'>specturus</span> <span class='ocrx_word' id='word_1_140' title='bbox 385 1834 424 1854; x_wconf 90' lang='lat' dir='ltr'>an</span> <span class='ocrx_word' id='word_1_141' title='bbox 440 1833 503 1859; x_wconf 90' lang='lat' dir='ltr'>eos,</span> <span class='ocrx_word' id='word_1_142' title='bbox 519 1823 573 1865; x_wconf 93' lang='lat' dir='ltr'>qui</span> <span class='ocrx_word' id='word_1_143' title='bbox 589 1830 677 1865; x_wconf 88' lang='lat' dir='ltr'>rapto</span> <span class='ocrx_word' id='word_1_144' title='bbox 698 1834 790 1854; x_wconf 86' lang='lat' dir='ltr'>aureo</span> <span class='ocrx_word' id='word_1_145' title='bbox 805 1823 869 1854; x_wconf 90' lang='lat' dir='ltr'>vel—</span> 
     </span>
     <span class='ocr_line' id='line_1_27' title="bbox 206 1871 871 1914; baseline 0.002 -13"><span class='ocrx_word' id='word_1_146' title='bbox 206 1871 268 1901; x_wconf 88' lang='lat' dir='ltr'>lere</span> <span class='ocrx_word' id='word_1_147' title='bbox 299 1872 496 1913; x_wconf 82' lang='lat' dir='ltr'>aufugerant,</span> <span class='ocrx_word' id='word_1_148' title='bbox 526 1883 564 1903; x_wconf 87' lang='lat' dir='ltr'>ex</span> <span class='ocrx_word' id='word_1_149' title='bbox 594 1872 746 1903; x_wconf 90' lang='lat' dir='ltr'>Colchide</span> <span class='ocrx_word' id='word_1_150' title='bbox 773 1871 871 1914; x_wconf 87' lang='lat' dir='ltr'>aliqui</span> 
     </span>
     <span class='ocr_line' id='line_1_28' title="bbox 206 1928 452 1962; baseline 0.008 -11"><span class='ocrx_word' id='word_1_151' title='bbox 206 1928 452 1962; x_wconf 75' lang='lat' dir='ltr'>insequerentur.</span> 
     </span>
    </p>

    <p class='ocr_par' dir='ltr' id='par_1_12' title="bbox 200 1970 872 2739">
     <span class='ocr_line' id='line_1_29' title="bbox 252 1970 870 2012; baseline 0.002 -13"><span class='ocrx_word' id='word_1_152' title='bbox 252 1971 301 2000; x_wconf 87' lang='lat'>12.</span> <span class='ocrx_word' id='word_1_153' title='bbox 326 1970 473 2001; x_wconf 86' lang='lat' dir='ltr'>Heinsius</span> <span class='ocrx_word' id='word_1_154' title='bbox 497 1970 598 2006; x_wconf 65' lang='lat' dir='ltr'>malit,</span> <span class='ocrx_word' id='word_1_155' title='bbox 616 1970 768 2012; x_wconf 88' lang='lat' dir='ltr'>probante</span> <span class='ocrx_word' id='word_1_156' title='bbox 793 1970 870 2000; x_wconf 80' lang='lat' dir='ltr'>Ver-</span> 
     </span>
     <span class='ocr_line' id='line_1_30' title="bbox 200 2019 871 2060; baseline 0.001 -10"><span class='ocrx_word' id='word_1_157' title='bbox 200 2026 354 2060; x_wconf 68' lang='lat' dir='ltr'>,poortem</span> <span class='ocrx_word' id='word_1_158' title='bbox 389 2020 492 2050; x_wconf 80' lang='lat' dir='ltr'>Hostis</span> <span class='ocrx_word' id='word_1_159' title='bbox 521 2022 576 2055; x_wconf 80' lang='lat' dir='ltr'>ait,</span> <span class='ocrx_word' id='word_1_160' title='bbox 601 2030 696 2055; x_wconf 77' lang='lat' dir='ltr'>nosco,</span> <span class='ocrx_word' id='word_1_161' title='bbox 724 2019 871 2057; x_wconf 59' lang='lat' dir='ltr'>Coit-him,</span> 
     </span>
     <span class='ocr_line' id='line_1_31' title="bbox 205 2069 872 2105; baseline 0.001 -6"><span class='ocrx_word' id='word_1_162' title='bbox 205 2070 281 2105; x_wconf 80' lang='lat' dir='ltr'>vela,</span> <span class='ocrx_word' id='word_1_163' title='bbox 307 2072 397 2105; x_wconf 78' lang='lat' dir='ltr'>venit,</span> <span class='ocrx_word' id='word_1_164' title='bbox 421 2069 453 2100; x_wconf 85' lang='lat' dir='ltr'>h.</span> <span class='ocrx_word' id='word_1_165' title='bbox 476 2080 503 2100; x_wconf 93' lang='lat' dir='ltr'>e.</span> <span class='ocrx_word' id='word_1_166' title='bbox 527 2069 571 2100; x_wconf 89' lang='lat' dir='ltr'>ait</span> <span class='ocrx_word' id='word_1_167' title='bbox 599 2069 753 2105; x_wconf 86' lang='lat' dir='ltr'>Colchidi,</span> <span class='ocrx_word' id='word_1_168' title='bbox 775 2069 872 2100; x_wconf 88' lang='lat' dir='ltr'>hostis</span> 
     </span>
     <span class='ocr_line' id='line_1_32' title="bbox 206 2118 870 2159; baseline -0.002 -10"><span class='ocrx_word' id='word_1_169' title='bbox 206 2118 303 2155; x_wconf 87' lang='lat' dir='ltr'>venit,</span> <span class='ocrx_word' id='word_1_170' title='bbox 327 2129 420 2149; x_wconf 89' lang='lat' dir='ltr'>nosco</span> <span class='ocrx_word' id='word_1_171' title='bbox 443 2118 533 2149; x_wconf 89' lang='lat' dir='ltr'>vela:</span> <span class='ocrx_word' id='word_1_172' title='bbox 563 2124 595 2149; x_wconf 90' lang='lat' dir='ltr'>et</span> <span class='ocrx_word' id='word_1_173' title='bbox 618 2118 725 2159; x_wconf 87' lang='lat' dir='ltr'>pulcre</span> <span class='ocrx_word' id='word_1_174' title='bbox 755 2124 870 2155; x_wconf 87' lang='lat' dir='ltr'>monet,</span> 
     </span>
     <span class='ocr_line' id='line_1_33' title="bbox 206 2167 871 2210; baseline 0 -12"><span class='ocrx_word' id='word_1_175' title='bbox 206 2168 348 2209; x_wconf 82' lang='lat' dir='ltr'>adposite</span> <span class='ocrx_word' id='word_1_176' title='bbox 363 2169 512 2210; x_wconf 82' lang='lat' dir='ltr'>perplexa</span> <span class='ocrx_word' id='word_1_177' title='bbox 525 2167 570 2198; x_wconf 91' lang='lat' dir='ltr'>uti</span> <span class='ocrx_word' id='word_1_178' title='bbox 582 2167 717 2198; x_wconf 88' lang='lat' dir='ltr'>oratione</span> <span class='ocrx_word' id='word_1_179' title='bbox 728 2168 871 2208; x_wconf 86' lang='lat' dir='ltr'>specula-</span> 
     </span>
     <span class='ocr_line' id='line_1_34' title="bbox 202 2216 867 2254; baseline 0.002 -8"><span class='ocrx_word' id='word_1_180' title='bbox 202 2223 314 2248; x_wconf 76' lang='lat' dir='ltr'>torem.</span> <span class='ocrx_word' id='word_1_181' title='bbox 358 2218 464 2254; x_wconf 79' lang='lat' dir='ltr'>Quum</span> <span class='ocrx_word' id='word_1_182' title='bbox 481 2228 552 2248; x_wconf 88' lang='lat' dir='ltr'>vero</span> <span class='ocrx_word' id='word_1_183' title='bbox 574 2227 636 2247; x_wconf 92' lang='lat' dir='ltr'>non</span> <span class='ocrx_word' id='word_1_184' title='bbox 656 2217 713 2247; x_wconf 88' lang='lat' dir='ltr'>soli</span> <span class='ocrx_word' id='word_1_185' title='bbox 728 2216 867 2253; x_wconf 81' lang='lat' dir='ltr'>Medeae,</span> 
     </span>
     <span class='ocr_line' id='line_1_35' title="bbox 205 2264 869 2307; baseline -0.005 -9"><span class='ocrx_word' id='word_1_186' title='bbox 205 2266 259 2298; x_wconf 88' lang='lat' dir='ltr'>sed</span> <span class='ocrx_word' id='word_1_187' title='bbox 280 2266 423 2298; x_wconf 87' lang='lat' dir='ltr'>omnibus</span> <span class='ocrx_word' id='word_1_188' title='bbox 444 2264 575 2307; x_wconf 85' lang='lat' dir='ltr'>Minyis,</span> <span class='ocrx_word' id='word_1_189' title='bbox 591 2265 645 2307; x_wconf 90' lang='lat' dir='ltr'>qui</span> <span class='ocrx_word' id='word_1_190' title='bbox 661 2265 869 2306; x_wconf 70' lang='lat' dir='ltr'>nepidabant,</span> 
     </span>
     <span class='ocr_line' id='line_1_36' title="bbox 205 2315 869 2357; baseline 0 -12"><span class='ocrx_word' id='word_1_191' title='bbox 205 2316 322 2346; x_wconf 84' lang='lat' dir='ltr'>clamet</span> <span class='ocrx_word' id='word_1_192' title='bbox 336 2316 524 2357; x_wconf 84' lang='lat' dir='ltr'>speculator,</span> <span class='ocrx_word' id='word_1_193' title='bbox 540 2316 750 2350; x_wconf 89' lang='lat' dir='ltr'>Burmannus,</span> <span class='ocrx_word' id='word_1_194' title='bbox 767 2325 800 2345; x_wconf 92' lang='lat' dir='ltr'>se</span> <span class='ocrx_word' id='word_1_195' title='bbox 822 2315 869 2345; x_wconf 91' lang='lat' dir='ltr'>lu-</span> 
     </span>
     <span class='ocr_line' id='line_1_37' title="bbox 206 2363 869 2405; baseline -0.003 -10"><span class='ocrx_word' id='word_1_196' title='bbox 206 2364 330 2396; x_wconf 88' lang='lat' dir='ltr'>bentius</span> <span class='ocrx_word' id='word_1_197' title='bbox 367 2365 481 2405; x_wconf 85' lang='lat' dir='ltr'>legere,</span> <span class='ocrx_word' id='word_1_198' title='bbox 511 2363 634 2395; x_wconf 86' lang='lat' dir='ltr'>scribit:</span> <span class='ocrx_word' id='word_1_199' title='bbox 677 2363 788 2400; x_wconf 81' lang='lat' dir='ltr'>Hostis,</span> <span class='ocrx_word' id='word_1_200' title='bbox 814 2365 869 2399; x_wconf 80' lang='lat' dir='ltr'>ait,</span> 
     </span>
     <span class='ocr_line' id='line_1_38' title="bbox 206 2412 869 2450; baseline 0 -7"><span class='ocrx_word' id='word_1_201' title='bbox 206 2424 300 2449; x_wconf 77' lang='lat' dir='ltr'>nosce,</span> <span class='ocrx_word' id='word_1_202' title='bbox 315 2413 465 2448; x_wconf 79' lang='lat' dir='ltr'>Colchide,</span> <span class='ocrx_word' id='word_1_203' title='bbox 475 2414 551 2450; x_wconf 74' lang='lat' dir='ltr'>velo,</span> <span class='ocrx_word' id='word_1_204' title='bbox 564 2415 664 2443; x_wconf 80' lang='lat' dir='ltr'>venit.-</span> <span class='ocrx_word' id='word_1_205' title='bbox 689 2418 721 2443; x_wconf 91' lang='lat' dir='ltr'>et</span> <span class='ocrx_word' id='word_1_206' title='bbox 736 2412 869 2443; x_wconf 86' lang='lat' dir='ltr'>similem</span> 
     </span>
     <span class='ocr_line' id='line_1_39' title="bbox 205 2461 868 2504; baseline 0 -12"><span class='ocrx_word' id='word_1_207' title='bbox 205 2463 416 2504; x_wconf 89' lang='lat' dir='ltr'>perturbatam</span> <span class='ocrx_word' id='word_1_208' title='bbox 445 2462 555 2493; x_wconf 85' lang='lat' dir='ltr'>laudat</span> <span class='ocrx_word' id='word_1_209' title='bbox 583 2461 753 2493; x_wconf 88' lang='lat' dir='ltr'>orationem</span> <span class='ocrx_word' id='word_1_210' title='bbox 785 2461 868 2504; x_wconf 90' lang='lat' dir='ltr'>apud</span> 
     </span>
     <span class='ocr_line' id='line_1_40' title="bbox 209 2511 866 2543; baseline -0.002 -1"><span class='ocrx_word' id='word_1_211' title='bbox 209 2512 314 2543; x_wconf 84' lang='lat' dir='ltr'>Valer.</span> <span class='ocrx_word' id='word_1_212' title='bbox 330 2512 435 2543; x_wconf 90' lang='lat' dir='ltr'>Flacc.</span> <span class='ocrx_word' id='word_1_213' title='bbox 452 2511 493 2542; x_wconf 86' lang='lat' dir='ltr'>vi.</span> <span class='ocrx_word' id='word_1_214' title='bbox 508 2513 560 2542; x_wconf 80' lang='lat'>28.</span> <span class='ocrx_word' id='word_1_215' title='bbox 609 2512 694 2541; x_wconf 82' lang='lat' dir='ltr'>Mars</span> <span class='ocrx_word' id='word_1_216' title='bbox 716 2522 807 2542; x_wconf 81' lang='lat' dir='ltr'>saerus</span> <span class='ocrx_word' id='word_1_217' title='bbox 829 2512 866 2541; x_wconf 84' lang='lat' dir='ltr'>ab</span> 
     </span>
     <span class='ocr_line' id='line_1_41' title="bbox 204 2560 866 2602; baseline 0 -12"><span class='ocrx_word' id='word_1_218' title='bbox 204 2562 276 2591; x_wconf 79' lang='lat' dir='ltr'>ullis</span> <span class='ocrx_word' id='word_1_219' title='bbox 300 2560 402 2591; x_wconf 84' lang='lat' dir='ltr'>Hostis</span> <span class='ocrx_word' id='word_1_220' title='bbox 424 2563 450 2590; x_wconf 83' lang='lat' dir='ltr'>io</span> <span class='ocrx_word' id='word_1_221' title='bbox 475 2562 651 2596; x_wconf 76' lang='lat' dir='ltr'>conclamat,</span> <span class='ocrx_word' id='word_1_222' title='bbox 667 2563 759 2600; x_wconf 81' lang='lat' dir='ltr'>equis,</span> <span class='ocrx_word' id='word_1_223' title='bbox 774 2562 866 2602; x_wconf 79' lang='lat' dir='ltr'>agite,</span> 
     </span>
     <span class='ocr_line' id='line_1_42' title="bbox 206 2609 867 2650; baseline 0.002 -12"><span class='ocrx_word' id='word_1_224' title='bbox 206 2612 256 2645; x_wconf 79' lang='lat' dir='ltr'>ite,</span> <span class='ocrx_word' id='word_1_225' title='bbox 294 2612 486 2650; x_wconf 75' lang='lat' dir='ltr'>propinquat.</span> <span class='ocrx_word' id='word_1_226' title='bbox 532 2609 618 2640; x_wconf 87' lang='lat' dir='ltr'>Edit.</span> <span class='ocrx_word' id='word_1_227' title='bbox 656 2615 718 2640; x_wconf 87' lang='lat' dir='ltr'>vet.</span> <span class='ocrx_word' id='word_1_228' title='bbox 753 2609 867 2646; x_wconf 89' lang='lat' dir='ltr'>habet;</span> 
     </span>
     <span class='ocr_line' id='line_1_43' title="bbox 210 2658 868 2698; baseline 0.003 -11"><span class='ocrx_word' id='word_1_229' title='bbox 210 2658 318 2698; x_wconf 82' lang='lat' dir='ltr'>Hospes</span> <span class='ocrx_word' id='word_1_230' title='bbox 332 2662 396 2689; x_wconf 78' lang='lat' dir='ltr'>nit:</span> <span class='ocrx_word' id='word_1_231' title='bbox 415 2671 496 2689; x_wconf 78' lang='lat' dir='ltr'>nosco</span> <span class='ocrx_word' id='word_1_232' title='bbox 511 2659 654 2689; x_wconf 79' lang='lat' dir='ltr'>Colchida</span> <span class='ocrx_word' id='word_1_233' title='bbox 671 2660 733 2689; x_wconf 72' lang='lat' dir='ltr'>vela</span> <span class='ocrx_word' id='word_1_234' title='bbox 747 2670 756 2695; x_wconf 93' lang='lat'>,·</span> <span class='ocrx_word' id='word_1_235' title='bbox 778 2661 868 2689; x_wconf 73' lang='lat' dir='ltr'>venit.</span> 
     </span>
     <span class='ocr_line' id='line_1_44' title="bbox 205 2706 868 2739; baseline 0.003 -3"><span class='ocrx_word' id='word_1_236' title='bbox 205 2713 237 2736; x_wconf 87' lang='lat' dir='ltr'>ut</span> <span class='ocrx_word' id='word_1_237' title='bbox 262 2706 354 2737; x_wconf 78' lang='lat' dir='ltr'>etiam</span> <span class='ocrx_word' id='word_1_238' title='bbox 379 2708 477 2738; x_wconf 87' lang='lat' dir='ltr'>codex</span> <span class='ocrx_word' id='word_1_239' title='bbox 500 2709 614 2738; x_wconf 87' lang='lat' dir='ltr'>Moret.</span> <span class='ocrx_word' id='word_1_240' title='bbox 631 2713 661 2739; x_wconf 91' lang='lat' dir='ltr'>et</span> <span class='ocrx_word' id='word_1_241' title='bbox 683 2708 789 2738; x_wconf 85' lang='lat' dir='ltr'>multae</span> <span class='ocrx_word' id='word_1_242' title='bbox 814 2707 868 2739; x_wconf 87' lang='lat' dir='ltr'>ha-</span> 
     </span>
    </p>
   </div>
   <div class='ocr_carea' id='block_1_9' title="bbox 1478 1271 1596 1332">
    <p class='ocr_par' dir='ltr' id='par_1_13' title="bbox 1478 1271 1596 1332">
     <span class='ocr_line' id='line_1_45' title="bbox 1478 1271 1596 1332; baseline -0.017 -15"><span class='ocrx_word' id='word_1_243' title='bbox 1478 1271 1596 1332; x_wconf 89' lang='lat' dir='ltr'>[tus‚</span> 
     </span>
    </p>
   </div>
   <div class='ocr_carea' id='block_1_10' title="bbox 935 1425 1602 2750">
    <p class='ocr_par' dir='ltr' id='par_1_14' title="bbox 936 1425 1578 1466">
     <span class='ocr_line' id='line_1_46' title="bbox 936 1425 1578 1466; baseline -0.009 -6"><span class='ocrx_word' id='word_1_244' title='bbox 936 1430 1011 1460; x_wconf 89' lang='lat' dir='ltr'>bent</span> <span class='ocrx_word' id='word_1_245' title='bbox 1027 1428 1098 1459; x_wconf 88' lang='lat' dir='ltr'>edd.</span> <span class='ocrx_word' id='word_1_246' title='bbox 1116 1438 1173 1458; x_wconf 91' lang='lat' dir='ltr'>nec</span> <span class='ocrx_word' id='word_1_247' title='bbox 1190 1427 1282 1462; x_wconf 87' lang='lat' dir='ltr'>male,</span> <span class='ocrx_word' id='word_1_248' title='bbox 1298 1425 1324 1456; x_wconf 89' lang='lat' dir='ltr'>si</span> <span class='ocrx_word' id='word_1_249' title='bbox 1339 1425 1464 1466; x_wconf 85' lang='lat' dir='ltr'>legeris,</span> <span class='ocrx_word' id='word_1_250' title='bbox 1480 1425 1578 1455; x_wconf 80' lang='lat' dir='ltr'>hostis.</span> 
     </span>
    </p>

    <p class='ocr_par' dir='ltr' id='par_1_15' title="bbox 936 1474 1602 1806">
     <span class='ocr_line' id='line_1_47' title="bbox 982 1474 1602 1509; baseline -0.008 0"><span class='ocrx_word' id='word_1_251' title='bbox 982 1479 1082 1509; x_wconf 77' lang='lat' dir='ltr'>Hostis</span> <span class='ocrx_word' id='word_1_252' title='bbox 1103 1488 1175 1509; x_wconf 89' lang='lat' dir='ltr'>cum</span> <span class='ocrx_word' id='word_1_253' title='bbox 1199 1475 1329 1507; x_wconf 87' lang='lat' dir='ltr'>Heinsio</span> <span class='ocrx_word' id='word_1_254' title='bbox 1353 1474 1500 1506; x_wconf 88' lang='lat' dir='ltr'>emendat</span> <span class='ocrx_word' id='word_1_255' title='bbox 1522 1475 1602 1505; x_wconf 86' lang='lat' dir='ltr'>Ver-</span> 
     </span>
     <span class='ocr_line' id='line_1_48' title="bbox 936 1525 1598 1569; baseline -0.008 -10"><span class='ocrx_word' id='word_1_256' title='bbox 936 1529 1025 1569; x_wconf 86' lang='lat' dir='ltr'>burg.</span> <span class='ocrx_word' id='word_1_257' title='bbox 1049 1527 1082 1557; x_wconf 91' lang='lat' dir='ltr'>in</span> <span class='ocrx_word' id='word_1_258' title='bbox 1105 1526 1234 1569; x_wconf 89' lang='lat' dir='ltr'>reliquis</span> <span class='ocrx_word' id='word_1_259' title='bbox 1257 1525 1335 1555; x_wconf 92' lang='lat' dir='ltr'>nihil</span> <span class='ocrx_word' id='word_1_260' title='bbox 1358 1530 1477 1555; x_wconf 87' lang='lat' dir='ltr'>mutat:</span> <span class='ocrx_word' id='word_1_261' title='bbox 1501 1534 1598 1565; x_wconf 91' lang='lat' dir='ltr'>quum</span> 
     </span>
     <span class='ocr_line' id='line_1_49' title="bbox 936 1572 1602 1618; baseline -0.006 -11"><span class='ocrx_word' id='word_1_262' title='bbox 936 1575 1113 1618; x_wconf 89' lang='lat' dir='ltr'>speculator</span> <span class='ocrx_word' id='word_1_263' title='bbox 1127 1575 1222 1612; x_wconf 87' lang='lat' dir='ltr'>dicat,</span> <span class='ocrx_word' id='word_1_264' title='bbox 1234 1574 1344 1606; x_wconf 85' lang='lat' dir='ltr'>videns</span> <span class='ocrx_word' id='word_1_265' title='bbox 1356 1584 1393 1604; x_wconf 85' lang='lat' dir='ltr'>ex</span> <span class='ocrx_word' id='word_1_266' title='bbox 1407 1573 1470 1604; x_wconf 90' lang='lat' dir='ltr'>alto</span> <span class='ocrx_word' id='word_1_267' title='bbox 1482 1572 1602 1604; x_wconf 89' lang='lat' dir='ltr'>tumulo</span> 
     </span>
     <span class='ocr_line' id='line_1_50' title="bbox 937 1622 1601 1663; baseline -0.008 -6"><span class='ocrx_word' id='word_1_268' title='bbox 937 1636 1050 1657; x_wconf 88' lang='lat' dir='ltr'>navem</span> <span class='ocrx_word' id='word_1_269' title='bbox 1073 1636 1105 1656; x_wconf 88' lang='lat' dir='ltr'>se</span> <span class='ocrx_word' id='word_1_270' title='bbox 1129 1625 1250 1655; x_wconf 88' lang='lat' dir='ltr'>novisse</span> <span class='ocrx_word' id='word_1_271' title='bbox 1266 1624 1337 1655; x_wconf 89' lang='lat' dir='ltr'>vela</span> <span class='ocrx_word' id='word_1_272' title='bbox 1359 1622 1520 1663; x_wconf 84' lang='lat' dir='ltr'>Colchica,</span> <span class='ocrx_word' id='word_1_273' title='bbox 1536 1622 1601 1653; x_wconf 76' lang='lat' dir='ltr'>sive</span> 
     </span>
     <span class='ocr_line' id='line_1_51' title="bbox 938 1671 1602 1715; baseline -0.005 -10"><span class='ocrx_word' id='word_1_274' title='bbox 938 1685 976 1706; x_wconf 85' lang='lat' dir='ltr'>ex</span> <span class='ocrx_word' id='word_1_275' title='bbox 993 1674 1158 1710; x_wconf 87' lang='lat' dir='ltr'>Colchide,</span> <span class='ocrx_word' id='word_1_276' title='bbox 1173 1674 1258 1715; x_wconf 90' lang='lat' dir='ltr'>quod</span> <span class='ocrx_word' id='word_1_277' title='bbox 1269 1672 1351 1704; x_wconf 85' lang='lat' dir='ltr'>idem</span> <span class='ocrx_word' id='word_1_278' title='bbox 1364 1678 1411 1704; x_wconf 90' lang='lat' dir='ltr'>est</span> <span class='ocrx_word' id='word_1_279' title='bbox 1426 1672 1456 1702; x_wconf 91' lang='lat' dir='ltr'>h.</span> <span class='ocrx_word' id='word_1_280' title='bbox 1468 1671 1489 1703; x_wconf 89' lang='lat' dir='ltr'>l.</span> <span class='ocrx_word' id='word_1_281' title='bbox 1521 1672 1549 1703; x_wconf 71' lang='grc' dir='ltr'>Υ</span> <span class='ocrx_word' id='word_1_282' title='bbox 1553 1682 1602 1703; x_wconf 88' lang='lat' dir='ltr'>ar-</span> 
     </span>
     <span class='ocr_line' id='line_1_52' title="bbox 939 1722 1599 1765; baseline -0.005 -10"><span class='ocrx_word' id='word_1_283' title='bbox 939 1735 971 1756; x_wconf 91' lang='lat' dir='ltr'>ro</span> <span class='ocrx_word' id='word_1_284' title='bbox 985 1725 1098 1755; x_wconf 78' lang='lat' dir='ltr'>cultros</span> <span class='ocrx_word' id='word_1_285' title='bbox 1114 1724 1275 1765; x_wconf 78' lang='lat' dir='ltr'>Bithynia,</span> <span class='ocrx_word' id='word_1_286' title='bbox 1292 1723 1383 1758; x_wconf 85' lang='lat' dir='ltr'>Cato,</span> <span class='ocrx_word' id='word_1_287' title='bbox 1398 1723 1488 1753; x_wconf 80' lang='lat' dir='ltr'>soleas</span> <span class='ocrx_word' id='word_1_288' title='bbox 1506 1722 1599 1762; x_wconf 75' lang='lat' dir='ltr'>Syra-</span> 
     </span>
     <span class='ocr_line' id='line_1_53' title="bbox 939 1772 1380 1806; baseline -0.007 -1"><span class='ocrx_word' id='word_1_289' title='bbox 939 1776 1016 1806; x_wconf 78' lang='lat' dir='ltr'>cusis</span> <span class='ocrx_word' id='word_1_290' title='bbox 1029 1773 1183 1804; x_wconf 89' lang='lat' dir='ltr'>dixerant.</span> <span class='ocrx_word' id='word_1_291' title='bbox 1227 1772 1380 1803; x_wconf 53' lang='lat' dir='ltr'>Han-s.</span> 
     </span>
    </p>

    <p class='ocr_par' dir='ltr' id='par_1_16' title="bbox 936 1819 1602 2494">
     <span class='ocr_line' id='line_1_54' title="bbox 987 1819 1602 1863; baseline -0.007 -10"><span class='ocrx_word' id='word_1_292' title='bbox 987 1824 1035 1854; x_wconf 89' lang='lat'>13.</span> <span class='ocrx_word' id='word_1_293' title='bbox 1057 1822 1248 1863; x_wconf 77' lang='lat' dir='ltr'>Argonautae</span> <span class='ocrx_word' id='word_1_294' title='bbox 1263 1821 1377 1861; x_wconf 68' lang='lat' dir='ltr'>Minyae</span> <span class='ocrx_word' id='word_1_295' title='bbox 1392 1819 1469 1850; x_wconf 87' lang='lat' dir='ltr'>dicti</span> <span class='ocrx_word' id='word_1_296' title='bbox 1485 1826 1567 1854; x_wconf 91' lang='lat' dir='ltr'>sunt,</span> <span class='ocrx_word' id='word_1_297' title='bbox 1583 1829 1602 1850; x_wconf 91' lang='lat' dir='ltr'>a</span> 
     </span>
     <span class='ocr_line' id='line_1_55' title="bbox 939 1870 1602 1913; baseline -0.005 -11"><span class='ocrx_word' id='word_1_298' title='bbox 939 1872 1063 1913; x_wconf 85' lang='lat' dir='ltr'>Minya,</span> <span class='ocrx_word' id='word_1_299' title='bbox 1085 1870 1226 1912; x_wconf 88' lang='lat' dir='ltr'>Neptuni</span> <span class='ocrx_word' id='word_1_300' title='bbox 1248 1870 1323 1906; x_wconf 88' lang='lat' dir='ltr'>filio,</span> <span class='ocrx_word' id='word_1_301' title='bbox 1337 1870 1427 1911; x_wconf 87' lang='lat' dir='ltr'>cujus</span> <span class='ocrx_word' id='word_1_302' title='bbox 1448 1879 1602 1911; x_wconf 86' lang='lat' dir='ltr'>pronepos</span> 
     </span>
     <span class='ocr_line' id='line_1_56' title="bbox 940 1918 1600 1959; baseline -0.008 -7"><span class='ocrx_word' id='word_1_303' title='bbox 940 1932 978 1952; x_wconf 87' lang='lat' dir='ltr'>ex</span> <span class='ocrx_word' id='word_1_304' title='bbox 1018 1920 1082 1951; x_wconf 84' lang='lat' dir='ltr'>filia</span> <span class='ocrx_word' id='word_1_305' title='bbox 1115 1919 1174 1950; x_wconf 87' lang='lat' dir='ltr'>suit</span> <span class='ocrx_word' id='word_1_306' title='bbox 1210 1920 1230 1950; x_wconf 87' lang='lat' dir='ltr'>J</span> <span class='ocrx_word' id='word_1_307' title='bbox 1233 1929 1318 1955; x_wconf 86' lang='lat' dir='ltr'>ason,</span> <span class='ocrx_word' id='word_1_308' title='bbox 1347 1918 1600 1959; x_wconf 84' lang='lat' dir='ltr'>Argonautarum</span> 
     </span>
     <span class='ocr_line' id='line_1_57' title="bbox 938 1966 1601 2013; baseline -0.008 -12"><span class='ocrx_word' id='word_1_309' title='bbox 938 1970 1093 2013; x_wconf 86' lang='lat' dir='ltr'>princeps.</span> <span class='ocrx_word' id='word_1_310' title='bbox 1138 1969 1189 1999; x_wconf 85' lang='lat' dir='ltr'>Ab</span> <span class='ocrx_word' id='word_1_311' title='bbox 1202 1968 1313 1999; x_wconf 87' lang='lat' dir='ltr'>eodem</span> <span class='ocrx_word' id='word_1_312' title='bbox 1328 1967 1454 2009; x_wconf 88' lang='lat' dir='ltr'>Minya,</span> <span class='ocrx_word' id='word_1_313' title='bbox 1471 1966 1525 2009; x_wconf 90' lang='lat' dir='ltr'>qui</span> <span class='ocrx_word' id='word_1_314' title='bbox 1541 1967 1601 1998; x_wconf 91' lang='lat' dir='ltr'>Or-</span> 
     </span>
     <span class='ocr_line' id='line_1_58' title="bbox 939 2016 1600 2053; baseline -0.008 -2"><span class='ocrx_word' id='word_1_315' title='bbox 939 2019 1082 2052; x_wconf 85' lang='lat' dir='ltr'>chomeni</span> <span class='ocrx_word' id='word_1_316' title='bbox 1097 2020 1130 2049; x_wconf 90' lang='lat' dir='ltr'>in</span> <span class='ocrx_word' id='word_1_317' title='bbox 1144 2017 1311 2049; x_wconf 86' lang='lat' dir='ltr'>Thessalia</span> <span class='ocrx_word' id='word_1_318' title='bbox 1325 2016 1488 2053; x_wconf 89' lang='lat' dir='ltr'>habitavit,</span> <span class='ocrx_word' id='word_1_319' title='bbox 1504 2017 1600 2047; x_wconf 87' lang='lat' dir='ltr'>etiam</span> 
     </span>
     <span class='ocr_line' id='line_1_59' title="bbox 939 2065 1602 2111; baseline -0.008 -11"><span class='ocrx_word' id='word_1_320' title='bbox 939 2080 1014 2111; x_wconf 89' lang='lat' dir='ltr'>gens</span> <span class='ocrx_word' id='word_1_321' title='bbox 1040 2069 1095 2099; x_wconf 84' lang='lat' dir='ltr'>illa</span> <span class='ocrx_word' id='word_1_322' title='bbox 1117 2066 1397 2099; x_wconf 88' lang='lat' dir='ltr'>Orchomeniorum</span> <span class='ocrx_word' id='word_1_323' title='bbox 1422 2065 1530 2097; x_wconf 89' lang='lat' dir='ltr'>sortita</span> <span class='ocrx_word' id='word_1_324' title='bbox 1554 2072 1602 2096; x_wconf 79' lang='lat' dir='ltr'>est</span> 
     </span>
     <span class='ocr_line' id='line_1_60' title="bbox 939 2115 1600 2159; baseline -0.005 -10"><span class='ocrx_word' id='word_1_325' title='bbox 939 2129 1050 2149; x_wconf 87' lang='lat' dir='ltr'>nomen</span> <span class='ocrx_word' id='word_1_326' title='bbox 1067 2118 1259 2159; x_wconf 87' lang='lat' dir='ltr'>Minyarum.</span> <span class='ocrx_word' id='word_1_327' title='bbox 1304 2117 1352 2147; x_wconf 85' lang='lat' dir='ltr'>Ex</span> <span class='ocrx_word' id='word_1_328' title='bbox 1366 2115 1532 2147; x_wconf 87' lang='lat' dir='ltr'>Thessalia</span> <span class='ocrx_word' id='word_1_329' title='bbox 1545 2125 1600 2146; x_wconf 89' lang='lat' dir='ltr'>au-</span> 
     </span>
     <span class='ocr_line' id='line_1_61' title="bbox 939 2163 1601 2208; baseline -0.006 -10"><span class='ocrx_word' id='word_1_330' title='bbox 939 2173 1001 2198; x_wconf 88' lang='lat' dir='ltr'>tem</span> <span class='ocrx_word' id='word_1_331' title='bbox 1015 2166 1144 2208; x_wconf 84' lang='lat' dir='ltr'>profecti</span> <span class='ocrx_word' id='word_1_332' title='bbox 1155 2171 1227 2197; x_wconf 90' lang='lat' dir='ltr'>sunt</span> <span class='ocrx_word' id='word_1_333' title='bbox 1240 2165 1431 2206; x_wconf 88' lang='lat' dir='ltr'>Argonautae</span> <span class='ocrx_word' id='word_1_334' title='bbox 1443 2176 1450 2203; x_wconf 77' lang='lat'><em>3</em></span> <span class='ocrx_word' id='word_1_335' title='bbox 1467 2163 1601 2205; x_wconf 86' lang='lat' dir='ltr'>ideoque</span> 
     </span>
     <span class='ocr_line' id='line_1_62' title="bbox 939 2214 1601 2255; baseline -0.003 -9"><span class='ocrx_word' id='word_1_336' title='bbox 939 2216 1034 2247; x_wconf 89' lang='lat' dir='ltr'>etiam</span> <span class='ocrx_word' id='word_1_337' title='bbox 1058 2215 1101 2246; x_wconf 89' lang='lat' dir='ltr'>sic</span> <span class='ocrx_word' id='word_1_338' title='bbox 1128 2216 1254 2255; x_wconf 79' lang='lat' dir='ltr'>Minyoe,</span> <span class='ocrx_word' id='word_1_339' title='bbox 1279 2214 1366 2255; x_wconf 89' lang='lat' dir='ltr'>quasi</span> <span class='ocrx_word' id='word_1_340' title='bbox 1392 2214 1546 2250; x_wconf 86' lang='lat' dir='ltr'>Thessali,</span> <span class='ocrx_word' id='word_1_341' title='bbox 1570 2219 1601 2245; x_wconf 85' lang='lat' dir='ltr'>et</span> 
     </span>
     <span class='ocr_line' id='line_1_63' title="bbox 936 2263 1600 2307; baseline -0.005 -11"><span class='ocrx_word' id='word_1_342' title='bbox 936 2265 1099 2307; x_wconf 79' lang='lat' dir='ltr'>speciatim</span> <span class='ocrx_word' id='word_1_343' title='bbox 1121 2264 1332 2302; x_wconf 84' lang='lat' dir='ltr'>Orchomenii,</span> <span class='ocrx_word' id='word_1_344' title='bbox 1355 2263 1507 2305; x_wconf 88' lang='lat' dir='ltr'>adpellari</span> <span class='ocrx_word' id='word_1_345' title='bbox 1532 2274 1600 2304; x_wconf 90' lang='lat' dir='ltr'>pos-</span> 
     </span>
     <span class='ocr_line' id='line_1_64' title="bbox 936 2313 1601 2355; baseline -0.002 -10"><span class='ocrx_word' id='word_1_346' title='bbox 936 2322 1018 2351; x_wconf 85' lang='lat' dir='ltr'>sunt,</span> <span class='ocrx_word' id='word_1_347' title='bbox 1044 2321 1078 2346; x_wconf 88' lang='lat' dir='ltr'>ut</span> <span class='ocrx_word' id='word_1_348' title='bbox 1101 2315 1194 2345; x_wconf 89' lang='lat' dir='ltr'>docet</span> <span class='ocrx_word' id='word_1_349' title='bbox 1220 2313 1385 2344; x_wconf 86' lang='lat' dir='ltr'>Scholiast.</span> <span class='ocrx_word' id='word_1_350' title='bbox 1408 2313 1555 2355; x_wconf 87' lang='lat' dir='ltr'>Apollon.</span> <span class='ocrx_word' id='word_1_351' title='bbox 1580 2313 1601 2344; x_wconf 90' lang='lat' dir='ltr'>i.</span> 
     </span>
     <span class='ocr_line' id='line_1_65' title="bbox 937 2363 1601 2405; baseline -0.002 -10"><span class='ocrx_word' id='word_1_352' title='bbox 937 2365 1011 2395; x_wconf 83' lang='lat'><strong>230.</strong></span> <span class='ocrx_word' id='word_1_353' title='bbox 1036 2365 1241 2405; x_wconf 78' lang='lat' dir='ltr'>Verpoorten.</span> <span class='ocrx_word' id='word_1_354' title='bbox 1271 2363 1321 2393; x_wconf 91' lang='lat' dir='ltr'>De</span> <span class='ocrx_word' id='word_1_355' title='bbox 1345 2363 1464 2394; x_wconf 88' lang='lat' dir='ltr'>Medea</span> <span class='ocrx_word' id='word_1_356' title='bbox 1495 2363 1601 2394; x_wconf 83' lang='lat' dir='ltr'>confer</span> 
     </span>
     <span class='ocr_line' id='line_1_66' title="bbox 937 2412 1600 2455; baseline -0.002 -11"><span class='ocrx_word' id='word_1_357' title='bbox 937 2424 1062 2455; x_wconf 85' lang='lat' dir='ltr'>quoque</span> <span class='ocrx_word' id='word_1_358' title='bbox 1079 2413 1191 2454; x_wconf 81' lang='lat' dir='ltr'>Begeri</span> <span class='ocrx_word' id='word_1_359' title='bbox 1207 2412 1355 2455; x_wconf 81' lang='lat' dir='ltr'>Spicileg.</span> <span class='ocrx_word' id='word_1_360' title='bbox 1372 2412 1518 2454; x_wconf 87' lang='lat' dir='ltr'>antiquit.</span> <span class='ocrx_word' id='word_1_361' title='bbox 1528 2423 1600 2455; x_wconf 88' lang='lat' dir='ltr'>pag.</span> 
     </span>
     <span class='ocr_line' id='line_1_67' title="bbox 941 2463 1285 2494; baseline -0.003 -1"><span class='ocrx_word' id='word_1_362' title='bbox 941 2464 1091 2494; x_wconf 82' lang='lat'>120-130.</span> <span class='ocrx_word' id='word_1_363' title='bbox 1136 2463 1285 2493; x_wconf 61' lang='lat' dir='ltr'>limus.</span> 
     </span>
    </p>

    <p class='ocr_par' dir='ltr' id='par_1_17' title="bbox 935 2511 1600 2750">
     <span class='ocr_line' id='line_1_68' title="bbox 978 2511 1600 2554; baseline 0 -12"><span class='ocrx_word' id='word_1_364' title='bbox 978 2512 1122 2554; x_wconf 61' lang='lat' dir='ltr'>Aggere]</span> <span class='ocrx_word' id='word_1_365' title='bbox 1142 2511 1229 2549; x_wconf 87' lang='lat' dir='ltr'>Quid</span> <span class='ocrx_word' id='word_1_366' title='bbox 1241 2511 1280 2542; x_wconf 89' lang='lat' dir='ltr'>sit</span> <span class='ocrx_word' id='word_1_367' title='bbox 1295 2522 1400 2553; x_wconf 80' lang='lat' dir='ltr'>agger,</span> <span class='ocrx_word' id='word_1_368' title='bbox 1411 2511 1504 2542; x_wconf 87' lang='lat' dir='ltr'>docet</span> <span class='ocrx_word' id='word_1_369' title='bbox 1520 2511 1600 2542; x_wconf 86' lang='lat' dir='ltr'>Ges-</span> 
     </span>
     <span class='ocr_line' id='line_1_69' title="bbox 935 2560 1600 2597; baseline -0.003 -5"><span class='ocrx_word' id='word_1_370' title='bbox 935 2572 1000 2592; x_wconf 90' lang='lat' dir='ltr'>ner.</span> <span class='ocrx_word' id='word_1_371' title='bbox 1015 2562 1109 2592; x_wconf 84' lang='lat' dir='ltr'>Thes.</span> <span class='ocrx_word' id='word_1_372' title='bbox 1126 2562 1161 2591; x_wconf 91' lang='lat' dir='ltr'>L.</span> <span class='ocrx_word' id='word_1_373' title='bbox 1174 2561 1209 2591; x_wconf 89' lang='lat' dir='ltr'>L.</span> <span class='ocrx_word' id='word_1_374' title='bbox 1226 2561 1283 2592; x_wconf 90' lang='lat' dir='ltr'>sub</span> <span class='ocrx_word' id='word_1_375' title='bbox 1297 2561 1326 2591; x_wconf 89' lang='lat' dir='ltr'>h.</span> <span class='ocrx_word' id='word_1_376' title='bbox 1340 2572 1368 2591; x_wconf 90' lang='grc' dir='ltr'>ν.</span> <span class='ocrx_word' id='word_1_377' title='bbox 1384 2560 1443 2592; x_wconf 92' lang='lat' dir='ltr'>hoc</span> <span class='ocrx_word' id='word_1_378' title='bbox 1459 2560 1528 2591; x_wconf 92' lang='lat' dir='ltr'>loco</span> <span class='ocrx_word' id='word_1_379' title='bbox 1541 2566 1600 2597; x_wconf 88' lang='lat' dir='ltr'>est,</span> 
     </span>
     <span class='ocr_line' id='line_1_70' title="bbox 936 2609 1598 2651; baseline 0.002 -11"><span class='ocrx_word' id='word_1_380' title='bbox 936 2609 1032 2641; x_wconf 73' lang='lat' dir='ltr'>moles</span> <span class='ocrx_word' id='word_1_381' title='bbox 1057 2610 1094 2640; x_wconf 85' lang='lat' dir='ltr'>ad</span> <span class='ocrx_word' id='word_1_382' title='bbox 1120 2611 1319 2641; x_wconf 80' lang='lat' dir='ltr'>securitatem</span> <span class='ocrx_word' id='word_1_383' title='bbox 1343 2615 1449 2651; x_wconf 91' lang='lat' dir='ltr'>portus</span> <span class='ocrx_word' id='word_1_384' title='bbox 1469 2615 1598 2645; x_wconf 85' lang='lat' dir='ltr'>structa,</span> 
     </span>
     <span class='ocr_line' id='line_1_71' title="bbox 936 2659 1598 2701; baseline 0.003 -12"><span class='ocrx_word' id='word_1_385' title='bbox 936 2664 968 2689; x_wconf 90' lang='lat' dir='ltr'>et</span> <span class='ocrx_word' id='word_1_386' title='bbox 983 2659 1101 2690; x_wconf 86' lang='lat' dir='ltr'>flumini</span> <span class='ocrx_word' id='word_1_387' title='bbox 1116 2659 1231 2690; x_wconf 85' lang='lat' dir='ltr'>marive</span> <span class='ocrx_word' id='word_1_388' title='bbox 1244 2660 1396 2701; x_wconf 88' lang='lat' dir='ltr'>opposita,</span> <span class='ocrx_word' id='word_1_389' title='bbox 1413 2670 1451 2690; x_wconf 88' lang='lat' dir='ltr'>ne</span> <span class='ocrx_word' id='word_1_390' title='bbox 1467 2659 1598 2691; x_wconf 74' lang='lat' dir='ltr'>inunda-</span> 
     </span>
     <span class='ocr_line' id='line_1_72' title="bbox 937 2708 1481 2750; baseline 0.002 -11"><span class='ocrx_word' id='word_1_391' title='bbox 937 2709 1020 2739; x_wconf 88' lang='lat' dir='ltr'>tione</span> <span class='ocrx_word' id='word_1_392' title='bbox 1037 2709 1101 2750; x_wconf 85' lang='lat' dir='ltr'>agri</span> <span class='ocrx_word' id='word_1_393' title='bbox 1117 2715 1286 2740; x_wconf 80' lang='lat' dir='ltr'>vastentur.</span> <span class='ocrx_word' id='word_1_394' title='bbox 1334 2708 1481 2740; x_wconf 49' lang='lat' dir='ltr'>Hamas.</span> 
     </span>
    </p>
   </div>
  </div>
 </body>
</html>
