1760 3172
423 179 731 222 TRISTIUM
765 178 885 220 LIB.
922 179 1002 220 IV.
1038 179 1216 220 ELEG.
1242 179 1351 220 VII.

1504 179 1589 219 ‘393

195 295 442 359 Tempore
467 303 568 343 tam
594 296 740 358 longo
766 310 852 354 cur
878 311 975 340 non
1002 301 1089 340 tua
1113 294 1337 349 dextera,
1365 310 1534 341 versus

261 373 553 428 Quamlibet
577 373 626 419 in
652 389 856 436 paucos,
883 371 1103 418 officiosa
1126 371 1250 417 fuit?

197 450 302 497 Cur
326 457 413 497 tua
436 450 651 497 cessavit
675 451 851 514 pietaS,
881 449 1215 496 scribentibus
1243 448 1354 502 illis,
1478 507 1481 509 ι
1557 467 1584 494 ·›

263 526 492 589 Exiguus
517 528 659 574 nobis
682 544 796 593 OQP
823 527 1005 590 quibus
1030 543 1148 573 usus
1171 526 1310 573 erat?

197 603 316 660 Cur,
343 604 541 666 quoties
567 604 714 651 alicui
739 605 922 651 chartae
949 620 1040 651 sua
1063 603 1261 650 vincula
1285 603 1460 656 denisi,

263 679 408 727 Illam
433 681 627 744 speravi
653 697 834 728 nomen
860 681 1044 728 habere
1070 680 1246 727 tuum?

197 756 262 803 Di
286 756 485 813 faciant,
513 764 568 804 ut
593 774 728 821 saepe
753 765 840 805 tua
864 757 927 804 sit
952 756 1164 820 epistola
1188 757 1367 804 dextra

265 820 500 902 Scripta]
510 835 599 882 sed
625 850 652 881 e
677 834 848 882 multis
875 833 1071 907 reddita
1095 834 1231 879 nulla
1256 832 1401 879 mihi!
1535 836 1589 878 io

196 909 345 966 Quod
361 903 551 975 precor,
565 927 677 959 esse
692 911 852 974 liquet
856 910 1096 995 J‘credam
1113 910 1248 973 prius
1265 926 1349 956 ora
1362 908 1588 955 Medusae

263 988 510 1051 Gorgonis
537 988 796 1052 anguineis
823 995 989 1034 cincta
1011 987 1164 1034 fuisse
1190 986 1374 1040 comis;

197 1064 323 1113 Esse
347 1082 498 1114 canes
524 1074 665 1114 utero
691 1067 784 1113 sub
810 1065 1045 1128 vi1·ginis;
1075 1081 1185 1112 esse
1213 1063 1532 1119 Chimaeram,

262 1142 308 1189 A
332 1150 472 1191 truce
498 1160 610 1211 Qec
636 1142 849 1191 flammis
875 1134 1074 1206 separet
1098 1157 1262 1204 angue
1287 1141 1440 1198 leam;

196 1219 666 1284 Quadrupedesque
705 1219 961 1267 hominum
1000 1235 1114 1266 cum
1151 1226 1354 1283 pectore
1386 1224 1591 1281 pectora

389 1299 594 1361 junctos
613 1317 622 1355 ;

1534 1299 1591 1342 15

262 1374 719 1439 Tergeminumque
730 1375 905 1430 virum,
927 1374 1362 1438 tergeminumque
1383 1389 1558 1420 canem
1578 1391 1587 1429 ;

198 1452 542 1516 Sphingaque,
578 1460 629 1500 et
673 1452 942 1516 Harpyias,
980 1452 1463 1517 serpentipedesque
1503 1449 1590 1496 Gi-

396 1537 574 1593 gantas
591 1548 601 1586 ;

264 1606 721 1671 Centimanumque
739 1608 939 1672 Gygen,
958 1607 1367 1670 semibovemque
1387 1605 1567 1652 virum:

196 1801 349 1832 circulum
364 1812 454 1831 suum
474 1801 620 1833 absolvit.
658 1803 741 1832 Nam
757 1802 788 1833 in
803 1803 863 1833 fine

196 1849 336 1881 Piscium
350 1856 381 1881 et
394 1850 545 1893 principio
556 1851 675 1882 Arietis
685 1852 863 1882 Astronomi

196 1899 386 1941 principium
403 1899 565 1941 Eclipiicae.
583 1906 735 1932 statuunt.
750 1901 862 1931 HARL.

241 1949 272 1985 7,
285 1950 315 1979 8.
334 1949 381 1979 Ex
399 1948 447 1979 his
468 1949 589 1980 duobus
609 1949 750 1981 versibus
772 1949 863 1981 facile

197 1997 297 2030 refelli
315 2003 419 2040 potest
439 2008 545 2029 eorum
568 1998 685 2041 opinio,
702 1999 755 2041 qui
780 1999 864 2030 vole-

197 2047 275 2078 bant
312 2057 425 2078 nomen
463 2047 637 2085 scribentis,
668 2054 701 2079 et
728 2049 796 2090 ejus
824 2049 864 2080 ad

198 2108 292 2139 quem
317 2097 493 2134 scribimus,
521 2098 619 2129 literis
643 2099 710 2140 jam
733 2098 865 2140 signatis

198 2147 345 2178 inscribi:
377 2158 475 2189 quum
504 2154 611 2190 aperte
637 2148 687 2179 hic
713 2148 865 2190 possimus

197 2197 315 2233 videre,
331 2195 415 2227 intus
435 2202 557 2228 tantum
572 2197 748 2240 adpositum
771 2197 865 2229 fuisse

198 2256 311 2277 nomen
325 2246 500 2277 scribentis.

245 2297 294 2326 11.
312 2296 375 2326 Ora
392 2296 523 2327 Medusae
537 2296 719 2338 Gorgonis]
747 2296 864 2328 Medu-

199 2355 241 2376 sae
271 2344 372 2376 crines
398 2344 430 2376 in
455 2350 615 2387 serpentes
640 2345 774 2376 mutavit
800 2347 865 2377 Mi-

198 2405 304 2431 nerva,
321 2394 405 2436 quod
420 2405 491 2426 cum
503 2395 652 2437 Neptuno
663 2394 695 2425 in
711 2406 766 2426 suo
782 2402 863 2426 tem-

199 2444 253 2486 plo
274 2443 454 2480 concubuit,
475 2444 605 2485 ejusque
627 2451 723 2486 caput
744 2445 784 2476 ad
804 2451 864 2476 ter-

199 2493 312 2524 rendos
326 2493 429 2524 hostes
443 2493 537 2535 aegidi
552 2493 713 2535 imposuit.

248 2543 299 2573 13.
316 2541 384 2572 Esse
402 2542 608 2583 Chimaeram.]
632 2543 685 2574 De
701 2543 865 2574 Chimaerae

202 2592 301 2622 forma
323 2591 477 2621 Homerus
503 2591 560 2621 lib.
578 2597 665 2622 sexto
686 2591 804 2622 Iliados
823 2592 867 2623 ita

201 2639 309 2671 scribit
324 2652 330 2669 :
370 2639 510 2670 anterius
544 2639 676 2676 leonem,
715 2640 867 2683 posterius

201 2700 272 2720 vero
289 2689 468 2725 draconem,
486 2689 586 2720 medio
603 2695 708 2720 autem
723 2700 861 2731 capram,

201 2744 297 2780 atque
313 2738 464 2770 terribiles
477 2749 514 2769 ex
527 2749 578 2769 ore
594 2739 787 2770 flammarum
798 2738 863 2779 glo-

932 1804 987 1834 bos
1012 1813 1084 1833 cum
1109 1800 1219 1843 spiritu
1242 1799 1466 1831 effundentem.
1514 1797 1594 1828 Vide

934 1851 1043 1883 Natal.
1056 1851 1164 1882 lib.ix.
1180 1861 1210 1881 c.
1224 1851 1265 1880 4:

982 1902 1030 1932 15.
1058 1900 1133 1931 Cum
1158 1906 1274 1939 pectore
1295 1905 1417 1939 pectora
1440 1896 1594 1938 junctos]

933 1951 1159 1982 Centaurorum
1184 1949 1267 1980 enim
1297 1954 1425 1990 pectora
1453 1945 1597 1976 humanis

932 2000 1110 2043 pectoribus
1121 2000 1233 2041 juncta
1248 1998 1334 2029 fuere
1347 2010 1353 2027 2
1366 1998 1501 2028 habuere
1513 1994 1595 2026 enini

933 2056 1053 2092 partem
1073 2048 1208 2091 pectoris
1230 2048 1411 2083 humanam,
1427 2050 1546 2088 partein
1564 2054 1596 2075 e-

933 2099 1075 2141 quinam.

980 2149 1031 2179 16.
1052 2148 1319 2189 Tergeminumque
1344 2145 1471 2185 virwn.]
1504 2143 1595 2174 Heri-

934 2198 1010 2233 lum,
1041 2203 1096 2228 aut
1122 2197 1300 2237 Geryonem
1329 2193 1489 2235 intelligit,
1519 2202 1597 2233 quos

935 2246 1124 2288 tergeminos
1135 2245 1230 2276 fuisse
1242 2244 1333 2275 docet
1345 2243 1507 2283 Virgilius.
1524 2242 1596 2272 Jus-

935 2296 1018 2327 tinus
1038 2295 1156 2330 scribit,
1181 2295 1358 2334 Geryonem
1384 2303 1445 2323 non
1469 2290 1599 2332 triplicis

935 2351 1053 2376 natura:
1080 2343 1186 2379 fuisse,
1202 2342 1257 2373 sed
1283 2348 1344 2372 tres
1369 2343 1478 2372 fratres
1501 2345 1594 2370 tantae

934 2384 1108 2425 concordiae
1138 2391 1306 2426 exstitisse,
1339 2397 1373 2421 ut
1404 2401 1466 2421 uno
1493 2388 1596 2419 animo

933 2454 1041 2474 omnes
1061 2441 1123 2483 regi
1140 2441 1329 2472 viderentur.
1366 2439 1524 2474 Horatius,
1542 2438 1596 2468 lib.

935 2491 969 2522 ii.
987 2491 1126 2523 Od.xiv.
1143 2491 1258 2521 ve1·.7:

1153 2540 1215 2574 Qui
1232 2546 1276 2569 ter
1287 2539 1417 2578 amplum

1067 2590 1245 2630 Geryonem,
1262 2589 1427 2629 Tityonque
1444 2589 1524 2618 tristi

1025 2640 1185 2678 Cnnipescit
1202 2640 1295 2668 uuila.

979 2688 1026 2717 17.
1044 2687 1262 2728 Sphingaque]
1287 2686 1405 2727 Sphinx
1427 2686 1529 2717 bellua
1551 2692 1592 2716 cs!

934 2738 995 2778 pilo
1022 2738 1120 2771 fusco,
1144 2737 1277 2778 gentinis
1308 2736 1450 2768 inanimis
1472 2736 1502 2766 in
1527 2746 1595 2777 pcc-

1067 2786 1093 2817 U
1112 2788 1130 2816 :3
