1760 3172
187 185 271 225 ‘258

584 183 632 223 Ρ.
667 183 704 224 O
716 182 878 223 VlDII
916 182 1196 224 NASONIS

198 299 257 346 Et
282 299 534 362 quoniam,
562 298 665 346 fieri
693 298 826 361 quod
855 313 1108 360 nunquam
1136 314 1281 361 posse
1308 299 1493 362 putavi,

259 375 351 422 Est
377 375 465 422 tibi
493 375 555 422 de
582 375 728 422 rebus
756 375 975 421 maxima
998 390 1118 422 cura
1143 375 1294 429 meis;

1520 378 1584 423 70

194 453 305 499 Non
345 459 423 499 est
457 453 591 516 quod
621 452 826 500 timeas:
875 451 1072 499 fortuna
1109 452 1386 499 miserrima
1417 459 1587 499 nostra

260 530 423 576 Omne
450 530 601 576 trahit
629 545 798 577 secum
829 530 1046 576 Caesaris
1073 530 1144 576 ira
1168 530 1370 577 malum.

1456 531 1582 591 [est;

192 607 338 660 Quod
366 607 524 669 inagis
552 615 608 653 ut
633 607 839 670 liqueat,
867 623 990 654 neve
1017 607 1110 654 hoc
1141 607 1230 654 tibi
1263 607 1451 669 fingere
1479 622 1583 653 cre-

257 683 373 747 Ipse
399 684 546 731 velim
571 701 744 747 poenas
771 685 1029 748 experiare
1056 701 1210 732 meas.

1455 684 1582 745 [dar,

649 1014 950 1062 ELEGIA
1005 1016 1126 1063 XII.

194 1152 445 1198 FnioonA
471 1154 576 1214 J'ain
604 1151 819 1214 Zephyri
847 1137 1352 1214 niiiiiiuiit‚2'‘aniioq11e
1381 1160 1583 1216 peracto

258 1229 472 1292 Longior
497 1229 716 1292 antiquis
742 1229 845 1275 visa
872 1228 1073 1276 Maeotis
1090 1224 1303 1293 hyems:

191 1307 588 1370 ‘impositamque
613 1305 707 1352 sibi
734 1306 943 1389 {El-DOU
968 1306 1096 1352 bene
1122 1306 1327 1370 pertulit
1354 1303 1550 1361 Hellen,
1583 1313 1613 1358 -ξ

255 1384 504 1447 Tempora
529 1389 784 1430 nocturnis
810 1398 957 1445 aequa
981 1382 1159 1429 diurna
1182 1382 1316 1430 facit.

232 1508 262 1537 Si
288 1508 361 1537 volet
386 1508 444 1536 hirc
469 1506 655 1546 eadem‚fies
677 1508 712 1536 (Ie
732 1506 850 1536 consule

275 1558 385 1587 rhetor.

190 1607 225 1636 Et
244 1607 333 1647 Virg.
351 1607 426 1636 AEn.
439 1605 494 1636 lib.
511 1605 553 1635 xi.
570 1605 644 1635 426.
660 1615 706 1645 sq.

449 1656 556 1685 multos
571 1656 691 1685 alterna
708 1656 833 1684 revisens

237 1706 331 1741 Lusit,
358 1711 387 1735 et
414 1707 445 1735 in
475 1706 566 1735 solido
591 1715 698 1735 rursus
716 1704 851 1745 fortuna

275 1756 393 1785 locavit.

232 1854 262 1883 2.
286 1851 508 1893 Interpretatio
531 1851 624 1892 liujus
639 1861 746 1881 versus
759 1851 851 1882 valde

188 1902 276 1933 torsit
309 1901 505 1942 interpretes,
533 1906 565 1931 et
593 1900 672 1931 latet
703 1900 852 1931 mendum

189 1963 250 1982 non
265 1951 344 1982 adeo
358 1949 450 1981 facile
466 1949 651 1980 curandum.
699 1949 780 1980 Loco
795 1951 852 1980 τοῦ

189 2002 306 2043 longior
330 1999 384 2031 alii
408 2000 519 2040 legunt
543 2000 677 2029 tardior:
711 1998 766 2029 sed
792 1998 851 2030 hoc

188 2051 257 2082 leve
280 2056 337 2081 est.
378 2050 525 2089 ‚antiquis
546 2056 593 2079 est
612 2047 787 2089 praeteritis,
802 2059 852 2079 su-

187 2099 360 2142 perioribus
382 2098 484 2134 annis,
510 2103 544 2129 ut
565 2098 735 2128 Burmann.
756 2097 852 2138 pluri-

188 2151 247 2181 bus
269 2149 362 2180 docet
384 2147 462 2178 locis
482 2158 510 2178 e.
522 2158 550 2188 g.
564 2157 580 2178 e
596 2147 697 2177 Ponto
712 2147 733 2177 i.
751 2148 781 2177 5.
799 2147 851 2178 37.

188 2199 284 2230 Trist.
304 2198 326 2228 i.
345 2200 378 2229 5.
399 2198 451 2228 32.
475 2196 518 2227 iii.
536 2197 567 2227 7.
590 2196 643 2227 29.
666 2195 707 2226 iv.
730 2196 779 2226 10.
800 2197 852 2232 94,

188 2249 247 2278 διε.
294 2246 398 2278 Unica
422 2245 572 2287 Scythica
592 2245 702 2281 hiems,
720 2245 771 2275 ubi
794 2255 851 2276 an-

190 2308 263 2328 num
293 2296 498 2328 consumserit
527 2295 559 2326 in
583 2294 703 2330 exsilio,
733 2294 852 2335 longior

189 2346 364 2381 videbatur,
402 2355 496 2386 quam
534 2343 707 2385 superiores
740 2342 851 2373 Romae

189 2399 367 2426 transactae.
412 2393 538 2424 Maeotis
566 2392 658 2434 palus
686 2398 732 2423 est
761 2392 853 2423 Ponti

189 2443 305 2476 Euxini
343 2443 429 2474 sinus
457 2453 476 2473 a
503 2441 658 2484 bosphoro
687 2441 854 2473 Cimmerio

190 2495 230 2525 ad
244 2492 361 2524 Tanais
374 2492 453 2523 ostia
468 2491 640 2534 pertinenS‚
658 2491 736 2522 inter
755 2491 852 2522 Cher-

188 2553 333 2574 sonesum
368 2541 537 2573 Tauricam
571 2547 602 2572 et
633 2540 755 2572 Asiam.
809 2540 854 2570 At

191 2592 318 2627 Μωσῆς,
334 2591 424 2633 cujus
445 2590 545 2633 prima
564 2590 688 2631 syllaba
706 2589 769 2621 h.l.
786 2599 851 2620 cor-

188 2645 279 2682 repta
297 2646 343 2672 est
363 2646 470 2671 contra
494 2639 710 2671 auctoritatem
729 2644 761 2670 et
778 2649 850 2670 con-

189 2689 398 2725 suetudinem,
424 2687 601 2719 criticorum
631 2687 716 2719 acuit
744 2687 850 2718 indus-

190 2737 278 2769 triam
314 2743 343 2768 et
379 2737 595 2778 sagacitatem.
655 2738 761 2773 Quare
799 2737 850 2767 alii

918 1504 1007 1535 aliter
1029 1510 1189 1535 tentarunt
1211 1504 1292 1534 hunc
1317 1514 1451 1535 versum.
1497 1506 1583 1542 Quo-

918 1554 1060 1585 rumdam
1089 1554 1224 1596 proferre
1256 1554 1344 1585 lubet
1377 1555 1583 1596 conjecturas,

919 1603 1058 1644 (reliqua
1085 1603 1206 1634 videbis
1234 1603 1318 1645 apud
1349 1603 1458 1634 Burm.
1488 1614 1582 1645 quem

919 1651 1063 1683 consules
1075 1657 1100 1691 z)
1119 1652 1239 1682 Bersm.
1251 1653 1368 1694 longior
1377 1654 1511 1693 antiquis
1522 1655 1582 1683 visa

920 1703 1026 1732 meavit
1056 1702 1157 1738 hiem,
1181 1702 1269 1743 (quae
1298 1700 1426 1743 quidem
1450 1702 1527 1732 mihi
1551 1702 1583 1734 in

919 1750 1028 1792 primis
1042 1750 1178 1792 placet.)
1223 1750 1388 1792 Micyllus,
1403 1751 1443 1782 ad
1459 1751 1490 1782 li.
1504 1752 1526 1782 l.
1542 1752 1583 1783 de

920 1800 1077 1831 medicina
1109 1800 1292 1841 desperans,
1324 1800 1362 1831 ad
1395 1800 1464 1832 libr.
1493 1801 1514 1832 i.
1543 1812 1581 1833 ex

920 1848 1020 1879 Ponto
1033 1849 1074 1879 el.
1092 1849 1112 1878 i.
1128 1848 1216 1889 legit,
1233 1851 1350 1879 tardior
1367 1852 1500 1890 antiquis
1520 1853 1581 1882 risa

922 1899 1031 1928 recedit
1045 1898 1145 1928 hiems.
1169 1898 1278 1929 Burm.
1291 1899 1476 1941 suspicatur,

1050 1949 1195 1988 Antioque
1206 1954 1328 1987 peracto

965 1995 1098 2038 Longior
1108 1998 1242 2037 antiquis
1250 2002 1310 2028 visci
1317 2021 1324 2033 ,
1331 1998 1375 2040 fu
1377 2010 1417 2040 ga
1422 2005 1474 2028 tur
1483 2000 1583 2031 hiems.

922 2044 1072 2077 Heinsius
1110 2046 1212 2077 Bo'o'tis
1252 2054 1307 2078 aut
1346 2047 1450 2079 Boreis
1483 2050 1583 2080 hiems.

922 2094 1064 2137 Uterque
1078 2102 1164 2127 utem
1180 2095 1243 2127 sibi
1263 2096 1330 2138 ipse
1346 2107 1407 2128 non
1422 2097 1584 2130 satisfecit.

920 2142 1067 2175 HARLES.

965 2194 995 2223 3.
1030 2193 1258 2235 Imposiramque
1285 2195 1370 2236 sibi]
1408 2196 1583 2237 AEquinoc-

920 2243 998 2274 tium
1013 2255 1141 2276 vernum
1156 2245 1316 2276 describit.
1363 2245 1424 2280 Qui
1441 2257 1499 2277 non
1514 2248 1584 2278 bene

919 2295 1047 2331 pertulit
1068 2295 1191 2325 Hellen.
1237 2294 1328 2326 Aries
1344 2296 1398 2337 qui
1413 2302 1522 2338 postea
1536 2297 1583 2329 in—

922 2350 967 2375 ter
995 2343 1097 2375 sidera
1123 2343 1294 2375 collocatus
1323 2344 1392 2381 fuit,
1417 2345 1582 2387 Phryxum

923 2397 954 2423 et
967 2392 1081 2423 Hellen
1097 2403 1152 2435 per
1163 2392 1404 2435 Hellespontum
1414 2395 1585 2427 transtulit.

922 2441 983 2472 Sed
999 2442 1115 2473 Hellen
1136 2449 1263 2473 narrant
1284 2442 1438 2474 decidisse
1457 2443 1489 2474 in
1505 2444 1583 2476 Hel-

920 2490 1107 2532 lespontum‚
1125 2501 1219 2532 quam
1241 2492 1280 2522 ob
1297 2501 1425 2522 causam
1439 2491 1490 2524 hic
1505 2493 1582 2524 Ovi-

920 2539 991 2570 dius
1011 2539 1140 2570 asietem
1155 2539 1231 2571 dicit
1245 2551 1306 2571 non
1321 2542 1402 2572 bene
1417 2542 1582 2583 pertulisse

921 2588 1046 2619 Hellen.

964 2639 993 2668 4.
1020 2638 1160 2678 Tempora
1178 2640 1359 2680 nocturnis]
1390 2639 1506 2671 Arietis
1520 2640 1582 2682 sig-

920 2697 994 2717 num
1017 2687 1189 2727 ingreditur
1211 2688 1256 2718 sol
1278 2698 1385 2719 mense
1404 2688 1532 2724 Martio,
1552 2694 1581 2719 et

920 2746 1047 2766 vernum
1065 2736 1287 2777 aequinoctium
1305 2736 1410 2768 efficit.
