1760 3172
414 180 720 222 TRISTIUM
753 178 873 220 LIB.
906 178 962 219 V.
996 177 1176 220 ELEG.
1209 178 1354 219 XIII.

1490 178 1574 219 343

199 295 345 350 Quod
368 302 454 343 tua
476 311 556 343 me
580 311 688 342 raro
712 294 897 341 solatur
921 293 1147 357 epistola,
1175 309 1382 356 peccas:

267 372 495 436 Remque
519 372 653 436 piam
677 378 899 436 praestaS,
926 370 976 417 ni
1000 370 1119 417 mihi
1143 371 1294 418 verba
1318 386 1487 432 neges.

200 448 309 497 Hoc
334 466 506 513 precor
530 450 767 497 emenda:
807 449 942 512 quod
967 447 1008 494 si
1033 447 1303 495 correxeris
1328 464 1496 504 unum,

265 526 446 574 Nullus
470 527 520 573 in
543 526 740 589 egregio
765 541 968 590 corpore
988 541 1154 572 naevus
1180 525 1289 573 erit.

198 602 430 651 Pluribus
456 620 701 661 accusem,
726 603 831 651 fieri
855 603 947 651 nisi
974 602 1147 666 possit,
1175 610 1230 648 ut
1253 602 1315 649 ad
1340 617 1419 648 me
1515 603 1572 647 15

264 679 428 728 Litera
451 697 547 728 non
571 681 751 737 veniat,
777 680 929 727 missa
952 680 1017 727 sit
1041 679 1125 726 illa
1149 685 1332 725 tamen.

201 756 266 802 Di
288 756 484 814 faciant,
512 764 568 804 ut
592 757 656 804 sit
679 756 940 804 temeraria
963 763 1131 803 nostra
1156 756 1374 818 querela,

263 833 436 897 Teque
459 842 630 898 putem
655 835 777 882 falso
801 850 900 881 non
924 834 1209 881 meminisse
1233 833 1348 880 mei.

199 909 344 964 Quod
375 927 564 975 precor,
598 927 707 959 esse
743 911 929 974 liquet:
976 926 1140 973 neque
1174 911 1305 957 enim
1337 909 1573 957 mutabile

263 987 480 1037 Credere
505 1005 583 1037 me
607 989 680 1036 fas
706 996 783 1036 est
806 988 1021 1052 pectoris
1047 1004 1158 1035 esse
1181 987 1271 1034 tui.

1401 987 1572 1048 [robur

200 1065 341 1113 Cana
364 1067 498 1130 prius
524 1067 687 1130 gelido
712 1067 877 1114 desint
901 1065 1150 1113 absinthia
1175 1065 1352 1122 Ponto,
1511 1067 1569 1111 21

264 1143 330 1190 Et
353 1151 519 1192 careat
542 1144 675 1192 dulci
700 1144 948 1191 Trinacris
974 1143 1143 1206 Hybla
1166 1142 1358 1206 thymo,

199 1221 547 1269 Immemorem
572 1238 723 1285 quam
746 1228 795 1268 te
821 1221 1087 1284 quisquam
1112 1219 1374 1266 convincat
1397 1218 1541 1266 amici
1562 1235 1571 1266 τ

265 1298 380 1346 Non
404 1298 474 1346 ita
498 1307 613 1346 sunt
636 1299 721 1347 fati
746 1299 958 1346 stamina
981 1298 1122 1360 nigra
1145 1296 1257 1343 mei.

199 1375 275 1422 Tu
299 1382 481 1432 tamen,
508 1383 564 1423 ut
587 1376 723 1423 falsae
748 1376 908 1440 possis
934 1390 1135 1438 quoque
1160 1374 1343 1437 pellere
1367 1373 1526 1437 culpae

264 1453 500 1510 Crimina,
528 1454 661 1517 quod
685 1470 783 1500 non
808 1469 878 1508 es,
904 1468 966 1499 ne
989 1452 1202 1506 videare,
1229 1466 1348 1497 cave
1371 1468 1380 1497 :
1513 1453 1575 1496 26

200 1531 370 1594 thue
395 1532 676 1579 solebamus
706 1546 997 1578 consumere
1022 1530 1172 1591 longa
1196 1527 1444 1591 loquendo

262 1608 521 1673 Tempora,
548 1625 825 1657 sermonem
849 1607 1112 1655 deficiente
1137 1606 1244 1663 die;

243 1757 294 1786 12.
319 1756 510 1798 Vei-poorten
530 1756 575 1788 ita
596 1758 675 1788 bene
701 1757 849 1799 interpre-

197 1810 297 1835 tatur:
313 1804 345 1835 Si
360 1815 421 1836 non
435 1807 573 1846 gravaris
588 1806 627 1836 ad
643 1817 691 1837 me
706 1806 850 1842 scribere,

197 1864 255 1894 ego
283 1864 336 1896 per
359 1855 445 1884 verba
471 1854 608 1896 epistolae
635 1862 694 1886 tuae
721 1854 795 1884 mihi
820 1866 852 1886 re

197 1905 259 1942 ipsa
278 1908 309 1934 et
332 1903 414 1934 sacto
437 1904 572 1934 officium
592 1904 763 1946 praestitum
785 1915 851 1935 esse

192 1952 355 1994 judicabo.
388 1953 480 1990 Quod
497 1959 600 1984 autem
617 1953 673 1983 hoc
692 1954 853 1984 verborum

197 2001 333 2032 officium
351 2013 412 2033 non
431 2008 568 2044 praestas,
584 2013 709 2045 peccas.
755 2003 853 2033 Hein-

196 2050 261 2082 sius
287 2051 483 2093 suspicatur:
521 2063 637 2092 remque
664 2054 745 2091 piam
773 2052 854 2081 hund

196 2102 386 2142 proestas‚qui
400 2102 472 2131 mihi
487 2112 515 2131 υ.
526 2113 556 2131 η.
572 2101 680 2131 Codex
693 2100 854 2131 Leidensis

198 2149 294 2180 habet
305 2161 314 2187 3
336 2160 453 2190 remque
470 2151 546 2180 male
565 2156 685 2189 praestas
707 2152 755 2181 sed
772 2161 810 2180 m.
825 2160 853 2180 υ.

198 2209 307 2239 negas:
323 2198 402 2229 alius
416 2211 424 2237 3
440 2210 556 2240 remque
567 2200 675 2229 malam.
687 2205 808 2239 praestus
822 2200 855 2229 ηὶ

198 2248 270 2277 mihi
288 2249 375 2278 verba
395 2249 492 2290 legas:
517 2247 598 2286 du03
622 2249 753 2288 quodque
769 2250 854 2288 pium

197 2303 328 2336 phestus.
370 2298 476 2335 Quare
493 2298 701 2333 Burmannus,
723 2296 776 2338 qui
792 2297 853 2333 hic,

199 2351 233 2376 ut
253 2356 346 2388 saepe,
367 2357 412 2376 res
434 2352 465 2377 et
483 2348 570 2377 verba
593 2345 716 2387 opponi,
735 2352 766 2376 et
787 2346 853 2377 Na-

199 2406 304 2426 sonem
321 2395 402 2426 velle
424 2401 524 2438 putat,
539 2397 629 2427 rebus
654 2395 780 2437 quidem
804 2406 854 2426 sa-

199 2444 339 2475 tisfacere
362 2444 461 2475 officio
486 2444 634 2481 amicum,
664 2444 719 2475 sed
748 2445 853 2481 verba,

198 2492 220 2523 i.
243 2503 271 2524 e.
300 2493 456 2535 epistolas,
481 2504 541 2524 non
567 2500 724 2535 praestare,
752 2494 854 2535 legere

201 2542 305 2581 malit3
330 2543 459 2583 Remque
472 2544 548 2574 male
563 2544 643 2573 huuc]
661 2549 790 2582 proestas,
807 2545 856 2573 sed

200 2592 273 2621 mihi
288 2594 375 2622 verba
392 2594 504 2634 negas?
528 2591 622 2622 tueris
643 2603 744 2622 meam
765 2602 854 2623 caus-

201 2650 267 2671 sam
280 2641 405 2682 optime,
421 2641 476 2672 sed
493 2652 553 2671 non
566 2641 686 2677 scribis,
703 2641 764 2676 vel,
779 2652 855 2670 rem-

200 2701 256 2730 que
269 2692 383 2731 quidem
395 2697 527 2729 praestus,
544 2692 603 2727 sed,
619 2691 677 2721 ἃς.
710 2690 856 2721 ΗΛηιεε.

962 1757 1011 1787 14.
1028 1755 1142 1786 Nullus
1153 1754 1279 1794 naevus]
1300 1752 1396 1791 Quasi
1412 1753 1507 1788 dicat,
1527 1753 1573 1782 ni-

916 1805 960 1836 hil
983 1806 1037 1836 abs
1057 1810 1088 1835 te
1107 1803 1262 1845 requiram
1284 1802 1427 1844 amplius,
1450 1802 1476 1832 si
1495 1802 1576 1832 hane

917 1854 1015 1885 veluti
1034 1865 1071 1885 ex
1094 1854 1225 1884 formoso
1246 1862 1370 1893 corpore
1386 1852 1499 1887 labem,
1524 1856 1578 1882 aut

918 1904 1075 1934 maculam
1092 1902 1216 1933 unicam
1233 1900 1404 1932 sustuleris.

965 1954 1015 1984 15.
1030 1953 1174 1982 Pluribus
1184 1950 1342 1990 accocsem]
1356 1950 1501 1981 Pluribus
1511 1959 1577 1981 ver-

918 2001 967 2033 bis
983 2001 1118 2033 officium
1132 2007 1219 2031 tuum
1237 2010 1426 2030 accusarem.
1460 1999 1577 2030 HmNs.

966 2053 1015 2082 19.
1042 2051 1128 2085 Quod
1149 2049 1280 2090 precum]
1309 2049 1354 2080 Ut
1377 2049 1454 2078 falso
1480 2048 1518 2079 de
1548 2055 1577 2079 te

921 2111 1042 2142 querar.
1082 2100 1185 2130 Robur
1214 2101 1260 2129 tui
1284 2099 1422 2138 pecturis.
1460 2097 1579 2127 Mentis

921 2155 981 2180 tuae
1002 2147 1209 2180 constantiam
1232 2147 1264 2177 in
1286 2157 1335 2177 me
1354 2145 1496 2182 amando,
1513 2156 1578 2177 cre-

921 2198 993 2228 dere
1010 2208 1129 2239 nequeo
1145 2207 1211 2227 esse
1226 2196 1457 2226 labefactatam.

963 2247 1018 2277 21.
1043 2245 1245 2277 Absintliium
1260 2245 1292 2274 in
1308 2245 1407 2274 Ponto
1422 2243 1480 2274 fuit
1499 2255 1576 2283 prze-

921 2295 1155 2330 stantissimum‚
1181 2293 1279 2324 multo
1299 2293 1432 2323 amarius
1451 2292 1576 2329 Italico,

921 2346 987 2387 ejus
1010 2355 1082 2375 vero
1104 2343 1244 2374 medulla
1267 2342 1378 2378 dulcis,
1398 2341 1468 2372 vide
1495 2342 1578 2372 Plin.

921 2395 1018 2426 xxvii.
1033 2395 1062 2424 7.
1110 2393 1264 2423 Trinacris
1279 2398 1325 2422 est
1340 2391 1447 2421 Sicilia
1458 2391 1577 2422 Graecis

922 2455 940 2474 a
959 2443 1057 2474 tribus
1077 2440 1291 2484 promontoriis
1310 2440 1353 2471 sic
1369 2440 1473 2479 dicta,
1497 2439 1578 2470 conf.

922 2505 951 2524 v.
968 2494 997 2523 6.
1013 2493 1067 2522 38.
1112 2492 1261 2521 Hamas.

964 2543 1016 2572 22.
1041 2541 1144 2581 Hybla
1164 2539 1345 2580 Trinacris]
1371 2538 1488 2580 Hybla,
1502 2537 1578 2568 civi-

922 2598 969 2622 tas
984 2589 1110 2621 Siciliae.

967 2641 1018 2670 28.
1034 2640 1197 2670 Sermonem
1211 2649 1282 2668 cum
1292 2636 1578 2679 Rottendorphiano

923 2695 955 2720 et
969 2690 1120 2724 puteano,
1137 2687 1291 2729 rescripsit
1308 2684 1455 2717 Heinsius
1469 2698 1475 2715 :
1504 2684 1580 2716 edit.

1052 2737 1073 2767 Z
1089 2738 1107 2766 4
