1760 3172
263 188 319 229 42
656 187 706 228 Ρ.
740 186 952 229 OVIDII
986 186 1267 228 NASONIS

263 302 460 349 Parcite
486 317 755 366 paucarum
780 301 1056 349 diffundere
1081 302 1268 349 crimen
1296 302 1343 348 in
1369 317 1557 349 omnes.

330 379 597 442 Spectetur
621 378 807 426 meritis
834 393 1047 441 quaeque
1073 378 1241 441 puella
1259 378 1378 424 suis.
1591 381 1650 424 lO

263 456 316 502 Si
341 456 499 503 minor
523 455 724 502 Atrides
751 454 994 509 Helenen,
1024 453 1345 517 Helenesque
1370 470 1586 501 sororem

329 531 440 587 Quo
466 540 658 596 premat
681 531 881 578 Atrides
907 530 1111 577 crimine
1136 532 1292 593 major
1316 531 1494 587 habet;

263 609 315 656 Si
341 611 527 657 scelere
554 609 775 656 OEclides
801 607 1103 655 Talaionidae
1131 606 1398 671 Eriphyles

326 686 480 734 Vivus
505 693 556 734 et
579 686 629 733 in
652 686 773 733 vivis
799 686 861 733 ad
890 685 1052 749 Styga
1074 685 1208 732 venit
1233 685 1405 747 equis3

261 762 354 811 Est
376 764 458 827 pia
482 763 750 826 Penelope,
777 763 945 809 lustris
971 769 1164 808 errante
1189 762 1402 816 duobus,
1590 764 1647 807 15

328 840 393 887 Et
416 841 624 888 totidem
644 840 811 887 lustris
837 839 969 887 bella
993 846 1196 901 gerente
1220 838 1339 884 viro.

262 917 479 981 Respice
504 917 862 981 Phyllaciden:
903 922 953 963 et
977 931 1088 978 quae
1114 930 1281 962 comes
1306 915 1404 961 isse
1430 913 1607 960 marito

325 994 527 1052 Fertur3
568 1002 618 1042 et
642 1002 755 1041 ante
781 1009 934 1041 annos
960 993 1258 1039 occubuisse
1283 1008 1415 1038 suos.

260 1069 383 1118 Fata
405 1070 718 1118 Pheretiadae
744 1072 927 1134 conjux
955 1069 1198 1132 Pagasaea
1222 1069 1459 1116 redemit:

323 1147 525 1210 Proque
551 1147 625 1194 sui
651 1154 728 1194 est
752 1163 876 1194 uxor
900 1146 1070 1193 funere
1096 1146 1196 1193 lata
1219 1146 1324 1193 viri.

1580 1149 1646 1191 20

258 1223 446 1287 Accipe
471 1241 567 1278 me,
596 1223 866 1287 Capaneu3
906 1224 1097 1270 cineres
1123 1223 1457 1278 miscebimur,
1485 1222 1646 1285 inquit

324 1300 509 1364 Iphias,
538 1301 586 1347 in
612 1301 800 1348 medios
826 1301 1127 1363 desiluitque
1151 1317 1313 1363 rogos.

303 1501 354 1530 13.
386 1499 583 1540 Talaouz‘dae.]
628 1500 811 1532 Talaionidae
839 1499 913 1531 scri-

256 1548 393 1579 bendum
422 1557 480 1584 est,
510 1554 545 1578 ut
573 1548 681 1579 docuit
706 1549 843 1580 Gronov.
874 1549 913 1580 ad

257 1597 338 1627 Stat.
363 1596 396 1626 ii.
419 1597 519 1627 Theb.
545 1598 616 1628 141.
640 1597 694 1628 ubi
722 1598 915 1628 Talaionides

255 1645 409 1676 Adrastus
425 1645 549 1676 dicitur.
593 1645 743 1688 Eriphyle
754 1657 836 1682 vero,
849 1646 914 1677 filia

254 1695 356 1731 Talai,
380 1694 502 1726 Biantis
524 1695 591 1731 filii,
615 1702 647 1727 et
667 1695 794 1727 Adrasti
817 1707 911 1727 soror.

254 1743 337 1774 male
360 1744 486 1774 Merula
516 1744 650 1775 Talaona
672 1751 774 1781 vocat,
799 1751 831 1776 et
855 1746 913 1776 Τα-

253 1794 383 1823 lae-onem
408 1793 581 1835 Crispinus,
608 1794 705 1825 multo
727 1793 912 1836 imperitius.

256 1843 375 1872 Burni.

301 1892 352 1921 14.
385 1891 474 1922 Vivus
503 1899 530 1922 ec
560 1894 591 1922 in
616 1891 718 1932 vivis]
754 1892 914 1934 Expressit

254 1940 304 1971 hic
321 1940 453 1972 Ovidius
467 1940 638 1982 Euripiden
659 1941 691 1971 in
711 1941 914 1983 supplicibus.

253 1991 330 2022 925.

298 2040 364 2071 Καὶ
384 2039 452 2079 μὴν
466 2040 526 2070 τὸν
549 2038 700 2077 Οἰκλέους
722 2041 756 2081 γὲ
779 2040 914 2082 γεναῖον

340 2100 449 2123 τοκον,

296 2138 369 2169 θεοὶ
395 2137 488 2173 ζῶντ’
509 2136 764 2179 ἀναρπάσαντες
787 2138 832 2176 εἷς
853 2152 912 2180 μυ-

340 2186 421 2226 χοὺς
434 2185 589 2226 χθονοὺς,

298 2234 419 2271 Αὑτοῖς
435 2234 636 2276 τεθρίπποις,
652 2236 843 2278 εὐλογοῦσιν
861 2237 909 2278 ἐμ-

339 2287 461 2324 φανῶς.

253 2332 298 2363 Ut
313 2331 355 2362 ibi
368 2338 474 2363 notare
495 2343 555 2362 non
577 2332 715 2374 neglexit
732 2333 911 2371 Barnesius,

252 2387 283 2412 et
298 2391 335 2412 ex
355 2380 489 2412 Pindaro
505 2380 669 2412 defluxisse
686 2381 726 2412 ad
740 2382 911 2424 Euripiden

252 2430 384 2461 monuit.
431 2430 547 2460 Bonni.

298 2480 347 2509 17.
367 2479 488 2519 Respice
502 2479 700 2520 Phylaciden,
711 2487 738 2510 et
747 2493 809 2520 qnav
821 2493 910 2513 comes

252 2531 304 2559 isse
320 2530 426 2559 marito
443 2528 566 2565 Fertur,
580 2535 607 2559 et
629 2535 700 2559 ante
717 2541 809 2560 anuos
823 2543 908 2561 occu-

253 2578 346 2608 buisse
377 2577 472 2618 suos]
512 2578 638 2608 Merula
672 2578 754 2609 varie
783 2580 909 2621 exponit

253 2625 335 2656 hunc
361 2625 476 2661 locum,
499 2632 567 2667 post
590 2626 789 2657 Laodamiam
815 2628 907 2659 etiam

254 2674 388 2704 Didonis
403 2674 560 2705 historiam
578 2675 638 2706 huc
656 2676 906 2707 accommodans.

253 2722 314 2754 Sed
339 2734 395 2758 ego
418 2723 599 2765 simpliciter
624 2723 661 2754 de
685 2725 855 2756 Protesilao
878 2732 907 2756 et

982 1499 1154 1532 Laodamia
1173 1511 1267 1531 uxore
1282 1500 1350 1542 ejus
1369 1505 1467 1531 totum
1488 1500 1644 1531 distichon

981 1549 1113 1592 accipio.
1162 1551 1289 1581 M1cx'1..

1028 1601 1077 1630 19.
1116 1600 1194 1630 Fata
1226 1599 1445 1639 Phe›·etiad‹e.]
1486 1598 1642 1629 Admetus

981 1648 1124 1680 Pheretis
1138 1649 1220 1679 filius
1233 1648 1402 1679 Thessalus
1421 1647 1565 1678 Alcestin
1584 1647 1643 1678 Pe-

980 1696 1030 1728 liae
1054 1697 1151 1728 filiam
1174 1708 1300 1728 uxorem
1323 1696 1432 1727 duxit:
1465 1707 1534 1738 quae
1559 1702 1645 1727 tanto

981 1756 1083 1777 amore
1100 1746 1244 1777 maritum
1258 1745 1380 1781 dilexit,
1395 1752 1428 1776 ut
1441 1756 1497 1787 pro
1512 1757 1548 1776 eo
1564 1756 1643 1776 mor-

981 1800 1045 1826 tem
1061 1806 1122 1825 non
1138 1795 1297 1830 recusarit,
1310 1805 1405 1836 quum
1421 1793 1488 1836 ejus
1498 1801 1644 1837 parentes

981 1843 1013 1874 id
1036 1844 1137 1875 facere
1158 1843 1378 1885 neglexissent.
1426 1843 1564 1883 Corgjunx
1582 1844 1643 1873 Pa-

977 1893 1104 1934 gamm]
1143 1892 1281 1923 Alcestis
1308 1892 1470 1923 Thessala.
1519 1893 1643 1935 I’agasae

981 1943 1063 1973 enim
1076 1948 1149 1972 sunt
1163 1942 1335 1973 Pherarum
1350 1941 1532 1984 emporium,
1548 1942 1640 1973 dictae

982 1992 1035 2031 (ut
1068 1991 1178 2022 Strabo
1214 1990 1338 2031 scribit)
1366 1996 1490 2032 propter
1525 1991 1641 2023 vicinos

981 2040 1092 2077 fontes,
1114 2040 1145 2071 id
1170 2046 1228 2076 est,
1254 2050 1363 2082 pagas,
1387 2039 1440 2081 qui
1465 2040 1643 2081 frequentes

981 2100 1132 2131 aquarum
1163 2090 1337 2120 ubertatem
1370 2089 1552 2119 effundunt:
1592 2090 1642 2120 vel

981 2138 1064 2179 quod
1086 2149 1122 2169 eo
1148 2138 1180 2168 in
1204 2136 1271 2169 loco
1293 2137 1397 2168 Pelias
1418 2137 1505 2178 Argo
1528 2147 1640 2168 navem

979 2188 1181 2230 compegerit,
1197 2199 1266 2228 quae
1283 2188 1425 2229 Pagascra
1441 2186 1511 2217 ideo
1530 2197 1548 2217 a
1566 2188 1639 2228 poe-

981 2236 1021 2266 tis
1036 2236 1196 2278 appellata
1211 2236 1282 2272 fuit,
1300 2242 1331 2266 et
1346 2237 1443 2267 Jason
1457 2235 1638 2276 Pagasaeus.

1024 2287 1075 2316 22.
1100 2285 1202 2325 Iphias
1216 2287 1249 2315 in
1264 2287 1370 2316 medios
1383 2285 1506 2315 desiluit
1520 2285 1636 2327 regnan]

980 2335 1072 2366 Hanc
1103 2335 1241 2366 fabulam
1274 2335 1426 2365 habemus
1463 2334 1494 2364 in
1529 2334 1637 2376 Eurip.

979 2384 1120 2426 Supplic.
1138 2385 1168 2414 8.
1184 2384 1237 2414 ubi
1253 2383 1332 2415 iuter
1346 2383 1407 2414 alia
1422 2393 1440 2413 a
1455 2394 1484 2413 v.
1502 2383 1595 2414 1059.

1018 2433 1183 2464 Ἐνταῦθα
1192 2434 1253 2474 γὰρ
1262 2432 1302 2472 δὴ
1310 2432 1495 2469 καλλίνικος
1502 2432 1639 2474 ἔρχομαι

1021 2485 1152 2513 Νικῶσα

1021 2530 1136 2567 Πάσας
1151 2532 1309 2572 γυναῖκας
1324 2531 1364 2566 ἃς
1374 2529 1519 2571 δέδορκεν
1537 2531 1638 2569 ἥλιος,

1019 2579 1146 2621 Ἀρετῇ.
1171 2579 1261 2610 πόσει
1274 2579 1336 2620 γὰρ
1351 2580 1560 2610 συνθανοῦσα
1575 2578 1636 2610 κεί-

1062 2639 1169 2669 σομαι.

1018 2676 1137 2709 Ἀισσω
1157 2677 1319 2715 (Ιιινόντος
1337 2677 1522 2714 Καπανέως
1546 2676 1639 2716 τίινό“

1061 2726 1104 2763 εἰς
1122 2725 1242 2767 πυράν.
