<?xml version="1.0" encoding="UTF-8"?>
<!DOCTYPE html PUBLIC "-//W3C//DTD XHTML 1.0 Transitional//EN"
    "http://www.w3.org/TR/xhtml1/DTD/xhtml1-transitional.dtd">
<html xmlns="http://www.w3.org/1999/xhtml" xml:lang="en" lang="en">
 <head>
  <title>
</title>
<meta http-equiv="Content-Type" content="text/html;charset=utf-8" />
  <meta name='ocr-system' content='tesseract 3.04.00' />
  <meta name='ocr-capabilities' content='ocr_page ocr_carea ocr_par ocr_line ocrx_word'/>
</head>
<body>
  <div class='ocr_page' id='page_1' title='image "./povidiinasonisop02oviduoft_0326.png"; bbox 0 0 1760 3172; ppageno 0'>
   <div class='ocr_carea' id='block_1_1' title="bbox 194 162 279 204">
    <p class='ocr_par' dir='ltr' id='par_1_1' title="bbox 194 162 279 204">
     <span class='ocr_line' id='line_1_1' title="bbox 194 162 279 204; baseline -0.012 0"><span class='ocrx_word' id='word_1_1' title='bbox 194 162 279 204; x_wconf 81' lang='lat'>316</span> 
     </span>
    </p>
   </div>
   <div class='ocr_carea' id='block_1_2' title="bbox 575 156 1182 201">
    <p class='ocr_par' dir='ltr' id='par_1_2' title="bbox 575 156 1182 201">
     <span class='ocr_line' id='line_1_2' title="bbox 575 156 1182 201; baseline -0.007 0"><span class='ocrx_word' id='word_1_2' title='bbox 575 159 625 201; x_wconf 91' lang='grc' dir='ltr'>Ρ.</span> <span class='ocrx_word' id='word_1_3' title='bbox 660 156 870 200; x_wconf 89' lang='lat' dir='ltr'>OVIDII</span> <span class='ocrx_word' id='word_1_4' title='bbox 905 156 1182 198; x_wconf 89' lang='lat' dir='ltr'>NASONIS</span> 
     </span>
    </p>
   </div>
   <div class='ocr_carea' id='block_1_3' title="bbox 198 271 1579 1801">
    <p class='ocr_par' dir='ltr' id='par_1_3' title="bbox 198 271 1570 399">
     <span class='ocr_line' id='line_1_3' title="bbox 198 271 1570 338; baseline -0.004 -16"><span class='ocrx_word' id='word_1_5' title='bbox 198 276 357 330; x_wconf 85' lang='lat' dir='ltr'>Quem</span> <span class='ocrx_word' id='word_1_6' title='bbox 379 291 525 331; x_wconf 89' lang='lat' dir='ltr'>nunc,</span> <span class='ocrx_word' id='word_1_7' title='bbox 542 273 850 338; x_wconf 81' lang='lat' dir='ltr'>subpositum</span> <span class='ocrx_word' id='word_1_8' title='bbox 872 272 1026 320; x_wconf 90' lang='lat' dir='ltr'>stellis</span> <span class='ocrx_word' id='word_1_9' title='bbox 1049 271 1388 336; x_wconf 80' lang='lat' dir='ltr'>Cynosuridos</span> <span class='ocrx_word' id='word_1_10' title='bbox 1417 271 1570 326; x_wconf 82' lang='lat' dir='ltr'>Ursae,</span> 
     </span>
     <span class='ocr_line' id='line_1_4' title="bbox 263 348 1354 399; baseline -0.002 -2"><span class='ocrx_word' id='word_1_11' title='bbox 263 352 448 398; x_wconf 85' lang='lat' dir='ltr'>Juncta</span> <span class='ocrx_word' id='word_1_12' title='bbox 470 359 606 399; x_wconf 90' lang='lat' dir='ltr'>tenet</span> <span class='ocrx_word' id='word_1_13' title='bbox 630 349 795 397; x_wconf 90' lang='lat' dir='ltr'>crudis</span> <span class='ocrx_word' id='word_1_14' title='bbox 823 348 1061 396; x_wconf 84' lang='lat' dir='ltr'>Sarmatis</span> <span class='ocrx_word' id='word_1_15' title='bbox 1086 364 1171 395; x_wconf 86' lang='lat' dir='ltr'>ora</span> <span class='ocrx_word' id='word_1_16' title='bbox 1196 348 1354 396; x_wconf 80' lang='lat' dir='ltr'>Getis,</span> 
     </span>
    </p>

    <p class='ocr_par' dir='ltr' id='par_1_4' title="bbox 198 424 1571 565">
     <span class='ocr_line' id='line_1_5' title="bbox 198 424 1486 492; baseline -0.004 -17"><span class='ocrx_word' id='word_1_17' title='bbox 198 428 395 491; x_wconf 81' lang='lat' dir='ltr'>Quique</span> <span class='ocrx_word' id='word_1_18' title='bbox 419 429 553 492; x_wconf 84' lang='lat' dir='ltr'>prius</span> <span class='ocrx_word' id='word_1_19' title='bbox 578 427 777 474; x_wconf 91' lang='lat' dir='ltr'>mollem</span> <span class='ocrx_word' id='word_1_20' title='bbox 801 440 1109 487; x_wconf 82' lang='lat' dir='ltr'>vacuamque</span> <span class='ocrx_word' id='word_1_21' title='bbox 1134 425 1383 472; x_wconf 82' lang='lat' dir='ltr'>laboribus</span> <span class='ocrx_word' id='word_1_22' title='bbox 1409 424 1486 486; x_wconf 85' lang='lat' dir='ltr'>egi</span> 
     </span>
     <span class='ocr_line' id='line_1_6' title="bbox 266 502 1571 565; baseline -0.005 -13"><span class='ocrx_word' id='word_1_23' title='bbox 266 505 324 551; x_wconf 91' lang='lat' dir='ltr'>In</span> <span class='ocrx_word' id='word_1_24' title='bbox 349 506 524 552; x_wconf 91' lang='lat' dir='ltr'>studiis</span> <span class='ocrx_word' id='word_1_25' title='bbox 548 505 715 559; x_wconf 91' lang='lat' dir='ltr'>vitam,</span> <span class='ocrx_word' id='word_1_26' title='bbox 743 503 1097 565; x_wconf 83' lang='lat' dir='ltr'>Pieridumque</span> <span class='ocrx_word' id='word_1_27' title='bbox 1122 502 1298 558; x_wconf 83' lang='lat' dir='ltr'>choro3</span> <span class='ocrx_word' id='word_1_28' title='bbox 1513 503 1571 546; x_wconf 95' lang='lat' dir='ltr'>lO</span> 
     </span>
    </p>

    <p class='ocr_par' dir='ltr' id='par_1_5' title="bbox 200 577 1556 723">
     <span class='ocr_line' id='line_1_7' title="bbox 200 577 1556 646; baseline -0.004 -17"><span class='ocrx_word' id='word_1_29' title='bbox 200 582 346 629; x_wconf 90' lang='lat' dir='ltr'>Nunc</span> <span class='ocrx_word' id='word_1_30' title='bbox 370 583 541 646; x_wconf 89' lang='lat' dir='ltr'>procul</span> <span class='ocrx_word' id='word_1_31' title='bbox 566 598 594 629; x_wconf 92' lang='lat' dir='ltr'>a</span> <span class='ocrx_word' id='word_1_32' title='bbox 618 581 790 646; x_wconf 89' lang='lat' dir='ltr'>patria,</span> <span class='ocrx_word' id='word_1_33' title='bbox 819 579 1009 627; x_wconf 88' lang='lat' dir='ltr'>Geticis</span> <span class='ocrx_word' id='word_1_34' title='bbox 1035 579 1368 626; x_wconf 90' lang='lat' dir='ltr'>circumsonor</span> <span class='ocrx_word' id='word_1_35' title='bbox 1394 577 1556 632; x_wconf 89' lang='lat' dir='ltr'>armis,</span> 
     </span>
     <span class='ocr_line' id='line_1_8' title="bbox 266 656 1491 723; baseline -0.003 -17"><span class='ocrx_word' id='word_1_36' title='bbox 266 659 430 707; x_wconf 91' lang='lat' dir='ltr'>Multa</span> <span class='ocrx_word' id='word_1_37' title='bbox 453 660 586 723; x_wconf 89' lang='lat' dir='ltr'>prius</span> <span class='ocrx_word' id='word_1_38' title='bbox 611 659 804 723; x_wconf 81' lang='lat' dir='ltr'>pelago,</span> <span class='ocrx_word' id='word_1_39' title='bbox 831 658 1088 720; x_wconf 91' lang='lat' dir='ltr'>multaque</span> <span class='ocrx_word' id='word_1_40' title='bbox 1113 672 1289 720; x_wconf 90' lang='lat' dir='ltr'>passus</span> <span class='ocrx_word' id='word_1_41' title='bbox 1315 656 1491 703; x_wconf 90' lang='lat' dir='ltr'>humo:</span> 
     </span>
    </p>

    <p class='ocr_par' dir='ltr' id='par_1_6' title="bbox 204 734 1418 860">
     <span class='ocr_line' id='line_1_9' title="bbox 204 734 1418 792; baseline -0.002 -9"><span class='ocrx_word' id='word_1_42' title='bbox 204 737 318 784; x_wconf 88' lang='lat' dir='ltr'>Sive</span> <span class='ocrx_word' id='word_1_43' title='bbox 344 737 462 783; x_wconf 90' lang='lat' dir='ltr'>mihi</span> <span class='ocrx_word' id='word_1_44' title='bbox 487 753 647 792; x_wconf 87' lang='lat' dir='ltr'>casus,</span> <span class='ocrx_word' id='word_1_45' title='bbox 675 736 776 783; x_wconf 88' lang='lat' dir='ltr'>sive</span> <span class='ocrx_word' id='word_1_46' title='bbox 801 735 893 782; x_wconf 92' lang='lat' dir='ltr'>hoc</span> <span class='ocrx_word' id='word_1_47' title='bbox 920 735 1057 782; x_wconf 85' lang='lat' dir='ltr'>dedit</span> <span class='ocrx_word' id='word_1_48' title='bbox 1080 734 1151 781; x_wconf 88' lang='lat' dir='ltr'>ira</span> <span class='ocrx_word' id='word_1_49' title='bbox 1172 734 1418 791; x_wconf 90' lang='lat' dir='ltr'>Deorum;</span> 
     </span>
     <span class='ocr_line' id='line_1_10' title="bbox 270 811 1284 860; baseline -0.003 0"><span class='ocrx_word' id='word_1_50' title='bbox 270 813 454 860; x_wconf 89' lang='lat' dir='ltr'>Nubila</span> <span class='ocrx_word' id='word_1_51' title='bbox 477 814 698 860; x_wconf 89' lang='lat' dir='ltr'>nascenti</span> <span class='ocrx_word' id='word_1_52' title='bbox 724 829 811 860; x_wconf 90' lang='lat' dir='ltr'>seu</span> <span class='ocrx_word' id='word_1_53' title='bbox 836 812 954 859; x_wconf 91' lang='lat' dir='ltr'>mihi</span> <span class='ocrx_word' id='word_1_54' title='bbox 980 812 1140 858; x_wconf 90' lang='lat' dir='ltr'>Parca</span> <span class='ocrx_word' id='word_1_55' title='bbox 1162 811 1254 858; x_wconf 89' lang='lat' dir='ltr'>fuit</span> <span class='ocrx_word' id='word_1_56' title='bbox 1275 828 1284 858; x_wconf 91' lang='lat'>:</span> 
     </span>
    </p>

    <p class='ocr_par' dir='ltr' id='par_1_7' title="bbox 203 887 1573 1015">
     <span class='ocr_line' id='line_1_11' title="bbox 203 887 1573 946; baseline -0.003 -10"><span class='ocrx_word' id='word_1_57' title='bbox 203 890 277 937; x_wconf 92' lang='lat' dir='ltr'>Tu</span> <span class='ocrx_word' id='word_1_58' title='bbox 303 897 484 946; x_wconf 87' lang='lat' dir='ltr'>tamen,</span> <span class='ocrx_word' id='word_1_59' title='bbox 511 907 538 938; x_wconf 92' lang='lat' dir='ltr'>e</span> <span class='ocrx_word' id='word_1_60' title='bbox 563 889 715 937; x_wconf 91' lang='lat' dir='ltr'>sacris</span> <span class='ocrx_word' id='word_1_61' title='bbox 741 889 935 936; x_wconf 81' lang='lat' dir='ltr'>hederae</span> <span class='ocrx_word' id='word_1_62' title='bbox 960 887 1231 935; x_wconf 91' lang='lat' dir='ltr'>cultoribus</span> <span class='ocrx_word' id='word_1_63' title='bbox 1256 904 1408 934; x_wconf 92' lang='lat' dir='ltr'>unum</span> <span class='ocrx_word' id='word_1_64' title='bbox 1518 889 1573 932; x_wconf 90' lang='lat'>15</span> 
     </span>
     <span class='ocr_line' id='line_1_12' title="bbox 269 965 1197 1015; baseline -0.004 0"><span class='ocrx_word' id='word_1_65' title='bbox 269 967 486 1015; x_wconf 90' lang='lat' dir='ltr'>Numine</span> <span class='ocrx_word' id='word_1_66' title='bbox 510 968 752 1015; x_wconf 87' lang='lat' dir='ltr'>debueras</span> <span class='ocrx_word' id='word_1_67' title='bbox 778 965 1071 1012; x_wconf 89' lang='lat' dir='ltr'>sustinuisse</span> <span class='ocrx_word' id='word_1_68' title='bbox 1095 972 1197 1011; x_wconf 90' lang='lat' dir='ltr'>tuo.</span> 
     </span>
    </p>

    <p class='ocr_par' dir='ltr' id='par_1_8' title="bbox 203 1043 1413 1169">
     <span class='ocr_line' id='line_1_13' title="bbox 203 1043 1413 1107; baseline -0.003 -15"><span class='ocrx_word' id='word_1_69' title='bbox 203 1045 298 1101; x_wconf 91' lang='lat' dir='ltr'>An,</span> <span class='ocrx_word' id='word_1_70' title='bbox 324 1045 533 1092; x_wconf 81' lang='lat' dir='ltr'>dominae</span> <span class='ocrx_word' id='word_1_71' title='bbox 557 1044 660 1100; x_wconf 90' lang='lat' dir='ltr'>fati,</span> <span class='ocrx_word' id='word_1_72' title='bbox 687 1043 931 1107; x_wconf 90' lang='lat' dir='ltr'>quidquid</span> <span class='ocrx_word' id='word_1_73' title='bbox 957 1043 1181 1090; x_wconf 86' lang='lat' dir='ltr'>cecinere</span> <span class='ocrx_word' id='word_1_74' title='bbox 1207 1058 1413 1097; x_wconf 90' lang='lat' dir='ltr'>sorores,</span> 
     </span>
     <span class='ocr_line' id='line_1_14' title="bbox 272 1120 1271 1169; baseline -0.002 -1"><span class='ocrx_word' id='word_1_75' title='bbox 272 1122 433 1169; x_wconf 88' lang='lat' dir='ltr'>Omne</span> <span class='ocrx_word' id='word_1_76' title='bbox 458 1122 549 1168; x_wconf 95' lang='lat' dir='ltr'>sub</span> <span class='ocrx_word' id='word_1_77' title='bbox 575 1121 775 1168; x_wconf 89' lang='lat' dir='ltr'>arbitrio</span> <span class='ocrx_word' id='word_1_78' title='bbox 800 1120 982 1167; x_wconf 89' lang='lat' dir='ltr'>desinit</span> <span class='ocrx_word' id='word_1_79' title='bbox 1005 1136 1115 1167; x_wconf 91' lang='lat' dir='ltr'>esse</span> <span class='ocrx_word' id='word_1_80' title='bbox 1142 1120 1271 1167; x_wconf 81' lang='lat' dir='ltr'>Dei?</span> 
     </span>
    </p>

    <p class='ocr_par' dir='ltr' id='par_1_9' title="bbox 205 1197 1578 1337">
     <span class='ocr_line' id='line_1_15' title="bbox 205 1197 1539 1263; baseline -0.002 -17"><span class='ocrx_word' id='word_1_81' title='bbox 205 1199 322 1263; x_wconf 90' lang='lat' dir='ltr'>Ipse</span> <span class='ocrx_word' id='word_1_82' title='bbox 346 1214 545 1262; x_wconf 91' lang='lat' dir='ltr'>quoque</span> <span class='ocrx_word' id='word_1_83' title='bbox 569 1199 807 1245; x_wconf 81' lang='lat' dir='ltr'>aethereas</span> <span class='ocrx_word' id='word_1_84' title='bbox 831 1197 1020 1245; x_wconf 90' lang='lat' dir='ltr'>meritis</span> <span class='ocrx_word' id='word_1_85' title='bbox 1044 1197 1268 1244; x_wconf 87' lang='lat' dir='ltr'>invectus</span> <span class='ocrx_word' id='word_1_86' title='bbox 1293 1213 1346 1244; x_wconf 93' lang='lat' dir='ltr'>es</span> <span class='ocrx_word' id='word_1_87' title='bbox 1372 1211 1539 1252; x_wconf 89' lang='lat' dir='ltr'>arces;</span> 
     </span>
     <span class='ocr_line' id='line_1_16' title="bbox 274 1275 1578 1337; baseline -0.002 -15"><span class='ocrx_word' id='word_1_88' title='bbox 274 1275 385 1330; x_wconf 83' lang='lat' dir='ltr'>Qua</span> <span class='ocrx_word' id='word_1_89' title='bbox 408 1291 505 1322; x_wconf 91' lang='lat' dir='ltr'>non</span> <span class='ocrx_word' id='word_1_90' title='bbox 528 1275 708 1337; x_wconf 77' lang='lat' dir='ltr'>exig-uo</span> <span class='ocrx_word' id='word_1_91' title='bbox 732 1275 862 1323; x_wconf 89' lang='lat' dir='ltr'>facta</span> <span class='ocrx_word' id='word_1_92' title='bbox 886 1275 1053 1322; x_wconf 90' lang='lat' dir='ltr'>labore</span> <span class='ocrx_word' id='word_1_93' title='bbox 1076 1275 1155 1322; x_wconf 87' lang='lat' dir='ltr'>via</span> <span class='ocrx_word' id='word_1_94' title='bbox 1178 1282 1270 1322; x_wconf 89' lang='lat' dir='ltr'>est.</span> <span class='ocrx_word' id='word_1_95' title='bbox 1515 1277 1578 1319; x_wconf 85' lang='lat'>20</span> 
     </span>
    </p>

    <p class='ocr_par' dir='ltr' id='par_1_10' title="bbox 208 1351 1578 1493">
     <span class='ocr_line' id='line_1_17' title="bbox 208 1351 1578 1416; baseline -0.002 -16"><span class='ocrx_word' id='word_1_96' title='bbox 208 1352 255 1400; x_wconf 95' lang='lat' dir='ltr'>N</span> <span class='ocrx_word' id='word_1_97' title='bbox 261 1369 316 1400; x_wconf 91' lang='lat' dir='ltr'>ec</span> <span class='ocrx_word' id='word_1_98' title='bbox 331 1353 489 1416; x_wconf 89' lang='lat' dir='ltr'>patria</span> <span class='ocrx_word' id='word_1_99' title='bbox 508 1359 584 1399; x_wconf 92' lang='lat' dir='ltr'>est</span> <span class='ocrx_word' id='word_1_100' title='bbox 603 1352 826 1399; x_wconf 87' lang='lat' dir='ltr'>habitata</span> <span class='ocrx_word' id='word_1_101' title='bbox 849 1353 938 1399; x_wconf 91' lang='lat' dir='ltr'>tibi</span> <span class='ocrx_word' id='word_1_102' title='bbox 961 1369 970 1399; x_wconf 93' lang='lat'>:</span> <span class='ocrx_word' id='word_1_103' title='bbox 1000 1353 1087 1399; x_wconf 78' lang='lat' dir='ltr'>sed</span> <span class='ocrx_word' id='word_1_104' title='bbox 1104 1352 1166 1399; x_wconf 92' lang='lat' dir='ltr'>ad</span> <span class='ocrx_word' id='word_1_105' title='bbox 1182 1367 1341 1415; x_wconf 91' lang='lat' dir='ltr'>usque</span> <span class='ocrx_word' id='word_1_106' title='bbox 1356 1351 1578 1397; x_wconf 89' lang='lat' dir='ltr'>nivosum</span> 
     </span>
     <span class='ocr_line' id='line_1_18' title="bbox 276 1429 1422 1493; baseline -0.001 -17"><span class='ocrx_word' id='word_1_107' title='bbox 276 1429 543 1493; x_wconf 85' lang='lat' dir='ltr'>Strymona</span> <span class='ocrx_word' id='word_1_108' title='bbox 565 1429 758 1484; x_wconf 90' lang='lat' dir='ltr'>venisti,</span> <span class='ocrx_word' id='word_1_109' title='bbox 788 1429 1202 1493; x_wconf 85' lang='lat' dir='ltr'>Marticolamque</span> <span class='ocrx_word' id='word_1_110' title='bbox 1229 1429 1422 1486; x_wconf 90' lang='lat' dir='ltr'>Geten;</span> 
     </span>
    </p>

    <p class='ocr_par' dir='ltr' id='par_1_11' title="bbox 207 1506 1535 1646">
     <span class='ocr_line' id='line_1_19' title="bbox 207 1506 1535 1571; baseline -0.003 -16"><span class='ocrx_word' id='word_1_111' title='bbox 207 1506 531 1569; x_wconf 88' lang='lat' dir='ltr'>Persidaque,</span> <span class='ocrx_word' id='word_1_112' title='bbox 558 1514 608 1553; x_wconf 92' lang='lat' dir='ltr'>et</span> <span class='ocrx_word' id='word_1_113' title='bbox 631 1508 730 1554; x_wconf 90' lang='lat' dir='ltr'>lato</span> <span class='ocrx_word' id='word_1_114' title='bbox 756 1507 1056 1571; x_wconf 89' lang='lat' dir='ltr'>spatiantem</span> <span class='ocrx_word' id='word_1_115' title='bbox 1079 1506 1282 1553; x_wconf 91' lang='lat' dir='ltr'>flumine</span> <span class='ocrx_word' id='word_1_116' title='bbox 1309 1506 1535 1568; x_wconf 86' lang='lat' dir='ltr'>Gangen,</span> 
     </span>
     <span class='ocr_line' id='line_1_20' title="bbox 274 1583 1466 1646; baseline -0.002 -16"><span class='ocrx_word' id='word_1_117' title='bbox 274 1583 340 1630; x_wconf 90' lang='lat' dir='ltr'>Et</span> <span class='ocrx_word' id='word_1_118' title='bbox 364 1599 703 1646; x_wconf 90' lang='lat' dir='ltr'>quascumque</span> <span class='ocrx_word' id='word_1_119' title='bbox 726 1584 852 1631; x_wconf 88' lang='lat' dir='ltr'>bibit</span> <span class='ocrx_word' id='word_1_120' title='bbox 876 1584 1090 1630; x_wconf 91' lang='lat' dir='ltr'>discolor</span> <span class='ocrx_word' id='word_1_121' title='bbox 1114 1583 1269 1629; x_wconf 92' lang='lat' dir='ltr'>Indus</span> <span class='ocrx_word' id='word_1_122' title='bbox 1295 1597 1466 1645; x_wconf 88' lang='lat' dir='ltr'>aquas.</span> 
     </span>
    </p>

    <p class='ocr_par' dir='ltr' id='par_1_12' title="bbox 210 1659 1579 1801">
     <span class='ocr_line' id='line_1_21' title="bbox 210 1659 1579 1724; baseline -0.004 -16"><span class='ocrx_word' id='word_1_123' title='bbox 210 1661 414 1709; x_wconf 86' lang='lat' dir='ltr'>Scilicet</span> <span class='ocrx_word' id='word_1_124' title='bbox 437 1661 563 1708; x_wconf 87' lang='lat' dir='ltr'>hanc</span> <span class='ocrx_word' id='word_1_125' title='bbox 588 1662 749 1724; x_wconf 83' lang='lat' dir='ltr'>legem</span> <span class='ocrx_word' id='word_1_126' title='bbox 774 1668 949 1709; x_wconf 90' lang='lat' dir='ltr'>nentes</span> <span class='ocrx_word' id='word_1_127' title='bbox 974 1660 1139 1708; x_wconf 87' lang='lat' dir='ltr'>fatalia</span> <span class='ocrx_word' id='word_1_128' title='bbox 1163 1659 1334 1706; x_wconf 82' lang='lat' dir='ltr'>Parcae</span> <span class='ocrx_word' id='word_1_129' title='bbox 1517 1661 1579 1704; x_wconf 84' lang='lat'>25</span> 
     </span>
     <span class='ocr_line' id='line_1_22' title="bbox 277 1737 1274 1801; baseline -0.003 -16"><span class='ocrx_word' id='word_1_130' title='bbox 277 1738 502 1786; x_wconf 88' lang='lat' dir='ltr'>Stamina</span> <span class='ocrx_word' id='word_1_131' title='bbox 523 1738 600 1786; x_wconf 90' lang='lat' dir='ltr'>bis</span> <span class='ocrx_word' id='word_1_132' title='bbox 626 1739 792 1801; x_wconf 84' lang='lat' dir='ltr'>genito</span> <span class='ocrx_word' id='word_1_133' title='bbox 816 1739 892 1786; x_wconf 90' lang='lat' dir='ltr'>bis</span> <span class='ocrx_word' id='word_1_134' title='bbox 917 1738 1143 1787; x_wconf 90' lang='lat' dir='ltr'>cecinere</span> <span class='ocrx_word' id='word_1_135' title='bbox 1167 1737 1274 1784; x_wconf 88' lang='lat' dir='ltr'>tibi.</span> 
     </span>
    </p>
   </div>
   <div class='ocr_carea' id='block_1_4' title="bbox 211 1918 870 2743">
    <p class='ocr_par' dir='ltr' id='par_1_13' title="bbox 211 1918 864 2106">
     <span class='ocr_line' id='line_1_23' title="bbox 254 1918 863 1960; baseline 0.005 -12"><span class='ocrx_word' id='word_1_136' title='bbox 254 1919 284 1948; x_wconf 92' lang='lat'>7.</span> <span class='ocrx_word' id='word_1_137' title='bbox 307 1918 408 1949; x_wconf 76' lang='lat' dir='ltr'>Stellis</span> <span class='ocrx_word' id='word_1_138' title='bbox 428 1918 660 1959; x_wconf 75' lang='lat' dir='ltr'>Erymanthidos</span> <span class='ocrx_word' id='word_1_139' title='bbox 673 1919 777 1960; x_wconf 84' lang='lat' dir='ltr'>ursae.]</span> <span class='ocrx_word' id='word_1_140' title='bbox 804 1919 863 1951; x_wconf 91' lang='lat' dir='ltr'>Ur-</span> 
     </span>
     <span class='ocr_line' id='line_1_24' title="bbox 211 1967 864 2009; baseline 0.002 -11"><span class='ocrx_word' id='word_1_141' title='bbox 211 1978 253 1998; x_wconf 82' lang='lat' dir='ltr'>sae</span> <span class='ocrx_word' id='word_1_142' title='bbox 277 1967 451 2003; x_wconf 84' lang='lat' dir='ltr'>Arcadicae,</span> <span class='ocrx_word' id='word_1_143' title='bbox 479 1969 518 1998; x_wconf 88' lang='lat' dir='ltr'>ab</span> <span class='ocrx_word' id='word_1_144' title='bbox 542 1968 732 2009; x_wconf 87' lang='lat' dir='ltr'>Erymantho</span> <span class='ocrx_word' id='word_1_145' title='bbox 761 1974 864 1999; x_wconf 86' lang='lat' dir='ltr'>monte</span> 
     </span>
     <span class='ocr_line' id='line_1_25' title="bbox 212 2016 864 2058; baseline 0.002 -12"><span class='ocrx_word' id='word_1_146' title='bbox 212 2016 355 2046; x_wconf 85' lang='lat' dir='ltr'>Arcadiae</span> <span class='ocrx_word' id='word_1_147' title='bbox 369 2016 546 2058; x_wconf 83' lang='lat' dir='ltr'>adpellatae.</span> <span class='ocrx_word' id='word_1_148' title='bbox 579 2017 777 2057; x_wconf 80' lang='lat' dir='ltr'>Cynosuridos</span> <span class='ocrx_word' id='word_1_149' title='bbox 787 2027 864 2058; x_wconf 90' lang='lat' dir='ltr'>prae-</span> 
     </span>
     <span class='ocr_line' id='line_1_26' title="bbox 212 2064 843 2106; baseline 0.002 -12"><span class='ocrx_word' id='word_1_150' title='bbox 212 2064 296 2106; x_wconf 88' lang='lat' dir='ltr'>cipui</span> <span class='ocrx_word' id='word_1_151' title='bbox 311 2075 348 2095; x_wconf 87' lang='lat' dir='ltr'>ex</span> <span class='ocrx_word' id='word_1_152' title='bbox 365 2064 522 2106; x_wconf 85' lang='lat' dir='ltr'>antiquis;</span> <span class='ocrx_word' id='word_1_153' title='bbox 544 2070 575 2096; x_wconf 86' lang='lat' dir='ltr'>et</span> <span class='ocrx_word' id='word_1_154' title='bbox 590 2071 684 2096; x_wconf 88' lang='lat' dir='ltr'>recte.</span> <span class='ocrx_word' id='word_1_155' title='bbox 729 2066 843 2096; x_wconf 68' lang='lat' dir='ltr'>Hmss.</span> 
     </span>
    </p>

    <p class='ocr_par' dir='ltr' id='par_1_14' title="bbox 212 2114 866 2205">
     <span class='ocr_line' id='line_1_27' title="bbox 258 2114 866 2154; baseline 0.005 -11"><span class='ocrx_word' id='word_1_156' title='bbox 258 2115 306 2144; x_wconf 84' lang='lat'>18.</span> <span class='ocrx_word' id='word_1_157' title='bbox 332 2114 450 2144; x_wconf 82' lang='lat' dir='ltr'>Desinit</span> <span class='ocrx_word' id='word_1_158' title='bbox 462 2125 518 2144; x_wconf 87' lang='lat' dir='ltr'>esse</span> <span class='ocrx_word' id='word_1_159' title='bbox 535 2114 618 2154; x_wconf 56' lang='lat' dir='ltr'>Dea]</span> <span class='ocrx_word' id='word_1_160' title='bbox 644 2115 741 2145; x_wconf 64' lang='lat' dir='ltr'>Deum</span> <span class='ocrx_word' id='word_1_161' title='bbox 755 2114 866 2146; x_wconf 85' lang='lat' dir='ltr'>rectius</span> 
     </span>
     <span class='ocr_line' id='line_1_28' title="bbox 212 2162 809 2205; baseline 0.002 -12"><span class='ocrx_word' id='word_1_162' title='bbox 212 2174 266 2204; x_wconf 89' lang='lat' dir='ltr'>pro</span> <span class='ocrx_word' id='word_1_163' title='bbox 282 2162 390 2203; x_wconf 84' lang='lat' dir='ltr'>gentili</span> <span class='ocrx_word' id='word_1_164' title='bbox 405 2163 560 2205; x_wconf 86' lang='lat' dir='ltr'>theologia</span> <span class='ocrx_word' id='word_1_165' title='bbox 574 2163 652 2194; x_wconf 91' lang='lat' dir='ltr'>liber</span> <span class='ocrx_word' id='word_1_166' title='bbox 667 2164 809 2194; x_wconf 87' lang='lat' dir='ltr'>Leidens.</span> 
     </span>
    </p>

    <p class='ocr_par' dir='ltr' id='par_1_15' title="bbox 213 2212 868 2398">
     <span class='ocr_line' id='line_1_29' title="bbox 260 2212 867 2243; baseline 0.003 -2"><span class='ocrx_word' id='word_1_167' title='bbox 260 2213 308 2242; x_wconf 86' lang='lat'>19.</span> <span class='ocrx_word' id='word_1_168' title='bbox 339 2212 495 2242; x_wconf 79' lang='lat' dir='ltr'>AEthereas</span> <span class='ocrx_word' id='word_1_169' title='bbox 529 2213 642 2242; x_wconf 86' lang='lat' dir='ltr'>meritis</span> <span class='ocrx_word' id='word_1_170' title='bbox 670 2214 804 2243; x_wconf 82' lang='lat' dir='ltr'>invectus</span> <span class='ocrx_word' id='word_1_171' title='bbox 839 2223 867 2242; x_wconf 81' lang='lat' dir='ltr'>es</span> 
     </span>
     <span class='ocr_line' id='line_1_30' title="bbox 214 2261 867 2304; baseline 0.002 -13"><span class='ocrx_word' id='word_1_172' title='bbox 214 2261 322 2301; x_wconf 62' lang='lat' dir='ltr'>arces]</span> <span class='ocrx_word' id='word_1_173' title='bbox 349 2261 432 2292; x_wconf 90' lang='lat' dir='ltr'>Illud</span> <span class='ocrx_word' id='word_1_174' title='bbox 447 2262 575 2292; x_wconf 89' lang='lat' dir='ltr'>verbum</span> <span class='ocrx_word' id='word_1_175' title='bbox 594 2263 691 2292; x_wconf 76' lang='lat' dir='ltr'>invehi</span> <span class='ocrx_word' id='word_1_176' title='bbox 712 2262 867 2304; x_wconf 89' lang='lat' dir='ltr'>proprium</span> 
     </span>
     <span class='ocr_line' id='line_1_31' title="bbox 213 2309 868 2352; baseline 0.003 -12"><span class='ocrx_word' id='word_1_177' title='bbox 213 2309 480 2351; x_wconf 87' lang='lat' dir='ltr'>triumphantium,</span> <span class='ocrx_word' id='word_1_178' title='bbox 515 2316 550 2341; x_wconf 92' lang='lat' dir='ltr'>ut</span> <span class='ocrx_word' id='word_1_179' title='bbox 583 2310 666 2352; x_wconf 92' lang='lat' dir='ltr'>apud</span> <span class='ocrx_word' id='word_1_180' title='bbox 700 2311 868 2346; x_wconf 82' lang='lat' dir='ltr'>Romanos,</span> 
     </span>
     <span class='ocr_line' id='line_1_32' title="bbox 214 2359 721 2398; baseline 0.002 -9"><span class='ocrx_word' id='word_1_181' title='bbox 214 2360 314 2389; x_wconf 75' lang='lat' dir='ltr'>invehi</span> <span class='ocrx_word' id='word_1_182' title='bbox 332 2359 513 2398; x_wconf 81' lang='lat' dir='ltr'>Capitolium</span> <span class='ocrx_word' id='word_1_183' title='bbox 527 2360 721 2391; x_wconf 80' lang='lat' dir='ltr'>dicebantur.</span> 
     </span>
    </p>

    <p class='ocr_par' dir='ltr' id='par_1_16' title="bbox 257 2408 690 2449">
     <span class='ocr_line' id='line_1_33' title="bbox 257 2408 690 2449; baseline 0.005 -11"><span class='ocrx_word' id='word_1_184' title='bbox 257 2409 309 2438; x_wconf 85' lang='lat'>21.</span> <span class='ocrx_word' id='word_1_185' title='bbox 334 2408 396 2438; x_wconf 88' lang='lat' dir='ltr'>Nec</span> <span class='ocrx_word' id='word_1_186' title='bbox 408 2409 537 2449; x_wconf 61' lang='lat' dir='ltr'>patria]</span> <span class='ocrx_word' id='word_1_187' title='bbox 561 2409 690 2445; x_wconf 86' lang='lat' dir='ltr'>Thebae.</span> 
     </span>
    </p>

    <p class='ocr_par' dir='ltr' id='par_1_17' title="bbox 216 2457 870 2743">
     <span class='ocr_line' id='line_1_34' title="bbox 257 2457 867 2498; baseline 0 -10"><span class='ocrx_word' id='word_1_188' title='bbox 257 2458 309 2488; x_wconf 77' lang='lat'>22.</span> <span class='ocrx_word' id='word_1_189' title='bbox 325 2457 510 2498; x_wconf 63' lang='lat' dir='ltr'>Strymona]</span> <span class='ocrx_word' id='word_1_190' title='bbox 534 2458 675 2498; x_wconf 89' lang='lat' dir='ltr'>Strymon</span> <span class='ocrx_word' id='word_1_191' title='bbox 688 2457 799 2488; x_wconf 89' lang='lat' dir='ltr'>fluvius</span> <span class='ocrx_word' id='word_1_192' title='bbox 810 2462 867 2494; x_wconf 85' lang='lat' dir='ltr'>est,</span> 
     </span>
     <span class='ocr_line' id='line_1_35' title="bbox 216 2505 868 2547; baseline 0 -11"><span class='ocrx_word' id='word_1_193' title='bbox 216 2505 269 2547; x_wconf 87' lang='lat' dir='ltr'>qui</span> <span class='ocrx_word' id='word_1_194' title='bbox 284 2505 316 2536; x_wconf 90' lang='lat' dir='ltr'>in</span> <span class='ocrx_word' id='word_1_195' title='bbox 331 2506 462 2536; x_wconf 86' lang='lat' dir='ltr'>confinio</span> <span class='ocrx_word' id='word_1_196' title='bbox 474 2506 614 2538; x_wconf 85' lang='lat' dir='ltr'>Thraciae</span> <span class='ocrx_word' id='word_1_197' title='bbox 630 2513 662 2537; x_wconf 85' lang='lat' dir='ltr'>et</span> <span class='ocrx_word' id='word_1_198' title='bbox 673 2505 868 2537; x_wconf 77' lang='lat' dir='ltr'>Macedoniae</span> 
     </span>
     <span class='ocr_line' id='line_1_36' title="bbox 216 2554 868 2598; baseline 0 -12"><span class='ocrx_word' id='word_1_199' title='bbox 216 2565 254 2586; x_wconf 88' lang='lat' dir='ltr'>ex</span> <span class='ocrx_word' id='word_1_200' title='bbox 287 2555 378 2585; x_wconf 82' lang='lat' dir='ltr'>AEmo</span> <span class='ocrx_word' id='word_1_201' title='bbox 410 2554 567 2586; x_wconf 88' lang='lat' dir='ltr'>decurrit:</span> <span class='ocrx_word' id='word_1_202' title='bbox 603 2555 645 2586; x_wconf 90' lang='lat' dir='ltr'>ibi</span> <span class='ocrx_word' id='word_1_203' title='bbox 674 2566 728 2598; x_wconf 90' lang='lat' dir='ltr'>per</span> <span class='ocrx_word' id='word_1_204' title='bbox 760 2561 868 2586; x_wconf 84' lang='lat' dir='ltr'>aestum</span> 
     </span>
     <span class='ocr_line' id='line_1_37' title="bbox 217 2603 870 2644; baseline 0.003 -11"><span class='ocrx_word' id='word_1_205' title='bbox 217 2603 351 2633; x_wconf 86' lang='lat' dir='ltr'>maxime</span> <span class='ocrx_word' id='word_1_206' title='bbox 373 2614 463 2644; x_wconf 88' lang='lat' dir='ltr'>grues</span> <span class='ocrx_word' id='word_1_207' title='bbox 485 2610 659 2642; x_wconf 87' lang='lat' dir='ltr'>morantur;</span> <span class='ocrx_word' id='word_1_208' title='bbox 682 2603 764 2635; x_wconf 91' lang='lat' dir='ltr'>unde</span> <span class='ocrx_word' id='word_1_209' title='bbox 779 2605 870 2635; x_wconf 88' lang='lat' dir='ltr'>Maro</span> 
     </span>
     <span class='ocr_line' id='line_1_38' title="bbox 218 2652 869 2694; baseline 0.003 -13"><span class='ocrx_word' id='word_1_210' title='bbox 218 2662 271 2682; x_wconf 84' lang='lat' dir='ltr'>eas</span> <span class='ocrx_word' id='word_1_211' title='bbox 299 2652 481 2692; x_wconf 81' lang='lat' dir='ltr'>Strymonias</span> <span class='ocrx_word' id='word_1_212' title='bbox 507 2653 688 2694; x_wconf 85' lang='lat' dir='ltr'>adpellavit.</span> <span class='ocrx_word' id='word_1_213' title='bbox 724 2653 869 2683; x_wconf 81' lang='lat' dir='ltr'>Martico-</span> 
     </span>
     <span class='ocr_line' id='line_1_39' title="bbox 219 2701 870 2743; baseline 0.003 -13"><span class='ocrx_word' id='word_1_214' title='bbox 219 2701 332 2741; x_wconf 79' lang='lat' dir='ltr'>lamque</span> <span class='ocrx_word' id='word_1_215' title='bbox 348 2701 454 2732; x_wconf 82' lang='lat' dir='ltr'>Geten.</span> <span class='ocrx_word' id='word_1_216' title='bbox 486 2701 568 2734; x_wconf 89' lang='lat' dir='ltr'>Belli</span> <span class='ocrx_word' id='word_1_217' title='bbox 584 2702 713 2743; x_wconf 87' lang='lat' dir='ltr'>cupidos</span> <span class='ocrx_word' id='word_1_218' title='bbox 723 2701 870 2733; x_wconf 82' lang='lat' dir='ltr'>Thracas.</span> 
     </span>
    </p>
   </div>
   <div class='ocr_carea' id='block_1_5' title="bbox 931 1915 1591 2682">
    <p class='ocr_par' dir='ltr' id='par_1_18' title="bbox 931 1915 1588 2389">
     <span class='ocr_line' id='line_1_40' title="bbox 973 1915 1580 1958; baseline -0.007 -9"><span class='ocrx_word' id='word_1_219' title='bbox 973 1920 1027 1950; x_wconf 80' lang='lat'>23.</span> <span class='ocrx_word' id='word_1_220' title='bbox 1050 1918 1243 1958; x_wconf 80' lang='lat' dir='ltr'>Persidaque,</span> <span class='ocrx_word' id='word_1_221' title='bbox 1261 1923 1289 1947; x_wconf 81' lang='lat' dir='ltr'>et</span> <span class='ocrx_word' id='word_1_222' title='bbox 1306 1918 1365 1946; x_wconf 83' lang='lat' dir='ltr'>lato</span> <span class='ocrx_word' id='word_1_223' title='bbox 1375 1915 1580 1956; x_wconf 63' lang='lat' dir='ltr'>spatiantem]</span> 
     </span>
     <span class='ocr_line' id='line_1_41' title="bbox 931 1964 1583 1998; baseline -0.008 0"><span class='ocrx_word' id='word_1_224' title='bbox 931 1967 1034 1998; x_wconf 84' lang='lat' dir='ltr'>Persis</span> <span class='ocrx_word' id='word_1_225' title='bbox 1056 1973 1121 1998; x_wconf 83' lang='lat' dir='ltr'>tota</span> <span class='ocrx_word' id='word_1_226' title='bbox 1140 1965 1298 1997; x_wconf 70' lang='lat' dir='ltr'>ahissxmis</span> <span class='ocrx_word' id='word_1_227' title='bbox 1318 1965 1451 1995; x_wconf 82' lang='lat' dir='ltr'>vallatur</span> <span class='ocrx_word' id='word_1_228' title='bbox 1472 1964 1583 1994; x_wconf 88' lang='lat' dir='ltr'>monti-</span> 
     </span>
     <span class='ocr_line' id='line_1_42' title="bbox 931 2012 1586 2057; baseline -0.008 -10"><span class='ocrx_word' id='word_1_229' title='bbox 931 2018 1000 2052; x_wconf 89' lang='lat' dir='ltr'>bus,</span> <span class='ocrx_word' id='word_1_230' title='bbox 1016 2016 1138 2047; x_wconf 88' lang='lat' dir='ltr'>initium</span> <span class='ocrx_word' id='word_1_231' title='bbox 1158 2014 1283 2057; x_wconf 88' lang='lat' dir='ltr'>capiens</span> <span class='ocrx_word' id='word_1_232' title='bbox 1302 2025 1320 2044; x_wconf 93' lang='lat' dir='ltr'>a</span> <span class='ocrx_word' id='word_1_233' title='bbox 1338 2013 1434 2055; x_wconf 87' lang='lat' dir='ltr'>portis</span> <span class='ocrx_word' id='word_1_234' title='bbox 1453 2012 1586 2054; x_wconf 85' lang='lat' dir='ltr'>Caspiis,</span> 
     </span>
     <span class='ocr_line' id='line_1_43' title="bbox 932 2061 1584 2107; baseline -0.006 -11"><span class='ocrx_word' id='word_1_235' title='bbox 932 2076 996 2107; x_wconf 86' lang='lat' dir='ltr'>qua</span> <span class='ocrx_word' id='word_1_236' title='bbox 1016 2065 1073 2096; x_wconf 88' lang='lat' dir='ltr'>iter</span> <span class='ocrx_word' id='word_1_237' title='bbox 1094 2065 1126 2095; x_wconf 91' lang='lat' dir='ltr'>in</span> <span class='ocrx_word' id='word_1_238' title='bbox 1150 2071 1299 2100; x_wconf 86' lang='lat' dir='ltr'>austrum,</span> <span class='ocrx_word' id='word_1_239' title='bbox 1315 2068 1408 2104; x_wconf 88' lang='lat' dir='ltr'>atque</span> <span class='ocrx_word' id='word_1_240' title='bbox 1427 2073 1524 2103; x_wconf 85' lang='lat' dir='ltr'>usque</span> <span class='ocrx_word' id='word_1_241' title='bbox 1545 2061 1584 2092; x_wconf 89' lang='lat' dir='ltr'>ad</span> 
     </span>
     <span class='ocr_line' id='line_1_44' title="bbox 933 2111 1586 2156; baseline -0.009 -10"><span class='ocrx_word' id='word_1_242' title='bbox 933 2126 1015 2146; x_wconf 84' lang='lat' dir='ltr'>mare</span> <span class='ocrx_word' id='word_1_243' title='bbox 1030 2114 1239 2156; x_wconf 85' lang='lat' dir='ltr'>protenditur:</span> <span class='ocrx_word' id='word_1_244' title='bbox 1266 2112 1348 2154; x_wconf 92' lang='lat' dir='ltr'>quod</span> <span class='ocrx_word' id='word_1_245' title='bbox 1369 2113 1407 2142; x_wconf 90' lang='lat' dir='ltr'>ab</span> <span class='ocrx_word' id='word_1_246' title='bbox 1430 2122 1468 2142; x_wconf 90' lang='lat' dir='ltr'>ea</span> <span class='ocrx_word' id='word_1_247' title='bbox 1483 2111 1586 2141; x_wconf 89' lang='lat' dir='ltr'>Persi-</span> 
     </span>
     <span class='ocr_line' id='line_1_45' title="bbox 933 2160 1588 2205; baseline -0.008 -11"><span class='ocrx_word' id='word_1_248' title='bbox 933 2174 1003 2194; x_wconf 89' lang='lat' dir='ltr'>cum</span> <span class='ocrx_word' id='word_1_249' title='bbox 1015 2169 1061 2195; x_wconf 89' lang='lat' dir='ltr'>est</span> <span class='ocrx_word' id='word_1_250' title='bbox 1071 2162 1276 2205; x_wconf 88' lang='lat' dir='ltr'>adpellatum.</span> <span class='ocrx_word' id='word_1_251' title='bbox 1296 2162 1434 2202; x_wconf 80' lang='lat' dir='ltr'>Gangen.</span> <span class='ocrx_word' id='word_1_252' title='bbox 1449 2160 1588 2201; x_wconf 84' lang='lat' dir='ltr'>Ganges,</span> 
     </span>
     <span class='ocr_line' id='line_1_46' title="bbox 934 2209 1586 2248; baseline -0.006 -5"><span class='ocrx_word' id='word_1_253' title='bbox 934 2212 1031 2244; x_wconf 83' lang='lat' dir='ltr'>Indiae</span> <span class='ocrx_word' id='word_1_254' title='bbox 1057 2212 1181 2248; x_wconf 86' lang='lat' dir='ltr'>fluvius,</span> <span class='ocrx_word' id='word_1_255' title='bbox 1208 2218 1255 2242; x_wconf 89' lang='lat' dir='ltr'>est</span> <span class='ocrx_word' id='word_1_256' title='bbox 1278 2210 1430 2241; x_wconf 85' lang='lat' dir='ltr'>maximus</span> <span class='ocrx_word' id='word_1_257' title='bbox 1449 2209 1586 2240; x_wconf 88' lang='lat' dir='ltr'>omnium</span> 
     </span>
     <span class='ocr_line' id='line_1_47' title="bbox 934 2257 1587 2303; baseline -0.006 -11"><span class='ocrx_word' id='word_1_258' title='bbox 934 2262 1106 2297; x_wconf 84' lang='lat' dir='ltr'>fluminum,</span> <span class='ocrx_word' id='word_1_259' title='bbox 1121 2271 1189 2303; x_wconf 85' lang='lat' dir='ltr'>quae</span> <span class='ocrx_word' id='word_1_260' title='bbox 1205 2259 1237 2289; x_wconf 86' lang='lat' dir='ltr'>in</span> <span class='ocrx_word' id='word_1_261' title='bbox 1247 2260 1344 2290; x_wconf 89' lang='lat' dir='ltr'>tribus</span> <span class='ocrx_word' id='word_1_262' title='bbox 1358 2257 1587 2290; x_wconf 81' lang='lat' dir='ltr'>continentibus</span> 
     </span>
     <span class='ocr_line' id='line_1_48' title="bbox 935 2307 1588 2348; baseline -0.005 -7"><span class='ocrx_word' id='word_1_263' title='bbox 935 2316 1153 2341; x_wconf 85' lang='lat' dir='ltr'>memorantur.</span> <span class='ocrx_word' id='word_1_264' title='bbox 1173 2308 1254 2339; x_wconf 90' lang='lat' dir='ltr'>Vide</span> <span class='ocrx_word' id='word_1_265' title='bbox 1279 2307 1361 2338; x_wconf 89' lang='lat' dir='ltr'>Plin.</span> <span class='ocrx_word' id='word_1_266' title='bbox 1382 2308 1437 2338; x_wconf 89' lang='lat' dir='ltr'>lib.</span> <span class='ocrx_word' id='word_1_267' title='bbox 1458 2307 1498 2337; x_wconf 91' lang='lat' dir='ltr'>vi.</span> <span class='ocrx_word' id='word_1_268' title='bbox 1518 2317 1588 2348; x_wconf 81' lang='lat' dir='ltr'>cap.</span> 
     </span>
     <span class='ocr_line' id='line_1_49' title="bbox 939 2360 988 2389; baseline 0.02 -1"><span class='ocrx_word' id='word_1_269' title='bbox 939 2360 988 2389; x_wconf 87' lang='lat'>18.</span> 
     </span>
    </p>

    <p class='ocr_par' dir='ltr' id='par_1_19' title="bbox 934 2403 1591 2682">
     <span class='ocr_line' id='line_1_50' title="bbox 979 2403 1585 2446; baseline -0.007 -9"><span class='ocrx_word' id='word_1_270' title='bbox 979 2408 1030 2437; x_wconf 84' lang='lat'>26.</span> <span class='ocrx_word' id='word_1_271' title='bbox 1055 2406 1107 2436; x_wconf 77' lang='lat' dir='ltr'>Bis</span> <span class='ocrx_word' id='word_1_272' title='bbox 1124 2407 1224 2446; x_wconf 77' lang='lat' dir='ltr'>genito</span> <span class='ocrx_word' id='word_1_273' title='bbox 1247 2407 1299 2441; x_wconf 80' lang='lat' dir='ltr'>bis,</span> <span class='ocrx_word' id='word_1_274' title='bbox 1320 2405 1395 2445; x_wconf 65' lang='grc' dir='ltr'>δια]</span> <span class='ocrx_word' id='word_1_275' title='bbox 1422 2403 1476 2434; x_wconf 89' lang='lat' dir='ltr'>Bis</span> <span class='ocrx_word' id='word_1_276' title='bbox 1498 2403 1585 2444; x_wconf 87' lang='lat' dir='ltr'>geni-</span> 
     </span>
     <span class='ocr_line' id='line_1_51' title="bbox 935 2452 1587 2496; baseline -0.005 -11"><span class='ocrx_word' id='word_1_277' title='bbox 935 2461 1000 2486; x_wconf 87' lang='lat' dir='ltr'>tum</span> <span class='ocrx_word' id='word_1_278' title='bbox 1023 2454 1162 2496; x_wconf 88' lang='lat' dir='ltr'>adpellat</span> <span class='ocrx_word' id='word_1_279' title='bbox 1177 2454 1349 2490; x_wconf 87' lang='lat' dir='ltr'>Bacchum,</span> <span class='ocrx_word' id='word_1_280' title='bbox 1367 2453 1512 2495; x_wconf 82' lang='lat' dir='ltr'>quoniam</span> <span class='ocrx_word' id='word_1_281' title='bbox 1526 2452 1587 2494; x_wconf 89' lang='lat' dir='ltr'>pri-</span> 
     </span>
     <span class='ocr_line' id='line_1_52' title="bbox 934 2502 1588 2539; baseline -0.005 -5"><span class='ocrx_word' id='word_1_282' title='bbox 934 2515 1019 2535; x_wconf 90' lang='lat' dir='ltr'>mum</span> <span class='ocrx_word' id='word_1_283' title='bbox 1047 2515 1084 2534; x_wconf 84' lang='lat' dir='ltr'>ex</span> <span class='ocrx_word' id='word_1_284' title='bbox 1114 2504 1246 2539; x_wconf 87' lang='lat' dir='ltr'>Semele,</span> <span class='ocrx_word' id='word_1_285' title='bbox 1269 2502 1381 2534; x_wconf 87' lang='lat' dir='ltr'>deinde</span> <span class='ocrx_word' id='word_1_286' title='bbox 1408 2513 1445 2533; x_wconf 89' lang='lat' dir='ltr'>ex</span> <span class='ocrx_word' id='word_1_287' title='bbox 1475 2502 1588 2532; x_wconf 84' lang='lat' dir='ltr'>femore</span> 
     </span>
     <span class='ocr_line' id='line_1_53' title="bbox 935 2550 1591 2588; baseline -0.008 -4"><span class='ocrx_word' id='word_1_288' title='bbox 935 2553 1034 2588; x_wconf 89' lang='lat' dir='ltr'>Jovis,</span> <span class='ocrx_word' id='word_1_289' title='bbox 1049 2552 1080 2582; x_wconf 92' lang='lat' dir='ltr'>in</span> <span class='ocrx_word' id='word_1_290' title='bbox 1096 2552 1197 2583; x_wconf 91' lang='lat' dir='ltr'>lucem</span> <span class='ocrx_word' id='word_1_291' title='bbox 1213 2551 1312 2582; x_wconf 85' lang='lat' dir='ltr'>venit:</span> <span class='ocrx_word' id='word_1_292' title='bbox 1338 2550 1409 2581; x_wconf 89' lang='lat' dir='ltr'>hinc</span> <span class='ocrx_word' id='word_1_293' title='bbox 1425 2552 1547 2580; x_wconf 79' lang='lat' dir='ltr'>bimater</span> <span class='ocrx_word' id='word_1_294' title='bbox 1558 2554 1591 2580; x_wconf 83' lang='lat' dir='ltr'>et</span> 
     </span>
     <span class='ocr_line' id='line_1_54' title="bbox 936 2597 1590 2642; baseline -0.003 -11"><span class='ocrx_word' id='word_1_295' title='bbox 936 2600 1134 2642; x_wconf 70' lang='grc' dir='ltr'>διθύραμβος</span> <span class='ocrx_word' id='word_1_296' title='bbox 1149 2601 1238 2642; x_wconf 81' lang='grc' dir='ltr'><em>παρὰ</em></span> <span class='ocrx_word' id='word_1_297' title='bbox 1254 2601 1309 2631; x_wconf 81' lang='grc' dir='ltr'>τοῦ</span> <span class='ocrx_word' id='word_1_298' title='bbox 1323 2598 1371 2636; x_wconf 83' lang='grc' dir='ltr'>δὶς</span> <span class='ocrx_word' id='word_1_299' title='bbox 1392 2598 1504 2640; x_wconf 68' lang='grc' dir='ltr'>θύραζε</span> <span class='ocrx_word' id='word_1_300' title='bbox 1515 2597 1590 2638; x_wconf 79' lang='grc' dir='ltr'>βαί-</span> 
     </span>
     <span class='ocr_line' id='line_1_55' title="bbox 937 2650 1131 2682; baseline -0.005 -1"><span class='ocrx_word' id='word_1_301' title='bbox 937 2662 1004 2682; x_wconf 79' lang='grc' dir='ltr'>νειν</span> <span class='ocrx_word' id='word_1_302' title='bbox 1019 2650 1131 2681; x_wconf 85' lang='lat' dir='ltr'>dictus.</span> 
     </span>
    </p>
   </div>
  </div>
 </body>
</html>
