1760 3172
415 196 604 240 ARTIS
636 196 994 238 AMATORIAE
1029 197 1148 238 LIB.
1185 198 1275 239 III.
1490 201 1546 241 77

151 314 366 362 Nomine
387 329 501 360 cum
522 314 717 368 doceat,
741 311 862 376 quid
883 327 1107 374 agamUS,
1129 313 1355 362 adultera
1373 317 1542 372 clavis,

217 391 459 455 Quasque
479 399 639 455 petas,
667 407 766 437 non
791 390 877 437 det
895 391 1051 453 janua
1076 391 1198 446 sola,
1222 391 1343 439 vias.

152 468 357 516 Fallitur
381 475 432 516 et
456 469 612 515 multo
637 467 858 515 custodis
885 484 1005 515 cura
1027 467 1206 532 Lyaeo:

218 545 313 593 Illa
335 547 413 594 vel
440 546 668 610 Hispano
695 546 824 592 lecta
849 545 913 592 sit
938 562 1032 593 uva
1052 547 1192 609 jugo.

153 623 280 671 Sunt
306 640 508 686 quoque
534 639 646 686 quae
675 622 860 670 faciant
892 623 1018 670 altos
1051 623 1384 672 medicamina
1416 642 1544 672 som-

194 699 467 764 ·Victaque
495 699 699 748 Lethaea
723 700 912 746 lumina
935 707 1081 747 nocte
1108 709 1353 763 premant.
1406 703 1541 764 [nos3

153 777 260 825 Nec
282 779 412 825 male
436 778 627 826 deliciis
654 778 882 825 odiosum
908 778 1111 825 conscia
1135 779 1288 825 tardis

219 854 455 913 Detinet3
497 862 548 902 et
572 855 721 917 longa
742 855 970 918 jungitur
993 855 1103 918 ipsa
1128 856 1284 903 mora.
1448 861 1546 905 650

151 930 285 985 Quid
303 933 446 995 juvat
470 933 724 996 ambages,
753 939 1108 997 praeceptaque
1138 949 1290 997 parva
1315 950 1541 989 movere;

217 1009 348 1056 Cum
373 1011 577 1057 minimo
603 1018 780 1058 custos·
798 1027 1003 1058 munere
1029 1011 1188 1074 possit
1213 1011 1344 1058 emi?

152 1086 545 1151 Munera(crede
561 1088 704 1150 mihi)
716 1089 919 1153 capiunt
934 1089 1264 1152 hominesque
1280 1089 1517 1154 Deosque
1533 1108 1541 1139 :

217 1164 453 1213 Placatur
477 1167 620 1213 donis
645 1165 675 1212 J
680 1166 879 1230 uppiter
903 1165 1011 1229 ipse
1037 1166 1185 1213 datis.
1449 1172 1543 1217 654

151 1239 284 1296 Quid
310 1243 509 1308 sapiens
533 1243 716 1291 faciat?
757 1244 938 1291 stultus
965 1259 1169 1308 quoque
1195 1261 1397 1294 munere
1424 1264 1543 1310 gau-

1447 474 1543 518 645

217 1318 334 1383 Ipse
358 1322 445 1377 vir,
473 1329 682 1386 accepto
708 1338 928 1377 munere,
957 1330 1124 1370 mutus
1151 1324 1259 1371 erit.

151 1468 224 1498 celet
243 1469 316 1499 lecto
337 1471 494 1510 quemlibet
518 1482 599 1512 oegra
620 1482 681 1501 suo.
704 1470 813 1502 eadem

152 1516 213 1547 fere
242 1517 406 1550 sententia.
452 1520 520 1550 Nec
547 1519 681 1550 multum
710 1520 812 1554 refert,

151 1565 270 1606 opinor,
301 1567 360 1598 hac
389 1578 428 1599 an
457 1568 513 1599 illa
544 1568 677 1600 lectione
708 1568 814 1600 utaris.

152 1614 236 1645 Illud
261 1616 361 1658 magis
386 1617 567 1655 videndum,
598 1629 673 1649 num
703 1628 814 1649 nomen

153 1665 269 1700 Amica,
290 1666 374 1706 quod
394 1666 426 1697 in
445 1667 545 1709 priore
566 1678 655 1698 versu
678 1667 813 1710 ponitur,

152 1723 188 1744 eo
212 1715 306 1746 modo
325 1716 546 1758 accipiendum
569 1717 619 1754 sit,
644 1728 705 1759 quo
730 1718 815 1760 apud

152 1763 333 1795 Terentium
354 1765 386 1796 in
406 1766 544 1808 Hecyra,
560 1767 633 1798 Aet.
653 1768 695 1798 iv.
717 1768 768 1799 Sc.
785 1769 815 1798 2.

153 1812 337 1854 Pamphilus
351 1815 443 1846 matri
458 1815 502 1846 ait
514 1829 519 1846 ε

201 1861 275 1894 Tum
291 1870 358 1895 tuas
374 1867 484 1896 amicas
500 1872 540 1902 te,
558 1873 586 1896 et
607 1874 744 1908 cognatos
763 1869 813 1898 (Ie—

283 1923 389 1950 serere‚
405 1921 433 1945 et
438 1914 536 1956 festos
549 1917 622 1952 dies,

242 1961 313 1993 Mea
327 1975 418 1994 causa
433 1965 510 2001 uolo,
523 1965 581 1996 ἃς.

156 2010 200 2041 Ut
215 2010 253 2042 de
268 2013 383 2053 aequali
403 2024 440 2044 ac
460 2020 535 2045 nota
552 2014 679 2057 puellae‚
695 2026 757 2046 non
777 2015 815 2047 de

153 2060 222 2102 ipsa
230 2062 337 2103 puella
350 2063 554 2105 intelligatur.
569 2066 695 2095 Mmrr..
729 2067 813 2097 Ami-

154 2122 219 2140 cam
234 2110 285 2142 hic
301 2117 385 2143 recte
398 2113 484 2154 capit
499 2113 661 2156 Micyllus.
698 2115 815 2147 Burm.

197 2161 272 2192 643.
296 2161 423 2192 Nomine
437 2174 504 2193 cum
520 2166 635 2200 doceat,
652 2167 724 2205 quid
742 2178 816 2207 aga-

154 2221 231 2246 mus,
248 2212 390 2242 adultera
410 2213 528 2253 clavia]
553 2213 624 2244 Hoc
646 2219 708 2245 est:
734 2215 815 2246 Cum

154 2258 224 2300 ipsa
251 2259 361 2296 clavis,
388 2271 458 2302 quae
488 2263 664 2293 adulterina
689 2263 815 2302 dicitur,

155 2318 251 2349 quam
261 2309 370 2350 puella
384 2309 434 2341 vel
450 2316 569 2342 amator
585 2311 689 2349 habet,
706 2313 820 2345 doceat

156 2367 192 2388 ac
214 2364 340 2390 moneat
363 2369 420 2390 suo
443 2359 580 2398 nomine,
596 2362 672 2403 quid
696 2370 817 2404 agatur,

155 2406 221 2438 sive
235 2407 267 2439 in
277 2419 370 2450 quem
385 2419 476 2440 usum
491 2419 528 2440 ac
543 2410 637 2442 finem
652 2412 720 2454 ipsa
734 2423 818 2443 com-

157 2462 266 2497 parata
280 2458 332 2488 sit.
356 2458 415 2489 hoc
430 2463 488 2494 est,
505 2459 658 2492 adulteria
671 2462 819 2493 exerceri.

157 2506 283 2538 Mrcvr..
807 2542 813 2544 ,

201 2557 275 2587 646.
299 2556 363 2588 Illa
383 2559 430 2588 vel
453 2557 588 2598 Hispano
606 2561 682 2591 lecta
702 2562 739 2590 sit
759 2572 818 2591 uva

147 2606 258 2648 juga]
281 2606 437 2649 Inter-pres
452 2607 607 2645 Gallicus,
625 2609 678 2652 qui
694 2609 726 2640 in
741 2610 819 2641 Del-

158 2654 248 2696 phini
267 2666 357 2687 usum
375 2656 485 2693 edidit,
507 2658 558 2689 hic
576 2659 745 2699 Hispanum
765 2670 819 2701 pro

159 2703 271 2735 immiti
290 2710 322 2735 et
344 2705 446 2737 minus
469 2717 615 2748 generoso
639 2708 711 2739 vino
735 2708 818 2751 poni,

158 2758 263 2794 patere
277 2764 314 2785 ex
329 2755 485 2796 particula
501 2758 546 2787 vel
562 2757 663 2789 docet.
687 2757 740 2788 sed
756 2768 819 2789 me-

1419 1327 1543 1388 [det.

884 1470 962 1501 liora
992 1471 1083 1501 docet
1113 1471 1152 1502 de
1182 1471 1241 1502 hac
1265 1472 1422 1514 particula
1448 1476 1548 1508 Janus

884 1520 1026 1550 Broukh.
1038 1520 1078 1550 ad
1092 1520 1198 1551 Tibul.
1215 1521 1270 1551 lib.
1286 1521 1306 1551 i.
1331 1522 1420 1564 Eleg.
1436 1523 1478 1556 ix.
1495 1527 1547 1557 53.

884 1568 937 1599 ubi
950 1570 1116 1606 neminem,
1131 1570 1183 1611 qui
1195 1570 1322 1611 quidem
1334 1572 1443 1604 Latine
1457 1575 1546 1612 sciat,

883 1619 914 1650 id
925 1619 1029 1651 dicere
1043 1630 1133 1662 posse
1146 1620 1291 1657 ostendit,
1307 1622 1360 1652 sed
1375 1634 1465 1654 usum
1480 1625 1548 1666 ejus

883 1668 1044 1710 particulae
1061 1668 1091 1699 in
1108 1680 1139 1700 re
1154 1669 1294 1711 quadam
1310 1673 1468 1714 praecipua
1482 1685 1548 1706 esse

883 1718 1074 1750 demonstrat
1103 1725 1134 1750 et
1164 1719 1342 1761 Crispinum
1372 1732 1409 1752 ex
1440 1723 1548 1755 horreo

883 1767 1016 1798 Merulae
1030 1768 1138 1800 faecem
1148 1769 1331 1800 Laletanam
1344 1770 1548 1813 depromsisse

883 1817 1032 1854 ostendit,
1045 1818 1128 1859 quod
1143 1824 1173 1849 et
1185 1819 1397 1851 Bersmannus
1408 1821 1492 1853 fecit.
1511 1824 1547 1853 li—

884 1871 934 1897 cet
950 1877 1023 1907 ergo
1037 1873 1179 1910 sumptus
1192 1868 1224 1899 in
1235 1868 1344 1900 vinum
1357 1870 1546 1912 Hispanum,

884 1916 968 1957 quod
997 1927 1191 1958 generosum,
1217 1918 1355 1950 validum
1385 1926 1415 1951 et
1441 1932 1547 1953 carum

884 1970 940 2001 est,
965 1971 997 1996 et
1022 1966 1113 1997 avide
1135 1967 1292 2009 appetitur
1313 1979 1329 1999 a
1355 1969 1411 2000 tali
1435 1981 1547 2011 genere

885 2014 1057 2052 hominum,
1076 2015 1116 2047 sit
1135 2017 1243 2059 major,
1265 2028 1303 2048 ne
1321 2024 1427 2050 tamen
1447 2030 1549 2052 cesses

884 2075 955 2095 eum
972 2065 1126 2108 deponere
1141 2066 1224 2097 vino.
1241 2068 1324 2109 quod
1341 2069 1467 2101 facilius
1483 2072 1547 2102 effi-

884 2116 948 2146 cies
962 2116 1115 2158 Hispano,
1132 2116 1216 2157 quod
1233 2117 1343 2158 vigiles
1364 2119 1411 2149 illi
1427 2127 1458 2150 et
1474 2131 1545 2152 cus-

884 2165 972 2196 todes
987 2172 1104 2196 amant.
1150 2166 1267 2198 Bmm.

927 2215 1002 2246 653.
1028 2215 1160 2246 Munera
1184 2217 1270 2246 crede
1293 2218 1367 2248 mihi
1389 2219 1545 2259 capiunt]

889 2265 1021 2305 Captant
1036 2264 1254 2296 Farnesianm.
1270 2266 1314 2297 sic
1331 2267 1438 2298 Amor.
1457 2268 1513 2300 lib.
1529 2270 1550 2300 i.

885 2326 916 2346 x.
931 2315 985 2345 28.

932 2364 1002 2394 Non
1027 2365 1104 2394 aries
1128 2366 1272 2405 placitam
1299 2376 1422 2396 mamere
1447 2374 1549 2406 captat

973 2425 1064 2445 ovem.

887 2462 1047 2494 Paroemia
1063 2463 1178 2494 Graeca
1194 2462 1278 2505 apud
1304 2462 1478 2501 Platonem,
1497 2465 1552 2498 lib.

886 2514 931 2544 iii.
947 2513 986 2544 de
1003 2513 1085 2554 Rep.

931 2562 1026 2604 Δώρα
1063 2563 1154 2599 Θεοὺς
1180 2561 1292 2596 πείθει,
1331 2563 1383 2594 καὶ
1412 2563 1552 2602 αἰδοίους

971 2611 1152 2651 βασιλῆας.

888 2660 1053 2702 Euripides
1069 2660 1101 2690 in
1117 2661 1244 2696 Medea,
1260 2660 1335 2691 964.

932 2710 1062 2742 Πείθειν
1076 2708 1160 2751 δῶρα
1175 2710 1229 2740 καὶ
1242 2710 1334 2747 θεοῦς
1349 2710 1459 2752 λόγος.

1392 2759 1509 2791 Hiems.
