1760 3172
387 179 479 220 EX
512 178 726 220 PONTO
761 177 885 219 LIB.
919 178 956 219 I.
989 178 1184 220 EPIST.
1217 179 1282 221 X.

1427 180 1513 222 393

131 294 329 357 Longus
355 293 486 342 enim
511 293 641 341 curis
665 293 889 340 vitiatum
914 309 1094 357 corpus
1119 294 1298 342 amaris

196 371 313 419 Non
337 371 524 435 patitur
547 371 674 418 vires
699 370 905 432 languor
929 370 1113 418 habere
1138 387 1271 420 suas.

131 448 240 497 Nec
260 449 399 497 dolor
416 449 545 496 ullus
567 448 726 504 adest,
747 463 840 495 nec
861 446 1083 494 febribus
1102 464 1214 495 uror
1234 448 1448 508 anhelis3
1482 453 1511 497 5

197 525 265 574 Et
287 526 482 590 peragit
507 526 638 574 soliti
661 541 787 574 vena
810 525 995 572 tenoris
1020 524 1140 572 iter:

132 602 204 650 Os
228 603 383 651 hebes
409 610 500 661 est,
527 602 806 668 positaeque
830 609 1031 658 moverit
1050 601 1249 650 fastidia
1273 618 1473 659 mensae,

197 678 264 727 Et
288 696 481 743 queror,
509 679 651 728 invisi
677 696 832 743 quum
855 679 991 726 venit
1014 680 1134 727 hora
1157 679 1272 726 cibi.

131 755 279 811 Quod
303 773 454 814 mare,
482 757 616 820 quod
636 757 800 813 tellus,
821 757 1034 820 adpone,
1057 757 1192 820 quod
1211 755 1394 804 educat
1414 773 1511 814 aer,

197 834 283 881 Nil
304 835 388 891 ibi,
415 835 551 899 quod
574 835 716 882 nobis
742 835 1002 891 esuriatur,
1029 834 1137 882 erit.
1455 839 1514 882 lo

131 911 319 960 Nectar
342 919 393 959 et
416 912 730 968 ambrosiam,
757 911 930 959 latices
956 912 1233 975 epulasque
1260 911 1499 968 Deorum,

198 988 300 1037 Det
323 989 443 1036 mihi
466 990 680 1037 formosa
703 1005 828 1037 nava
850 988 880 1035 J
884 996 1070 1036 uventa
1091 1005 1269 1037 manu:

132 1064 247 1113 Non
270 1073 438 1115 tamen
463 1074 677 1115 exacuet
700 1074 900 1130 torpens
927 1081 1073 1129 sapor
1097 1065 1180 1113 ille
1204 1066 1428 1129 palatum
1449 1084 1460 1124 ;

200 1143 367 1192 Stabit
391 1151 443 1192 et
466 1145 516 1191 in
542 1146 800 1191 stomacho
826 1144 1019 1208 pondus
1045 1142 1201 1190 inerte
1226 1142 1328 1190 diu.

131 1220 255 1268 Haec
281 1238 373 1284 ego
398 1238 496 1269 non
521 1221 695 1277 ausim,
722 1237 877 1284 quum
903 1221 1001 1267 sint
1023 1219 1296 1277 verissima,
1324 1219 1479 1268 cuivis

199 1298 445 1355 Scribere,
472 1299 678 1346 delicias
703 1314 765 1345 ne
790 1299 922 1345 mala
946 1304 1115 1344 nostra
1136 1304 1332 1344 vocent.
1457 1301 1514 1345 16

133 1375 339 1423 Scilicet
359 1376 401 1423 is
427 1383 585 1423 status
610 1382 702 1431 est,
730 1392 789 1423 ea
814 1391 976 1422 rerum
1000 1373 1158 1421 forma
1181 1389 1420 1431 mearum,

200 1452 407 1501 Deliciis
433 1453 582 1500 etiam
608 1452 765 1516 possit
788 1459 844 1499 ut
869 1468 979 1499 esse
1004 1452 1159 1499 locus.

134 1529 353 1578 Delicias
378 1530 449 1576 illi
475 1546 649 1594 precor
673 1529 762 1577 has
788 1529 1095 1591 contingere,
1124 1528 1165 1575 si
1191 1528 1321 1591 quis,

199 1606 278 1654 Ne
303 1606 422 1654 mihi
448 1607 512 1654 sit
535 1607 687 1654 levior
713 1605 927 1654 Caesaris
953 1606 1038 1661 ira,
1065 1606 1223 1653 timet.

175 1794 206 1824 3.
227 1793 376 1836 Longus]
401 1795 611 1832 Quamobrem
623 1796 722 1827 salute
738 1806 791 1827 ca-

132 1849 199 1874 reat
213 1843 362 1875 ostendit.

175 1895 206 1925 5.
228 1893 380 1935 Anhelis]
405 1895 484 1932 Quae
509 1905 621 1937 corpus
644 1895 791 1927 anhelum

133 1942 264 1974 faciunt.

176 1993 328 2034 Anhelz's.]
368 1995 447 2031 Quae
478 1995 517 2025 ob
551 1999 661 2025 aestum
692 2000 723 2026 et
751 1995 792 2026 si-

132 2041 189 2073 tim
214 2041 449 2084 respirationem
475 2043 612 2080 brevem,
634 2043 791 2075 difficilem

133 2096 165 2122 et
179 2091 312 2122 celerem
329 2092 478 2124 efficiunt.
521 2093 672 2124 Hamas.

176 2140 208 2171 6.
234 2140 342 2182 Vena]
376 2142 455 2178 Quae
477 2142 560 2173 ultra
584 2142 712 2173 modum
737 2142 793 2173 mi-

133 2198 204 2220 care
221 2194 252 2220 et
267 2189 357 2221 salire
373 2191 450 2221 solet
465 2189 724 2223 febricitantibus.

178 2239 210 2269 7.
246 2239 284 2269 Os
308 2240 389 2270 hebes
415 2247 468 2276 est,
493 2242 651 2281 posiichue
679 2248 795 2272 movent

124 2288 260 2330 fastidia
274 2289 405 2329 mensae.]
433 2289 478 2320 Os
491 2294 537 2320 est
551 2289 674 2320 tardum
690 2296 722 2321 et
736 2290 795 2321 im-

133 2343 244 2380 potens
258 2337 298 2368 ad
313 2338 541 2369 conficiendum
561 2338 684 2379 cibum3
708 2340 796 2371 nulla

134 2386 196 2418 cibi
212 2387 392 2429 adpetentia
406 2393 560 2419 movetur.

180 2437 230 2468 ll.
246 2437 364 2468 Latices
375 2440 536 2478 epulasque
549 2438 708 2478 Deorum]
732 2437 793 2468 Hic

135 2485 282 2528 exprimit
297 2485 373 2528 quid
394 2485 434 2517 sit
452 2492 561 2517 nectar
575 2492 606 2518 et
621 2486 774 2517 ambrosia
786 2498 795 2525 ;

134 2535 203 2566 haec
219 2535 318 2571 cibus,
336 2535 416 2566 illud
431 2541 523 2577 potus
538 2537 688 2567 Deorum.

183 2585 232 2615 12.
257 2584 364 2615 Gnava
379 2585 540 2626 Juuenta]
568 2585 698 2627 Argent.
717 2597 793 2615 naua

137 2633 294 2670 szenta5
317 2638 422 2664 recte:
449 2634 493 2664 ita
513 2633 596 2665 enim
619 2634 796 2665 scribebant

136 2688 173 2713 ut
187 2681 302 2724 passim
317 2681 349 2712 in
365 2683 527 2713 veterrimo
542 2683 611 2713 cod.
648 2683 715 2714 Silii
731 2683 794 2713 Ita-

137 2730 201 2762 lici.
236 2732 355 2763 Seneca
369 2731 505 2763 Hercule
522 2732 632 2763 OEtaeo.
669 2731 706 2762 In,
724 2739 793 2762 tem-

1453 1610 1517 1653 20

857 1807 928 1836 pore
946 1797 1006 1835 ipso
1020 1804 1137 1836 gnavus
1158 1793 1291 1823 obcurrit
1312 1791 1444 1829 Licham
1468 1793 1521 1823 ubi

862 1844 1042 1876 veterrimus
1067 1842 1233 1873 Mediceus
1259 1852 1362 1877 novus,
1389 1841 1448 1872 hoc
1474 1847 1522 1872 est

859 1905 967 1925 navus.
978 1894 1100 1923 mes.
1118 1891 1265 1922 Juventa.
1276 1890 1367 1922 Grati
1378 1889 1521 1922 ministri.

859 1943 960 1973 Immo
970 1942 1074 1978 Hebe,
1084 1951 1153 1983 quae
1166 1940 1286 1972 Latinis
1295 1940 1318 1970 J
1319 1947 1429 1971 uventa
1443 1940 1520 1972 dici-

860 1998 928 2022 tur:
945 1991 1067 2032 fingunt
1083 1995 1189 2021 autem
1204 1994 1303 2031 poetae
1319 1989 1432 2020 Heben
1447 1988 1520 2020 Diis

861 2040 1037 2071 ministrare
1071 2038 1195 2081 poeula.
1250 2038 1390 2069 Formosa
1418 2050 1522 2070 manu.

860 2089 1005 2121 Candida
1019 2095 1050 2120 et
1065 2088 1196 2131 pulchra
1210 2097 1317 2118 manu.
1361 2088 1455 2118 Mra.

904 2140 956 2171 14.
982 2140 1106 2170 Pondus
1133 2137 1255 2177 inerte]
1290 2135 1388 2167 Cibus
1416 2137 1520 2178 gravis

860 2195 891 2221 et
907 2189 1034 2220 crudus.
1070 2189 1164 2218 Mm.
1198 2187 1245 2216 Tu
1269 2191 1432 2217 construe:
1453 2192 1518 2217 sta-

860 2239 906 2269 bit
931 2244 960 2269 et
984 2238 1073 2269 cibus
1096 2237 1129 2267 in
1152 2235 1310 2267 stomacho
1338 2234 1462 2274 inerte;
1487 2242 1522 2267 ut

861 2288 901 2318 sit
926 2288 1035 2324 inerte,
1066 2297 1121 2328 pro
1148 2285 1250 2321 inerti,
1274 2283 1410 2315 ablativo
1445 2295 1520 2316 casu

862 2337 1000 2368 dictum:
1035 2339 1114 2366 iners
1142 2340 1188 2365 est
1217 2340 1322 2365 autem
1346 2335 1521 2371 stomachus,

863 2386 988 2428 quando
1010 2395 1101 2416 suum
1116 2383 1252 2415 officium
1273 2393 1335 2413 non
1357 2382 1445 2419 facit,
1463 2383 1521 2415 hoc

862 2441 920 2471 est,
936 2446 996 2466 non
1013 2433 1178 2475 concoquit
1193 2443 1229 2463 ac
1245 2431 1367 2473 digerit.

907 2486 959 2515 16.
992 2482 1156 2522 Delicias]
1184 2482 1214 2512 h.
1231 2482 1254 2512 l.
1282 2481 1443 2512 fastidium
1467 2481 1522 2513 ho-

862 2533 954 2564 minis
966 2532 1106 2564 delicati.
1152 2532 1300 2562 HARLES.

908 2584 956 2614 17.
980 2583 1100 2613 Scilicet
1125 2583 1148 2611 is
1174 2587 1269 2610 status
1293 2579 1362 2620 est]
1399 2578 1522 2610 Ironice

862 2632 920 2663 hoc
944 2632 1063 2663 dictum
1089 2637 1145 2666 est,
1170 2640 1207 2660 ex
1235 2640 1295 2671 quo
1321 2628 1464 2668 designat
1489 2640 1522 2660 se

863 2693 926 2723 prae
951 2681 1045 2713 nimio
1074 2681 1179 2712 dolore
1201 2690 1261 2711 non
1288 2689 1378 2720 posse
1401 2677 1523 2709 deliciis

864 2741 984 2761 vacare.
