1760 3172
191 207 276 248 198

583 207 633 248 Ρ.
667 206 882 248 OVIDII
919 207 1201 250 NASONIS

194 321 340 369 Nunc
366 328 414 369 te
441 321 580 385 prole
605 328 691 370 tua
708 323 946 386 juvenem
973 322 1245 371 Germania
1269 325 1437 381 sentit,

260 398 506 461 Bellaque
526 415 614 462 pro
640 415 821 462 magno
849 399 1050 447 Caesare
1077 400 1249 448 Caesar
1273 401 1394 448 obit.

1487 404 1585 449 230

193 475 444 538 Denique,
460 482 514 522 ut
531 475 579 522 in
600 483 754 531 tant0‚
768 484 1009 539 quantum
1028 493 1125 523 non
1141 478 1334 525 exstitit
1345 494 1584 542 unquam,

259 553 641 616 Corporespars
668 553 804 600 nulla
828 561 905 600 est
930 569 1041 616 quae
1066 554 1201 601 labet
1225 554 1446 619 imperii;

192 628 326 676 Urbs
353 617 555 692 quoque
582 638 648 684 te,
676 637 724 676 et
750 630 915 692 legum
942 631 1097 677 lassat
1121 632 1279 679 tutela
1301 640 1515 688 tuarum,

257 705 323 752 Et
348 723 555 760 morum,
584 706 771 753 similes
798 723 924 770 quos
949 708 1092 772 cupis
1118 724 1229 756 esse
1253 709 1369 757 tuis.

190 782 237 829 N
243 798 299 830 ec
326 783 416 830 tibi
443 782 755 846 contingunt,
784 799 898 847 quae
924 785 1159 847 gentibus
1185 786 1288 833 otia
1311 793 1536 850 praestem,

257 859 504 922 Bellaque
529 875 643 906 cum
668 860 836 907 multis
862 860 1132 924 irrequieta
1155 863 1302 925 geris.

1487 866 1584 911 236

189 934 345 983 Mirer
369 936 419 982 in
443 936 538 983 hoc
563 936 712 999 igitur
731 944 981 984 tantarum
1007 939 1228 1002 pondere
1252 957 1432 997 rerum,

254 1013 531 1076 Nunquam
556 1021 607 1061 te
632 1022 828 1061 nostros
854 1015 1099 1063 evoluisse
1118 1018 1293 1079 Jocos?

185 1089 256 1138 At
280 1091 337 1146 si,
365 1091 501 1154 quod
528 1092 746 1147 mallem,
773 1107 960 1140 vacuus
986 1092 1195 1142 fortasse
1220 1094 1418 1151 fuisses,

252 1168 463 1216 Nullum
486 1170 695 1231 legisses
720 1170 909 1218 crimen
935 1171 984 1217 in
1009 1171 1133 1219 Arte
1159 1188 1273 1220 mea

1483 1175 1582 1229 240

188 1244 282 1293 Illa
307 1246 512 1308 quidem
540 1246 698 1294 fateor
722 1247 898 1295 frontis
924 1265 1022 1296 non
1046 1266 1157 1298 esse
1183 1266 1366 1298 severae

253 1323 471 1387 Scripta,
498 1340 590 1371 nec
617 1340 646 1370 a
669 1331 808 1371 tanto
834 1323 1062 1389 principe
1087 1326 1240 1389 digna
1264 1327 1391 1390 legi:

187 1400 304 1448 Non
329 1409 498 1450 tamen
521 1402 708 1453 idcirco
734 1403 901 1465 legum
926 1404 1173 1452 contraria
1189 1404 1345 1468 jussis

253 1478 383 1527 Sunt
407 1496 466 1527 ea
474 1490 510 1547 js
536 1479 792 1528 Romanas
818 1481 1155 1546 erudiuntque
1180 1498 1350 1529 nurus.

182 1673 321 1711 Parthia,
352 1674 469 1718 captivi
504 1687 542 1707 ex
571 1676 749 1713 Crassiano,
780 1677 846 1708 sive

179 1722 310 1754 Antonii
333 1725 474 1756 exercitu
497 1725 669 1762 recollecti,
693 1726 848 1767 signaque

180 1783 253 1803 cum
284 1773 332 1804 his
361 1774 509 1806 militaria
537 1775 681 1816 Augusto
710 1776 848 1807 remissa.

179 1822 241 1853 Sed
258 1828 288 1853 et
304 1823 357 1853 filii
374 1832 565 1866 nepotesque
585 1825 753 1855 Phrahatis
767 1825 849 1856 obsi-

179 1870 236 1901 des
270 1872 416 1913 Augusto
455 1873 536 1904 dati:
572 1875 705 1916 plusque
745 1875 850 1906 Caesar

179 1919 395 1962 magnitudine
419 1922 553 1953 nominis
575 1923 622 1953 sui
644 1923 728 1959 fecit,
752 1934 846 1964 quam

178 1969 271 2000 armis
288 1970 369 2001 alius
384 1971 550 2012 imperator
566 1971 668 2003 facere
684 1971 846 2014 potuisset.

221 2020 295 2050 229.
319 2020 492 2051 Burmanni
508 2021 686 2063 conjectura
710 2022 802 2052 Nunc
819 2030 846 2053 te

177 2071 209 2098 in
223 2070 306 2108 prole
320 2069 434 2111 placet.
463 2070 565 2100 Sentit
582 2071 629 2111 [h.
644 2081 674 2102 e.
689 2072 846 2113 experitur

178 2118 339 2150 inimicum
358 2126 388 2150 et
404 2130 544 2160 gravem,
560 2126 595 2152 ut
610 2121 736 2151 Petron.
751 2132 778 2152 c.
793 2122 845 2152 39.

177 2167 231 2198 ubi
245 2167 314 2199 vide
332 2169 438 2199 Burm.
454 2170 601 2211 profanus
614 2169 637 2199 J
640 2181 762 2200 nizonem
789 2171 844 2201 Pe-

177 2218 233 2249 lias
251 2218 356 2258 sensit]
377 2219 473 2249 sentit
494 2219 589 2260 igitur
611 2220 793 2256 Germania,
814 2226 844 2251 te

176 2267 279 2298 adhuc
293 2268 396 2309 vigere
415 2268 532 2299 viribus
548 2269 578 2300 in
593 2268 729 2305 Tiberio,
747 2281 843 2311 quum

174 2323 370 2349 senectutem
386 2324 471 2349 tuam
487 2318 674 2360 despiceret.
691 2330 719 2349 v.
736 2319 843 2349 Burm.

175 2365 326 2397 HARLES.

218 2415 293 2445 230.
327 2414 471 2455 Bellaque
499 2427 553 2455 pro
590 2427 698 2457 magno
729 2415 844 2447 Coesure

177 2463 400 2505 Caesarhal1et.]
428 2465 496 2495 Obie
519 2463 609 2506 prim.
622 2465 724 2496 Vatic.
738 2471 769 2496 et
790 2476 845 2507 op—

173 2512 266 2544 timus
302 2514 438 2544 Palatin.
463 2513 581 2550 Livius,
605 2513 661 2545 lib.
681 2514 726 2544 iv:
767 2514 848 2549 Quia

171 2563 232 2592 duo
247 2565 379 2594 consules
394 2565 473 2594 obire
487 2571 529 2594 tat
542 2565 631 2594 simul
646 2565 722 2594 bellu
741 2566 842 2604 nequi-

175 2619 253 2642 rent.
299 2613 417 2644 IImxs.
465 2614 612 2654 Bellaque
647 2625 702 2653 pro
735 2625 842 2656 magno

175 2661 300 2693 Coesare.
345 2664 461 2694 Sensus
497 2669 559 2694 est:
600 2664 722 2694 Drusus
758 2663 842 2694 bella

172 2711 252 2751 gerit
276 2722 331 2753 pro
357 2712 512 2753 Augusto.
558 2712 709 2754 Appellat
733 2719 839 2743 autem

174 2759 324 2797 Drusum,
351 2761 487 2802 Augusti
516 2763 706 2803 privignum,
733 2762 837 2793 Caesa-

915 1687 995 1709 rem:
1020 1684 1055 1709 ut
1071 1676 1165 1708 etiam
1182 1678 1409 1709 Germanicum
1424 1678 1455 1709 in
1471 1677 1584 1709 Fastis.

916 1721 981 1751 Alii
998 1721 1055 1752 hoc
1077 1721 1145 1752 loco
1162 1732 1224 1752 non
1240 1722 1390 1757 Drusum,
1408 1721 1463 1752 sed
1487 1720 1584 1752 Drusi

916 1770 1014 1801 filium
1057 1782 1095 1802 ex
1132 1770 1273 1802 Antonia
1309 1771 1442 1802 Caesaris
1479 1778 1583 1814 nepte,

917 1831 1011 1861 quem
1033 1820 1196 1861 Augustus
1215 1826 1286 1851 octo
1308 1820 1483 1861 legionibus
1499 1820 1584 1863 apud

918 1869 1067 1900 Rhenum
1088 1869 1290 1911 imposuerat,
1310 1869 1509 1912 adscribique
1529 1880 1585 1912 per

918 1918 1117 1960 adoptionem
1153 1929 1171 1949 a
1206 1918 1331 1949 Tiberio
1356 1919 1510 1960 jusserat:
1548 1924 1584 1950 ut

914 1968 1042 1999 Tacitus
1057 1975 1163 1999 auctor
1179 1975 1236 2004 est,
1253 1968 1310 1998 lib.
1326 1968 1347 1998 i.
1363 1968 1448 2000 Anu.
1465 1970 1495 2000 3.

957 2018 1031 2048 234.
1058 2018 1097 2048 Et
1122 2018 1264 2058 morum]
1292 2017 1467 2059 Augustus,
1483 2018 1584 2060 impe·

913 2067 1002 2098 tratis
1033 2078 1050 2098 a
1079 2074 1191 2098 senatu
1228 2067 1338 2098 decem
1375 2067 1581 2109 adjutoribus,

914 2127 1170 2159 unumquemque
1186 2116 1327 2158 equitum
1341 2117 1491 2148 rationem
1507 2117 1580 2148 vitae

913 2165 1042 2197 reddere
1059 2166 1174 2207 coegit.
1219 2166 1313 2196 Men.

956 2217 1030 2247 236.
1056 2216 1202 2257 Bellaque
1217 2227 1283 2246 cum
1300 2216 1404 2246 multis
1417 2217 1580 2256 irrequieta

909 2266 1019 2307 gerim]
1047 2265 1201 2296 Claudius
1213 2264 1324 2296 Civilis
1335 2264 1366 2295 in
1376 2264 1511 2295 Miscell.
1522 2266 1582 2297 &c-

912 2326 942 2357 p.
961 2316 1032 2346 143.
1045 2315 1216 2346 εἰσυστατα
1231 2325 1340 2345 revera
1353 2320 1385 2346 et
1405 2314 1581 2346 contradic-

912 2365 990 2395 toria
1006 2375 1072 2395 esse
1089 2370 1191 2406 putat.
1238 2363 1270 2394 Si
1286 2363 1369 2394 enirn
1379 2370 1489 2405 gentes
1504 2370 1580 2395 tunc

912 2413 1093 2444 habuerunt
1107 2413 1182 2449 otia,
1199 2423 1270 2443 cum
1286 2412 1401 2454 quibus
1424 2412 1510 2444 bella
1526 2424 1582 2455 ge-

916 2472 980 2493 rere
996 2468 1124 2493 coactus
1139 2461 1218 2493 fuit?
1263 2462 1376 2503 Neque
1393 2472 1464 2492 curn
1480 2468 1582 2494 exter-

916 2511 963 2542 nis
989 2511 1140 2548 hostibus,
1161 2511 1227 2553 jam
1251 2510 1354 2547 victis,
1378 2522 1478 2553 neque
1507 2522 1581 2544 cum

916 2561 1094 2597 Germanis,
1105 2572 1124 2592 a
1139 2562 1243 2592 Druso
1254 2561 1303 2592 vel
1317 2560 1442 2592 Tiberio
1453 2571 1580 2604 supera-

911 2610 960 2647 tis,
978 2622 1078 2653 neque
1101 2622 1173 2642 cum
1189 2611 1329 2642 civibus:
1356 2611 1461 2648 Quare
1484 2610 1578 2642 corri-

909 2660 969 2702 git,
985 2667 1015 2691 et
1032 2660 1174 2702 pluribus
1187 2660 1343 2692 illustrat:

956 2711 1098 2752 Bellaque
1113 2723 1178 2742 curn
1197 2712 1276 2741 viliis
1290 2711 1451 2751 irrequieta
1465 2711 1555 2752 geris.
