1760 3172
345 171 439 213 EX
471 169 682 212 PONTO
716 168 835 210 LIB.
869 169 960 210 ΙΙΙ.
992 169 1185 211 EPIST.
1218 169 1300 211 VI.

1433 169 1517 210 471

135 286 240 333 Cur
261 293 444 343 tamen,
471 287 564 334 hoc
590 285 697 334 aliis
721 292 882 332 tutum
907 284 1242 340 credentibus,
1270 300 1414 340 unus,
1487 286 1515 331 5

200 363 470 427 Adpellent
494 380 556 411 ne
579 370 629 411 te
654 363 873 410 carmina
897 368 1081 417 nostra,
1109 362 1286 423 rogas?

135 439 334 494 Quanta
356 441 421 487 sit
445 436 684 487 in'media
705 438 968 486 clementia
994 438 1207 484 Caesaris
1232 437 1319 495 ira,

203 516 281 563 Ex
306 534 400 574 me,
429 518 469 564 si
494 516 674 573 nescis,
701 517 879 563 certior
904 531 1014 562 esse
1039 522 1199 578 potes.

137 593 267 641 Huic
293 611 400 658 ego,
425 611 574 658 quam
598 594 774 658 patior,
797 594 865 640 nil
890 609 1089 659 possem
1117 593 1316 640 demere
1340 611 1514 658 poenae,

204 671 257 718 Si
275 672 436 734 judex
460 671 622 718 meriti
647 686 850 733 cogerer
875 686 985 717 esse
1011 669 1122 717 mei.
1460 675 1518 718 lO
1572 721 1579 729 ,

138 747 252 796 Non
276 755 410 796 vetat
432 748 516 795 ille
542 748 617 795 sui
643 763 946 811 quemquam
971 747 1255 795 meminisse
1282 748 1482 805 sodalis,

204 826 312 873 Nec
338 826 568 890 prohibet
592 826 682 872 tibi
707 842 786 873 me
813 825 1043 882 scribere,
1071 832 1222 888 teque
1247 826 1383 873 mihi.

138 903 247 952 Nec
273 904 435 951 scelus
461 902 713 958 admittas,
741 902 782 949 si
807 902 1074 949 consoleris
1101 902 1330 957 amicum,

205 979 444 1027 Mollibus
470 986 520 1047 et
543 979 706 1026 verbis
732 995 909 1042 aspera
932 979 1034 1025 fata
1057 979 1208 1026 leves.

140 1057 259 1114 Cur,
284 1059 403 1105 dum
428 1064 537 1105 tuta
559 1057 722 1113 times,
748 1056 869 1104 facis
895 1064 949 1104 ut
973 1055 1249 1104 reverentia
1272 1056 1384 1104 talis
1463 1059 1520 1104 15

207 1134 317 1181 Fiat
341 1135 390 1181 in
414 1135 668 1196 Augustos
694 1130 935 1180 invidiosa
960 1133 1130 1180 Deos?

140 1212 379 1260 Fulminis
406 1212 614 1279 adflatos
640 1212 887 1258 interdum
912 1211 1073 1258 vivere
1098 1209 1209 1257 telis

204 1282 457 1353 Vidimus}
476 1295 527 1336 et
551 1288 701 1345 refici,
728 1305 826 1335 non
852 1287 1146 1351 prohibente
1171 1286 1324 1334 Jove:

140 1366 265 1423 Nec,
294 1355 704 1430 quia³Neptunus
730 1381 904 1412 navem
930 1365 1169 1411 lacerarat
1195 1363 1412 1426 Ulyssis‚

206 1444 492 1492 Leucothee
516 1442 652 1489 nanti
677 1441 802 1489 ferre
827 1441 1025 1503 negavit
1048 1457 1211 1504 opem.

1459 1444 1524 1488 20

140 1522 304 1570 Crede
329 1521 465 1577 mihi,
491 1519 684 1567 miseris
709 1518 932 1565 coelestia
956 1517 1159 1564 numina
1182 1524 1407 1580 parcunt,

208 1598 325 1646 Nec-
342 1613 540 1661 semper
561 1597 706 1643 laesos
733 1602 783 1643 et
808 1595 914 1643 sine
939 1594 1037 1641 fine
1062 1600 1312 1658 premunt.

140 1675 376 1739 Principe
400 1690 491 1744 HEC
518 1680 684 1720 nostro
706 1672 844 1719 Deus
870 1678 947 1719 est
971 1671 1270 1718 moderatior
1294 1670 1423 1717 ullus
1444 1688 1453 1718 ε

207 1753 235 1800 J
243 1752 413 1799 ustitia
434 1751 560 1798 vires
586 1755 831 1813 temperat
855 1748 938 1796 ille
960 1765 1091 1795 suaS.

143 1830 317 1894 Nuper
341 1844 451 1876 eam
477 1827 661 1882 Caesar,
688 1826 818 1873 facto
844 1825 906 1872 de
931 1840 1174 1872 marmore
1200 1824 1404 1888 templo,
1459 1826 1522 1871 25

207 1907 237 1955 J
244 1906 518 1970 ampridem
543 1903 709 1968 posuit
733 1903 914 1950 mentis
941 1903 989 1949 in
1016 1902 1122 1949 aede
1148 1918 1265 1948 suae.

186 2090 216 2119 5.
246 2088 324 2118 Aliis
359 2087 546 2117 credentibus
579 2097 636 2116 esse
668 2085 796 2125 tutum]

143 2137 226 2168 Aliis
249 2135 502 2167 existimantibus
521 2145 581 2165 non
605 2145 671 2165 esse
690 2134 801 2164 timen-

143 2186 231 2217 dum.
289 2186 364 2215 Hoc.
393 2184 519 2215 Scilicet
548 2194 660 2214 nomen
688 2193 802 2225 ponere

144 2235 222 2266 meis
242 2234 376 2276 scriptis.

186 2285 218 2314 9.
236 2284 292 2314 Nil
305 2294 410 2322 possem
425 2281 569 2322 demere]
597 2280 681 2318 Quia
698 2280 803 2311 Caesar

145 2344 206 2364 non
221 2332 371 2375 potuisset
386 2343 435 2362 me
450 2331 555 2361 mitius
570 2331 690 2372 punire.

192 2383 240 2412 16.
266 2382 338 2411 Fiat
364 2380 534 2420 invidiosa]
560 2378 716 2409 Invidiam
742 2377 803 2408 illis

144 2437 177 2462 et
205 2430 430 2461 detractionem
456 2429 616 2460 conciliet.
662 2428 701 2458 Ιη
728 2427 804 2456 Deos

146 2481 306 2522 Augustos.
327 2478 507 2520 Augustum
525 2484 556 2508 et
577 2477 644 2519 ejus
659 2475 738 2506 filios
754 2473 802 2505 in-

148 2529 265 2570 tellige.

191 2579 244 2609 20.
267 2578 335 2614 Ino,
352 2587 423 2607 cum
438 2575 601 2606 Melicerte
621 2574 684 2605 filio
704 2584 759 2604 suo
775 2573 807 2603 in

150 2638 235 2658 mare
258 2638 291 2658 se
311 2625 521 2669 praecipitans,
543 2635 561 2655 a
582 2625 731 2665 Neptuno
755 2634 808 2654 ex-

148 2682 241 2718 cepta
256 2676 326 2707 fuit.
371 2675 519 2706 Bacchus
540 2684 628 2704 suam
644 2673 730 2702 illam
751 2683 808 2702 nu-

154 2726 262 2757 tricem
291 2725 489 2756 Leucotheam
512 2722 612 2754 voluit
642 2721 805 2763 adpellari,

867 2082 971 2115 Latini
980 2082 1125 2113 dixerunt
1134 2085 1261 2110 matrem
1269 2079 1437 2109 Matutam.
1450 2077 1528 2108 Haec

867 2132 960 2164 maris
976 2132 1034 2162 dea
1047 2131 1145 2166 Ulixi,
1162 2129 1309 2160 fiuctibus
1320 2128 1449 2169 jactam,
1460 2127 1528 2156 bal-

868 2183 975 2213 theum
990 2180 1087 2216 dedit,
1104 2190 1164 2221 quo
1185 2178 1242 2209 sibi
1264 2183 1372 2219 pectus
1385 2175 1527 2211 vinciret,

869 2243 907 2263 ne
931 2241 1057 2273 pessum
1083 2230 1201 2259 abiret:
1228 2238 1288 2268 quo
1312 2226 1396 2256 facto
1419 2231 1526 2255 enata-

871 2281 928 2310 vit.
967 2280 1118 2309 HAnLEs.

913 2330 965 2359 25.
977 2327 1180 2368 Cassam—simtu
1192 2327 1226 2356 de
1236 2335 1380 2355 marmore
1393 2323 1526 2363 templa]

870 2379 920 2409 De
947 2378 1004 2408 hoc
1031 2376 1147 2418 templo
1171 2374 1249 2405 nihil
1274 2373 1348 2414 legi.
1394 2372 1528 2403 Proinde

871 2426 1053 2461 videndum,
1086 2436 1125 2456 an
1160 2424 1201 2455 ad
1238 2423 1390 2464 templum
1418 2421 1531 2452 Martis

874 2475 992 2506 Ultoris
1015 2474 1164 2505 adluserit
1187 2479 1290 2514 poeta.
1313 2470 1396 2512 quod
1420 2471 1459 2500 ab
1483 2470 1531 2500 ul-

875 2525 957 2554 tione
975 2523 1074 2553 Cassii
1090 2528 1121 2552 et
1136 2520 1226 2551 Bruti
1247 2520 1437 2562 adpellatum
1457 2519 1529 2549 fuit.

874 2574 929 2603 Est
949 2571 1030 2602 enim
1050 2577 1081 2601 et
1101 2571 1190 2605 ultim
1204 2569 1268 2599 sive
1285 2567 1422 2598 vindicta
1439 2567 1531 2609 justi-

873 2621 923 2652 tiae
940 2631 1010 2662 pars
1026 2619 1182 2660 quaedam.
1219 2618 1344 2647 Mrem„

918 2670 969 2699 26.
985 2669 1022 2699 In
1033 2671 1092 2699 mle
1106 2679 1163 2698 suae
1180 2666 1310 2706 mentis]
1333 2666 1371 2696 In
1388 2664 1532 2695 thesauro

876 2719 922 2751 sui
949 2717 1102 2761 pectoris:
1136 2717 1194 2747 hoc
1233 2721 1290 2753 est,
1317 2714 1416 2746 multo
1443 2719 1532 2745 ante-

1007 2767 1036 2796 H
1054 2778 1073 2796 11
1089 2767 1108 2796 4
