1760 3172
389 183 481 224 EX
514 181 726 224 PONTO
762 181 880 221 LIB.
916 181 953 221 Ι.
978 181 1170 222 EPIST.
1202 181 1266 222 ΙΙ.

1438 181 1521 221 361

140 298 244 346 Aut
268 298 388 361 quid
417 298 721 345 Sauromatae
747 296 946 352 faciant,
974 296 1095 359 quid
1122 295 1332 358 Iazyges
1360 312 1514 350 acresg

209 375 461 439 Cultaque
489 375 713 423 Oresteae
739 374 951 422 Taurica
975 380 1105 420 terra
1131 373 1279 428 Deae3
1464 376 1525 419 80

142 452 369 515 Quaeque
394 452 503 499 aliae
529 459 719 514 gentes,
747 452 832 498 ubi
857 451 1035 513 frigore
1061 450 1285 496 constitit
1312 449 1455 504 Ister,

209 529 348 577 Dura
371 537 540 577 meant
564 529 713 577 celeri
738 536 878 590 terga
902 544 990 591 per
1016 527 1173 574 amnis
1200 542 1348 588 equo.

143 606 368 654 Maxima
381 623 494 670 pars
512 607 765 653 hominum
782 622 873 652 nec
889 612 955 658 te,
969 603 1316 668 pulcherrima,
1335 611 1525 660 curant,

210 684 388 741 Roma,
415 701 506 732 nec
533 683 740 730 Ausonii
766 683 936 729 militis
963 698 1098 729 arma
1122 681 1316 727 timent.

144 762 279 810 Dant
303 762 493 809 animos
521 777 663 808 arcus
690 760 786 807 illis
811 761 1074 823 plenaeque
1100 759 1359 822 pharetrae,
1465 760 1526 804 85

209 839 473 902 Quamque
498 840 622 886 libet
642 838 801 901 longis
829 838 1056 886 cursibus
1083 843 1228 900 aptus
1256 851 1444 898 equus:

144 916 392 979 Quodque
417 916 551 964 sitim
576 916 794 964 didicere
819 916 903 962 diu
927 916 1136 962 tolerare
1162 913 1473 975 famemque3

210 993 460 1057 Quodque
481 1010 698 1057 sequens
725 993 884 1040 nullas
911 992 1068 1039 hostis
1094 989 1299 1038 habebit
1325 1006 1495 1052 aquas.

142 1071 224 1119 Ira
248 1071 344 1118 Dei
369 1071 502 1118 mitis
528 1088 626 1118 non
652 1088 730 1118 me
756 1070 974 1116 misisset
998 1069 1046 1114 in
1072 1068 1235 1122 istam,

212 1148 266 1195 Si
292 1149 413 1196 satis
437 1149 543 1196 haec
568 1149 637 1195 illi
664 1155 781 1195 nota
804 1147 997 1201 fuisset,
1024 1146 1247 1191 humum.
1467 1147 1530 1190 90

143 1225 190 1274 N
196 1243 252 1274 ec
270 1243 364 1282 me,
377 1244 469 1275 nec
486 1242 788 1291 quemquam
801 1226 1083 1272 Romanum
1095 1223 1279 1285 gaudet
1295 1221 1355 1268 ab
1367 1221 1527 1277 hoste,

211 1303 402 1368 Meque
426 1305 606 1360 minus,
632 1303 782 1351 vitam
809 1302 888 1349 cui
913 1301 1052 1349 dedit
1076 1300 1200 1364 ipse,
1229 1299 1401 1363 premi.

186 1525 238 1555 79.
262 1523 413 1566 Iazyges]
457 1524 520 1560 Qui
542 1522 634 1554 hodie
655 1522 802 1565 Tiansyl-

142 1584 228 1604 vani.

186 1624 238 1654 80.
261 1622 419 1663 Taurica]
444 1621 611 1652 Tauricam
627 1620 802 1652 Chersone-

142 1683 210 1704 sum
240 1672 398 1713 intelligit,
427 1671 481 1702 ubi
512 1670 687 1712 Iphigenia,
716 1670 801 1711 Aga-

142 1721 317 1753 memnonis
333 1721 410 1757 filia,
428 1721 554 1752 Orestes
575 1730 657 1751 soror
677 1719 802 1750 coleba-

144 1778 212 1803 tur:
239 1771 289 1802 cui
305 1777 336 1802 et
351 1771 516 1811 naufragos
535 1769 749 1804 immolabant,
771 1774 802 1798 et

143 1830 355 1862 quoscumque
371 1819 498 1850 Graecos
512 1817 586 1848 illuc
603 1817 735 1848 delatos.

187 1872 239 1901 81.
265 1870 393 1911 Quaeque
413 1870 479 1899 aliae
501 1867 629 1910 gentes]
664 1867 707 1898 Ut
732 1873 803 1898 sunt

142 1921 290 1961 Jazyges,
317 1919 420 1955 Getae,
449 1918 623 1953 Basternae,
651 1916 745 1952 Daci,
772 1922 803 1946 et

142 1969 239 2000 Alani
257 1968 369 1999 Tauris
391 1965 597 1999 contermini:
631 1972 678 1996 est
700 1971 803 1996 autem

143 2019 236 2050 ordo:
261 2024 293 2049 et
313 2028 374 2049 non
393 2022 485 2048 vacat
500 2016 643 2057 Augusto
666 2025 803 2056 quaerere

145 2067 221 2110 quid
237 2067 306 2098 aJiae
326 2073 434 2108 gentes
450 2065 580 2100 faciant,
599 2075 668 2106 quae
687 2069 803 2097 meant.

143 2117 176 2148 id
201 2123 258 2153 est,
282 2116 404 2147 vadunt
429 2113 522 2145 celeri
547 2124 628 2154 equo
651 2123 705 2154 per
727 2112 804 2142 dura

143 2173 231 2208 terga
254 2165 365 2201 amnis,
385 2165 443 2195 hoc
465 2169 522 2200 est,
545 2162 628 2199 Istri‚
650 2162 703 2193 ubi
725 2162 805 2192 Ister

143 2216 283 2248 constitit
297 2215 418 2256 frigore.

187 2268 239 2297 83.
262 2265 396 2295 Maxima
407 2275 478 2304 pars
493 2262 670 2302 hominum]
697 2260 803 2292 Scribe

145 2315 327 2353 horum‚'vel
348 2316 465 2349 harum,
482 2313 629 2344 videlicet
652 2311 803 2353 gentium.

145 2368 264 2398 HEINS.
299 2365 432 2395 Μαιὶηια
444 2374 516 2404 pars
532 2364 694 2392 homiuum.
722 2362 800 2397 Quae

144 2423 253 2459 gentes
275 2413 473 2456 supradictae,
491 2417 564 2442 sunt
579 2411 622 2441 ita
643 2411 748 2440 multae
772 2415 803 2439 et

142 2465 312 2499 bellicosae,
326 2469 360 2493 ut
368 2462 545 2493 Romanam
556 2459 726 2502 potentiam
737 2469 798 2488 non

145 2520 264 2546 curent.
308 2513 356 2542 Ex
378 2522 440 2553 quo
458 2510 632 2552 periculum
648 2519 736 2539 suum
753 2518 802 2537 os-

145 2563 246 2594 tendit
261 2572 328 2592 esse
340 2560 524 2590 maximum.

189 2614 241 2644 88.
267 2612 408 2650 Quodque
432 2609 578 2649 sequens]
607 2607 682 2637 Alia
708 2616 803 2636 causa

144 2664 239 2694 etiam
254 2661 309 2692 dat
324 2659 449 2701 Scythis
465 2659 595 2692 animos,
613 2657 696 2698 qnod
712 2667 802 2697 prop-

146 2719 192 2744 ter
208 2720 360 2753 aquarum
375 2708 534 2751 penuriam
558 2718 617 2737 non
634 2705 754 2740 timent,
770 2711 803 2734 ut

870 1533 921 1553 eos
938 1522 1039 1552 hostes
1054 1521 1271 1561 insequantur.

913 1573 965 1603 89.
990 1572 1043 1601 Ira
1060 1573 1116 1601 riri
1133 1571 1210 1600 mltis
1227 1581 1281 1599 non
1301 1580 1344 1599 me
1364 1570 1483 1599 misisset
1499 1570 1530 1599 in

869 1624 967 1657 istum,
984 1622 1015 1651 Si
1031 1622 1101 1651 satis
1120 1621 1178 1650 hoec
1198 1620 1244 1649 illi
1267 1618 1452 1659 notufztisset
1474 1619 1529 1648 hu-

869 1666 962 1712 mnsss]
1003 1671 1199 1701 Alterutrum
1227 1667 1381 1699 redundat
1410 1674 1465 1698 aut
1494 1669 1529 1700 τὸ

869 1724 966 1756 istam,
983 1727 1036 1751 aut
1052 1721 1087 1751 τὸ
1104 1720 1184 1756 hofc5
1209 1729 1279 1759 quae
1298 1717 1371 1753 duo,
1389 1717 1445 1748 nisi
1459 1718 1530 1748 bar-

869 1771 954 1806 bare,
978 1780 1040 1800 non
1060 1773 1189 1810 possunt
1212 1766 1379 1808 conjungi:
1404 1777 1458 1808 pro
1475 1768 1531 1796 Ιιυ-

870 1831 934 1861 mus
949 1818 1117 1860 aliquando
1136 1817 1324 1859 reponebam
1347 1817 1480 1851 Ῐιιιιηιιηι,
1499 1816 1531 1847 in

870 1869 961 1899 istam
986 1868 1126 1898 humum.
1186 1866 1280 1896 Nunc
1306 1875 1417 1906 parum
1445 1866 1533 1896 abest

871 1918 946 1959 quin
972 1915 1187 1957 retingendum
1217 1924 1372 1950 censeam,
1402 1926 1458 1944 non
1489 1926 1532 1945 me

870 1969 991 1997 misisset
1010 1967 1039 1995 in
1058 1964 1194 2001 Istrum3
1221 1963 1300 1993 infra
1313 1962 1368 1993 lib.
1383 1962 1428 1993 iii.
1443 1962 1533 2004 Eleg.

871 2016 911 2046 iv.
929 2017 966 2046 91
986 2027 992 2044 ς

917 2065 979 2095 Nec
996 2075 1059 2094 mea
1074 2065 1161 2093 verba
1177 2065 1258 2104 legis,
1275 2063 1325 2102 qui
1340 2073 1403 2091 sum
1419 2063 1531 2092 subulo-⁴

958 2120 1006 2144 tus
1021 2114 1059 2143 ad
1076 2112 1210 2142 Istrum:

871 2163 963 2193 Trist.
978 2163 1033 2193 lib.
1050 2161 1082 2191 ii.
1102 2161 1180 2191 189:

916 2213 1001 2242 Solus
1015 2213 1054 2241 ‹zd
1066 2221 1212 2252 egressum
1227 2209 1328 2238 missus
1340 2207 1534 2247 septemplicis

959 2261 1032 2292 Istri
1044 2272 1054 2297 ,-

871 2312 976 2353 Atque
1014 2310 1058 2340 ita
1093 2308 1220 2350 passim.
1262 2306 1378 2336 Praeter
1415 2306 1531 2335 flumen

872 2362 996 2396 Istrum,
1023 2359 1054 2389 in
1074 2358 1133 2388 hoc
1159 2363 1262 2387 tractu
1287 2355 1383 2385 etiam
1400 2354 1532 2395 Ἴστρος

870 2410 1035 2452 oppidum3
1061 2406 1144 2448 quod
1158 2405 1255 2435 Istrus
1275 2403 1404 2434 Latinis.
1429 2403 1532 2433 Plinio

872 2458 1036 2497 Istropolis.
1088 2453 1214 2485 Arriani
1236 2453 1381 2494 Periplus
1401 2452 1530 2493 ἰστρίαν

871 2513 978 2543 vocat;
996 2516 1056 2547 quo
1072 2509 1194 2545 spectat
1209 2512 1353 2532 nummus
1368 2506 1532 2541 argenteus

871 2556 953 2597 apud
984 2565 1032 2584 me
1065 2563 1136 2583 cum
1171 2550 1371 2591 inscriptione
1409 2553 1528 2580 ΙΣΤΡΙ

871 2608 990 2636 ΗΛΩΝ
1006 2616 1012 2633 :
1038 2602 1096 2632 fnit
1111 2607 1215 2631 autem
1233 2597 1427 2629 Milesiorum
1449 2597 1532 2628 colo-

873 2654 933 2689 nia,
951 2660 984 2683 ut
1000 2658 1030 2683 et
1045 2650 1144 2681 Tomi.
1190 2649 1308 2678 mes.
