1760 3172
431 163 736 208 TRISTIUM
768 166 885 208 LIB.
920 167 974 208 V.
1006 166 1183 211 ELEG.
1214 170 1251 210 Ι.
1447 173 1532 213 309

158 279 281 334 Quis
297 280 401 337 tibi,
422 280 573 337 Naso,
591 281 766 328 modus
782 282 1044 344 lacrymosi
1060 283 1317 332 carminis?
1334 285 1525 348 inquis:

224 356 380 413 Idem,
401 357 606 405 fortunae
632 358 718 421 qui
742 359 917 406 modus
942 360 1088 423 hujus
1114 361 1220 408 erit.
1466 366 1529 410 36

158 432 304 487 Quod
330 450 520 497 querar,
547 436 630 482 illa
653 436 772 482 mihi
796 437 942 500 pleno
968 437 1030 484 de
1055 436 1188 484 fonte
1213 438 1484 496 ministrat;

224 510 271 556 N
276 527 332 557 ec
354 527 465 559 mea
489 518 618 567 sunt,
645 512 730 560 fati
754 514 904 560 verba
929 513 1016 560 sed
1042 513 1136 560 ista
1160 514 1274 561 mei.

157 586 226 634 At
249 588 367 634 mihi
393 589 433 635 si
454 605 569 636 cara
591 590 801 653 patriam
823 607 934 638 cum
960 591 1170 653 conjuge
1196 591 1389 648 reddas,

225 664 336 711 Sint
359 667 524 713 vultus
545 667 740 722 hilares,
768 667 962 730 simque
984 667 1117 730 quod
1142 673 1257 715 ante
1279 667 1347 714 fui
1365 686 1375 724 ;
1467 670 1531 714 40

160 739 335 788 Lenior
359 742 524 790 invicti
550 745 590 790 si
616 745 679 791 sit
703 745 821 791 mihi
848 743 1060 791 Caesaris
1086 744 1171 800 ira,

225 818 459 867 Carmina
481 822 665 869 laetitiae
685 823 789 885 jam
814 822 904 869 tibi
930 822 1077 885 plena
1100 821 1247 868 dabo.

157 893 204 940 N
209 911 265 942 ec
289 902 454 943 tamen
478 904 533 944 ut
556 898 687 954 lusit,
715 914 881 945 rursus
906 914 1017 945 mea
1040 898 1183 944 litera
1207 898 1371 945 ludet:

226 971 302 1019 Sit
326 974 477 1020 semel
502 973 586 1021 illa
609 990 718 1022 meo
744 975 993 1022 luxuriata
1018 975 1163 1021 malo.

155 1047 300 1102 Quod
316 1050 491 1113 probet
505 1051 627 1115 ipse,
645 1068 818 1099 canam
833 1071 842 1109 3
866 1068 1024 1116 poenae
1041 1051 1187 1098 modo
1197 1058 1335 1114 parte
1350 1052 1525 1108 levata,

221 1125 523 1182 Barbariem,
550 1128 735 1190 rigidos
761 1128 1093 1191 effugiamque
1121 1129 1292 1175 Getas.
1467 1132 1529 1176 46

157 1201 354 1250 Interea
377 1205 531 1250 nostri
557 1205 676 1268 quid
702 1213 865 1268 agant,
890 1206 983 1252 nisi
1008 1205 1166 1261 triste,
1194 1205 1381 1252 libelli?

219 1279 363 1327 Tibia
385 1280 637 1329 funeribus
662 1283 892 1331 convenit
916 1284 1010 1330 ista
1035 1283 1173 1330 meiS.

156 1355 224 1404 At
246 1364 458 1420 poteras,
484 1359 665 1422 inquis,
692 1360 867 1408 melius
893 1360 1023 1406 mala
1048 1359 1172 1406 ferre
1201 1359 1405 1414 silendo,

226 1432 290 1480 Et
314 1435 492 1481 tacitus
517 1452 662 1483 casus
683 1436 993 1483 dissimulare
1018 1443 1146 1483 tuos,
1470 1439 1533 1483 50

159 1510 350 1573 Exigis,
377 1518 433 1559 ut
455 1513 575 1559 nulli
601 1514 814 1575 gemitus
839 1520 1085 1561 tormenta
1109 1520 1409 1575 sequantur3

225 1587 550 1652 Acceptoque
575 1592 708 1653 gravi
733 1591 932 1638 vulnere
957 1591 1075 1637 flere
1099 1597 1253 1637 vetas.

160 1663 276 1728 Ipse
302 1664 513 1713 Perilleo
534 1666 760 1715 Phalaris
785 1667 1009 1732 permisit
1033 1667 1081 1712 in
1108 1683 1203 1714 aere

228 1740 389 1789 Edere
414 1744 648 1806 mugitus,
676 1752 726 1792 et
751 1745 886 1792 bovis
911 1760 995 1791 ore
1022 1743 1188 1806 queri:

161 1817 326 1872 Quum
343 1818 527 1867 Priami
542 1821 773 1885 lacrymis
789 1823 1005 1869 offensus
1021 1838 1118 1868 non
1136 1822 1199 1868 sit
1214 1820 1452 1877 Achilles,
1472 1824 1534 1869 55

226 1894 301 1941 Tu
326 1895 471 1942 fletus
497 1896 705 1955 inhibes,
732 1899 897 1946 durior
920 1899 1077 1955 hoste,
1104 1914 1269 1945 meos:

162 1969 327 2025 Quum
351 1971 535 2020 faceret
556 1973 752 2021 Nioben
776 1976 945 2022 orbam
972 1974 1145 2022 Latoia
1169 1975 1349 2038 proles,

229 2047 343 2095 Non
367 2055 533 2097 tamen
558 2058 608 2097 et
632 2052 788 2098 siccas
807 2052 958 2115 jussit
982 2052 1162 2100 habere
1183 2067 1351 2113 genas.

202 2171 254 2201 36.
270 2169 507 2213 Idem‚fortunae
524 2175 575 2213 qui
591 2175 720 2215 modus]
746 2175 812 2206 De·
922 2176 974 2206 57.
998 2176 1098 2210 Quum
1117 2175 1238 2216 faceret
1267 2174 1380 2204 Nioben
1407 2174 1535 2213 orbam]

158 2219 258 2250 sinam
273 2220 446 2262 lacrymosa
459 2222 605 2258 scribere,
623 2234 720 2264 quum
732 2224 813 2255 desi-
880 2224 993 2261 Niobe,
1007 2224 1133 2254 Tantali
1150 2223 1223 2259 filia,
1235 2223 1292 2253 fuit
1307 2233 1389 2252 soror
1403 2222 1536 2263 Pelopis,

160 2274 213 2298 net
228 2278 321 2300 causa
334 2269 542 2311 lacrymarum
556 2281 706 2303 mearum.
880 2278 912 2303 et
927 2272 1112 2314 Amphionis
1133 2283 1218 2307 uxor,
1233 2282 1302 2312 quae
1321 2276 1439 2312 septem
1459 2270 1537 2300 filios

204 2317 255 2348 45.
271 2317 363 2358 Ipsa]
390 2318 460 2358 Ipsa
474 2324 536 2350 tres
549 2320 603 2350 alii
615 2332 624 2358 ;
639 2321 720 2352 male
733 2334 740 2351 :
755 2324 814 2361 'ipse
880 2328 911 2353 et
932 2322 1063 2353 totidem
1090 2321 1170 2352 filias
1191 2319 1321 2363 peperit,
1341 2330 1460 2350 summo
1482 2319 1537 2351 de-

160 2372 207 2397 est
222 2366 402 2408 Augustus3
424 2370 484 2408 ipse
505 2377 540 2399 ut
561 2369 680 2400 Graecis
703 2370 813 2408 αὐτὸς,
880 2381 949 2402 core
976 2376 1169 2412 praestantes,
1218 2369 1288 2399 Tali
1318 2369 1402 2410 prole
1429 2378 1534 2409 super-

161 2414 281 2446 honoris
294 2417 512 2457 provocabulo,
524 2417 598 2454 dux,
610 2429 675 2454 rex,
686 2424 717 2449 et
731 2418 814 2460 prin·
880 2420 969 2452 biens
997 2419 1165 2450 admodum
1191 2418 1393 2460 gloriabatur,
1418 2428 1451 2448 se
1476 2419 1537 2448 La-

161 2474 234 2505 ceps
249 2474 331 2506 saepe
342 2471 503 2497 vocantur.
881 2475 961 2500 tonae
978 2468 1143 2510 praeferens
1158 2477 1284 2498 numero
1301 2465 1444 2497 filiorum.
1471 2466 1535 2496 Ita-

205 2514 257 2544 48.
273 2513 337 2544 Ista
351 2515 451 2555 tibia]
474 2515 537 2546 Iste
551 2526 642 2546 sonus
656 2516 813 2546 funestus:
881 2528 941 2559 que
966 2517 1010 2547 ira
1034 2522 1149 2546 motam
1178 2516 1291 2546 fabulae
1319 2515 1467 2545 Latonam
1492 2514 1537 2544 fe-

161 2562 194 2592 id
208 2568 265 2598 est,
280 2562 338 2593 hoe
352 2563 437 2593 triste
452 2563 608 2594 scribendi
621 2575 729 2605 genuS.
760 2566 814 2595 So·
881 2571 963 2602 runt,
991 2564 1193 2606 Apollinique
1224 2569 1258 2594 ut
1287 2563 1403 2594 Niobes
1447 2562 1538 2599 filios,

163 2610 270 2641 lebant
284 2616 386 2641 autem
397 2612 529 2653 majores
540 2613 648 2643 funera
657 2612 697 2643 ad
708 2613 816 2644 tibiam
884 2614 1006 2650 Dianae,
1040 2619 1074 2643 ut
1102 2613 1182 2644 filias
1210 2623 1284 2643 arcu
1319 2611 1537 2648 interficerent,

163 2660 282 2691 efferre.
318 2660 399 2691 Vide
411 2661 498 2691 Hier.
522 2662 675 2702 Magium,
692 2662 817 2693 Miscel.
884 2663 1048 2694 mandasse
1061 2674 1067 2692 ι
1080 2662 1150 2693 vide
1162 2661 1538 2703 Ovidium,Metamorph.

165 2709 220 2741 lib.
232 2710 254 2741 i.
268 2721 296 2742 c.
310 2711 348 2741 13
361 2722 369 2749 ς
394 2711 486 2742 Brod.
498 2711 551 2742 lib.
562 2711 603 2742 iv.
615 2722 644 2742 c.
657 2712 708 2742 30.
885 2712 927 2743 vi.
938 2713 1012 2743 301.
1027 2722 1096 2752 sqq·

1014 2761 1041 2790 X
1058 2761 1077 2789 3
