1760 3172
224 194 281 234 96
607 193 658 235 Ρ.
692 191 910 235 OVIDII
942 192 1226 235 NASONIS

228 308 387 356 Poma
408 308 495 356 dat
514 315 781 356 autumnus
800 326 809 356 ε
839 308 1055 356 formosa
1079 316 1157 357 est
1181 309 1429 358 messibus
1452 316 1622 358 aestas:

293 385 395 433 Ver
419 387 610 450 praebet
633 386 808 434 flores:
851 387 965 448 igne
990 387 1181 434 levatur
1206 387 1382 434 hiems.

227 462 559 527 Temporibus
585 464 734 511 certis
760 470 1004 511 maturam
1031 464 1245 511 rusticus
1274 480 1420 511 uvam

295 541 511 603 Deligit;
552 548 602 588 et
627 541 760 588 nudo
787 542 879 588 sub
906 541 1035 604 pede
1062 549 1227 588 musta
1251 541 1440 589 fluunt:

1534 544 1626 589 190

226 617 557 681 Temporibus
582 618 731 666 certis
757 619 987 665 desectas
1015 619 1203 681 adligat
1228 619 1436 675 herbas;

295 695 361 743 Et
383 703 580 742 tonsam
607 712 713 743 raro
740 696 939 760 pectine
964 696 1115 743 verrit
1139 697 1363 743 humum.

229 772 347 836 Ipse
372 780 516 836 potes
543 773 695 835 riguis
721 773 945 836 plantam
970 771 1222 836 deponere
1248 772 1298 819 in
1323 772 1506 820 hortis:

297 848 413 912 Ipse
438 856 581 913 potes
608 850 735 896 rivos
761 850 945 897 ducere
968 849 1094 897 lenis
1121 865 1282 912 aquae.

229 925 434 973 Venerit
458 926 651 983 insiti03
692 926 768 974 fac
794 942 986 973 ramum
1012 941 1178 973 ramus
1205 927 1438 991 adoptet:

1536 928 1626 973 195

298 1002 510 1066 Stetque
536 1003 810 1066 peregrinis
837 1003 982 1050 arbor
1006 1010 1181 1067 operta
1205 1003 1378 1050 comis.

233 1079 363 1126 Cum
390 1081 545 1128 semel
574 1081 680 1128 haec
707 1081 927 1128 animum
956 1081 1109 1144 coepit
1135 1081 1354 1128 mulcere
1379 1080 1626 1144 VoluptaS,

300 1157 566 1204 Debilibus
592 1158 769 1221 pennis
795 1158 960 1204 irritus
986 1158 1091 1205 exit
1111 1157 1281 1204 Amor.

231 1232 324 1280 Vel
348 1241 403 1280 tu
427 1235 638 1281 venandi
665 1234 885 1282 studium
911 1235 1037 1281 cole.
1077 1250 1210 1298 saepe
1236 1234 1444 1281 recessit

297 1310 529 1375 Turpiter
553 1327 583 1358 a
607 1311 787 1358 Phoebi
811 1311 941 1358 victa
966 1326 1132 1358 sorore
1156 1310 1347 1357 Venus.

231 1527 314 1556 mina
335 1531 414 1556 torta
438 1524 574 1567 optimus
599 1526 790 1557 Puteaneus.
816 1536 894 1567 quo-

232 1574 426 1616 modofiiiies
448 1577 529 1611 torti,
546 1577 651 1615 capilli
673 1578 756 1612 torti,
773 1581 805 1606 et
824 1575 896 1606 alia.

230 1626 308 1654 retia
327 1631 403 1654 torta
420 1623 504 1666 apud
519 1623 754 1660 Tibullum,lib.
770 1624 811 1655 iv.
825 1625 896 1660 lll,

234 1673 284 1704 12.
329 1673 478 1713 Torquere
506 1673 589 1704 enim
617 1674 837 1715 profleetere.
863 1679 897 1704 ut

231 1733 338 1763 equum
357 1722 443 1754 freno
466 1729 614 1763 torquere.
638 1723 740 1765 Epist.
759 1722 800 1753 iv.
817 1734 897 1754 vers.

231 1772 284 1803 46,
299 1777 330 1802 et
346 1772 397 1803 79.
410 1778 511 1814 posset
523 1777 555 1804 et
570 1774 682 1803 vimina
698 1784 811 1813 querna
823 1771 897 1813 legi.

231 1830 304 1851 nam
330 1823 443 1851 vimina
473 1832 567 1852 curva
594 1832 656 1852 non
686 1821 823 1864 placent.
852 1821 897 1852 sic

232 1869 317 1911 apud
332 1870 512 1906 Maronem,
528 1871 570 1901 xi.
586 1871 638 1902 65.

363 1920 486 1954 Queruo
502 1926 649 1951 tenuntur
666 1921 776 1950 vimine
791 1926 897 1951 crates.

757 1968 875 2000 mes.

233 2018 340 2048 Demto
353 2020 467 2049 vimina
490 2029 585 2049 curva
606 2029 676 2049 cavo
697 2017 851 2049 Mazarin.
866 2025 898 2050 et

231 2067 368 2110 Aprosii.

279 2118 350 2148 191.
374 2117 513 2148 Desectas
528 2118 638 2159 alligat
654 2117 784 2157 herbas]
806 2117 898 2147 Colli-

230 2168 278 2208 git
292 2165 392 2208 prima
407 2165 502 2197 editio
513 2176 584 2197 cum
597 2166 719 2208 scriptis
732 2166 898 2197 nonnullis.

233 2216 331 2247 codex
364 2215 480 2247 Moreti
516 2226 572 2257 pro
601 2215 725 2247 diversa
753 2216 898 2252 lectione,

233 2272 392 2307 aggregat.
426 2265 517 2296 Forte
539 2272 676 2307 aggerat,
700 2270 736 2296 ut
755 2265 794 2296 de
816 2265 900 2296 soeno

232 2314 400 2356 intelligat,
417 2313 500 2356 quod
521 2315 715 2345 converritur
739 2320 770 2345 et
790 2314 823 2344 in
845 2325 899 2345 eu-

232 2365 333 2395 mulos
357 2370 568 2396 coacervatur.
584 2375 662 2406 quos
684 2370 788 2395 metam
805 2365 899 2406 finni,

232 2415 352 2455 etsoeni
365 2416 469 2445 striam
491 2413 552 2445 Rei
576 2413 715 2444 Rusticae
736 2413 901 2455 scriptores

234 2463 410 2506 appellant.
457 2464 576 2494 Hmss.

280 2513 350 2544 192.
389 2512 489 2543 Verrit
518 2511 668 2552 humum]
707 2511 821 2547 Versat,
851 2511 900 2542 vel

232 2564 323 2593 vertit
360 2561 488 2603 quidam
518 2560 636 2603 scripti.
665 2560 749 2602 quod
779 2560 902 2591 videtur

233 2611 363 2654 probare
379 2612 592 2642 Bersmannus
609 2620 646 2641 ex
668 2609 731 2640 illis
752 2609 865 2651 virgil.
881 2609 902 2641 i.

234 2660 350 2702 Georg.
365 2672 396 2691 x.
417 2660 442 2690 1.
490 2660 556 2694 Quo
574 2661 670 2690 sidere
694 2665 805 2690 terram
831 2659 901 2690 Ver-

235 2717 306 2741 tere.
351 2709 451 2740 Male.
467 2719 539 2739 nam
563 2708 668 2740 rastris
692 2719 753 2739 non
770 2710 902 2739 vertitur

235 2764 328 2796 terra,
345 2757 400 2790 sed
426 2759 558 2794 raditur,
574 2757 657 2789 unde
681 2757 767 2789 dicta
786 2763 899 2791 rastra.

1531 1314 1629 1358 200

964 1525 1028 1557 vid.
1045 1526 1131 1557 Serv.
1147 1525 1186 1557 ad
1209 1525 1297 1567 Virg.
1313 1525 1334 1556 i.
1349 1525 1464 1566 Georg.
1488 1525 1541 1556 94.
1562 1535 1630 1556 ver—

964 1583 1050 1606 satur
1065 1581 1146 1606 terra
1162 1582 1274 1611 aratro,
1289 1573 1403 1605 deinde
1415 1575 1502 1616 jacta
1513 1574 1633 1605 semina

964 1623 1071 1655 rastris
1094 1626 1277 1660 obruuntur,
1302 1623 1386 1665 quod
1413 1623 1572 1666 proprium
1598 1623 1630 1654 in

965 1673 1024 1704 hac
1040 1685 1071 1704 re
1088 1675 1215 1705 verbum
1231 1672 1335 1715 posuit
1349 1683 1443 1714 supra
1459 1682 1540 1703 vers.
1560 1673 1632 1703 173.

965 1728 1000 1753 ut
1023 1729 1054 1753 et
1075 1723 1233 1754 Columel.
1248 1722 1280 1752 ii.
1297 1732 1367 1764 cap.
1386 1721 1435 1752 13.
1451 1727 1482 1752 et
1504 1720 1631 1752 Pallad.

965 1772 1068 1815 Aprili
1083 1773 1145 1803 Tit.
1160 1772 1181 1803 i.
1197 1771 1248 1802 hic
1264 1782 1336 1802 vero
1353 1772 1428 1813 quia
1442 1778 1556 1801 tonsam
1571 1771 1629 1801 hu-

965 1834 1046 1853 mum
1074 1821 1161 1857 dicit,
1190 1819 1339 1862 intelligit
1366 1826 1457 1862 prata
1492 1819 1632 1856 desecta,

966 1882 1036 1913 quae
1051 1877 1226 1907 verruntur,
1243 1880 1315 1901 cum
1330 1870 1434 1900 herbae
1449 1868 1584 1900 rastellis
1599 1868 1632 1900 in

965 1931 1062 1952 unum
1091 1925 1325 1955 converruntur,
1352 1919 1402 1950 vel
1431 1918 1534 1961 potius
1562 1923 1633 1960 post

966 1970 1085 2002 foenum
1103 1976 1247 2001 avectum
1270 1967 1423 2011 reliquiae.
1470 1968 1516 1999 De
1534 1969 1634 2008 pratis

965 2022 1109 2060 stipulum
1122 2020 1254 2050 rastellis
1261 2020 1358 2054 eradi,
1369 2017 1413 2048 ait
1424 2017 1536 2053 Varro,
1546 2016 1601 2048 lib.
1612 2016 1634 2048 i.

966 2070 1005 2101 de
1021 2069 1062 2100 R.
1078 2069 1120 2100 R.
1136 2070 1210 2100 490.
1255 2069 1372 2099 Burni.

1012 2120 1083 2150 195.
1108 2118 1238 2149 Ramum
1260 2128 1363 2147 ramus
1381 2115 1529 2156 adoptet]
1556 2114 1631 2146 Ele-

966 2168 1052 2211 ganti
1073 2168 1131 2199 hac
1153 2166 1355 2198 translatione
1376 2165 1478 2207 po'e'tis
1498 2170 1530 2196 et
1551 2164 1633 2196 Nos-

967 2224 1014 2249 tro
1046 2217 1202 2259 praecipue
1232 2214 1446 2250 usitatissima,
1476 2213 1573 2244 utitur
1602 2219 1635 2245 et

968 2265 1092 2297 Plinius
1111 2264 1293 2307 praefatione
1320 2263 1391 2294 libri
1415 2262 1478 2293 xvi.
1491 2264 1551 2293 sive
1576 2263 1636 2293 1⁶11ae

967 2317 1061 2351 ultro,
1078 2317 1137 2345 sive
1157 2315 1194 2344 ab
1214 2314 1330 2343 homine
1355 2313 1491 2343 didicere
1513 2312 1636 2342 blandos

966 2375 1081 2405 sapores
1092 2364 1249 2403 adoptione
1261 2367 1287 2392 et
1301 2361 1458 2391 connubio.
1467 2366 1634 2391 venustum

969 2414 1063 2445 etiam
1081 2405 1229 2444 Callinici
1246 2409 1446 2452 Epigramma
1461 2409 1493 2439 in
1508 2409 1632 2440 Antho-

968 2462 1062 2504 logia‚
1086 2461 1140 2492 lib.
1169 2461 1189 2491 i.
1217 2470 1287 2501 cap.
1316 2459 1370 2490 20.
1399 2457 1453 2489 ubi
1489 2458 1636 2500 Pyraster

969 2511 1088 2553 inquit:

1010 2558 1164 2595 Ὀθνείοις
1187 2557 1287 2594 ὅζοισι
1301 2555 1509 2599 μετ-ἔμφυτος,
1532 2554 1635 2597 ἣμερα

1096 2607 1219 2639 Θάλλω.

1055 2657 1121 2689 Οὐκ
1150 2656 1228 2697 ἐμὸν
1258 2654 1423 2697 ἡμετέροις
1452 2652 1553 2684 κλωσὶ
1579 2649 1632 2692 φέ-

1097 2716 1199 2747 ρουσα
1213 2703 1326 2746 βάρος.
1514 2702 1631 2732 Burm-
