1760 3172
155 147 242 189 326

562 148 611 188 Ρ.
647 146 860 188 OVIDII
897 147 1180 188 NASONIS

160 261 268 310 Nec
295 263 466 326 procul
492 278 522 309 a
545 278 660 309 vero
685 269 779 317 est,
807 261 942 324 quod
970 261 1046 308 vel
1073 261 1281 324 pulsarit
1305 262 1548 310 amicum:

226 338 417 386 Mansit
441 339 490 386 in
514 338 688 386 officiis
714 355 812 386 non
839 339 1001 385 minus
1027 339 1109 386 ille
1135 339 1254 385 suis.

159 413 268 462 Hoc
295 423 373 463 est
397 432 512 463 curn
537 416 731 463 miseris
758 416 917 462 solum
943 431 1207 463 commune
1232 416 1409 471 beatis,

222 492 486 540 Ambobus
511 492 663 540 tribui
689 493 824 563 quod
849 493 977 540 solet
1001 493 1316 555 obsequium.

655 576 705 617 et
730 585 856 632 quos
882 576 1131 634 praetexta
1155 569 1416 624 verendos,

158 567 368 616 Ceditur
392 577 443 617 et
463 570 640 646 caecis7

1489 496 1553 539 30

222 645 476 710 Virgaque
500 663 614 694 cum
639 646 804 694 verbis
832 646 1115 710 imperiosa,
1143 645 1280 693 facit.

157 721 212 769 Si
237 723 356 769 mihi
382 740 482 770 non
507 725 688 787 parcis,
717 723 924 771 fortunae
951 739 1156 787 parcere
1181 723 1366 771 debes:

223 797 339 846 Non
365 799 518 847 habet
546 801 593 846 in
622 800 765 847 nobis
790 800 940 847 ullius
967 801 1039 847 ira
1060 800 1243 847 locum.

154 873 300 938 Elige
326 883 607 924 nostrorum
627 876 887 924 minimum
907 876 1271 939 minimumque
1292 876 1517 924 laborum
1537 893 1546 923 :

221 951 343 1008 Isto,
371 969 472 1016 quo
496 955 634 1010 reris,
663 954 899 1016 grandius
925 954 1048 1001 illud
1075 953 1184 1001 erit.
1486 955 1549 1000 36

153 1027 317 1082 Quam
343 1030 501 1077 multa
524 1030 739 1077 madidae
765 1031 1082 1078 celebrantur
1107 1029 1348 1077 arundine
1369 1028 1546 1086 fossae;

220 1104 421 1153 Florida
447 1122 598 1169 quam
623 1108 807 1154 multas
834 1106 1010 1169 Hybla
1031 1113 1198 1153 tuetur
1223 1121 1372 1169 apes;

153 1180 318 1235 Quam
342 1183 513 1230 multae
539 1183 711 1246 gracili
736 1190 935 1230 terrena
959 1183 1052 1229 sub
1078 1182 1255 1229 horrea
1277 1181 1404 1229 ferre

220 1257 399 1306 Limite
425 1258 643 1306 formicae
670 1275 825 1322 grana
848 1265 1046 1323 reperta
1069 1258 1260 1315 solent3

1485 1262 1550 1304 40

151 1334 277 1383 Tam
302 1351 383 1383 me
409 1336 737 1384 circumstant
761 1336 1030 1383 densorum
1054 1335 1202 1382 turba
1227 1335 1495 1382 malorum:

218 1412 383 1460 Crede
408 1412 557 1470 mihi;
586 1429 701 1460 vero
727 1420 804 1460 est
829 1419 1000 1459 nostra
1023 1411 1229 1474 querela
1253 1410 1428 1458 minor.

189 1526 242 1556 26.
273 1526 365 1557 Verba
391 1528 560 1568 proterm]
599 1527 750 1558 Convicia
779 1535 811 1559 et

146 1575 352 1606 contumelias
367 1576 399 1606 in
410 1576 499 1606 illum
516 1576 703 1613 evomuisse,
716 1583 750 1608 ut
761 1577 806 1607 in-

144 1624 213 1655 sani
228 1624 340 1656 solent.
370 1625 474 1656 Posr.

188 1674 227 1704 31
236 1697 244 1704 .
255 1674 382 1704 ceditur
393 1681 421 1705 et
432 1674 542 1715 caecz's.]
557 1675 699 1706 Solemus
714 1675 809 1706 etiam

145 1723 274 1765 obsequi
291 1729 323 1754 et
338 1723 450 1754 cedere
466 1724 505 1755 de
521 1725 584 1760 xia,
600 1725 692 1756 caecis
707 1731 807 1756 trans-

144 1771 301 1803 euntibus.
335 1772 375 1803 Ec
397 1784 466 1813 quos
488 1780 645 1814 ρνιετειτα.
668 1774 809 1806 Tertium

143 1831 242 1862 genus
265 1821 428 1852 hominum
452 1822 607 1863 designat,
633 1824 748 1864 quibus
777 1835 809 1856 e-

142 1869 220 1900 tiam
231 1870 443 1912 obsequimur,
452 1871 685 1912 magistratibus
695 1878 727 1903 et
736 1883 810 1903 con-

141 1918 280 1950 sulibus:
307 1930 386 1961 quos
409 1920 554 1961 designat
577 1932 633 1962 per
652 1923 810 1963 virgarum

132 1968 246 2010 fasceS,
262 1968 316 2010 qui
333 1979 352 2000 a
367 1969 531 2000 lictoribus
552 1971 808 2012 praeferebantur.

186 2018 241 2049 32.
255 2017 449 2059 Imperiosa]
476 2019 577 2050 Plena
603 2019 736 2061 imperii,
758 2021 808 2052 vel

142 2067 325 2098 ostentatrix
342 2067 474 2109 imperii.

190 2115 312 2157 Virga]
339 2116 412 2147 h.e.
435 2127 490 2158 pro
517 2116 612 2158 virgis
636 2117 668 2148 in
689 2117 807 2148 fascem

141 2164 303 2204 collectis3
336 2171 368 2196 et
397 2166 553 2197 submotio
577 2166 685 2209 populi
713 2167 807 2197 etiam

140 2213 279 2245 fascibus
302 2213 386 2246 facta
403 2221 461 2246 est.
495 2215 646 2246 Errarunt
667 2215 762 2256 igitur
776 2221 807 2246 et

139 2262 292 2304 Mycillus
306 2269 338 2294 et
352 2263 478 2305 Lipsius
499 2263 578 2295 libro
596 2275 667 2295 mox
687 2274 804 2295 memo-

139 2311 237 2342 rando
255 2312 288 2343 in
314 2312 383 2354 ejus
404 2323 476 2355 opp.
502 2312 542 2343 ad
569 2313 710 2343 criticam
734 2323 804 2354 pro-

139 2361 205 2403 prie
234 2361 451 2403 spectantibus
479 2361 581 2404 Lugd.
607 2363 679 2393 Bat.
713 2363 804 2394 1596.

139 2410 193 2452 qui
222 2416 379 2454 putarent,
408 2417 521 2453 praeter
551 2411 652 2443 fasces
680 2411 806 2442 lictores

137 2470 264 2501 quoque
279 2459 399 2503 virgam
421 2460 461 2491 ad
482 2460 731 2492 submovendum
746 2471 801 2503 po-

138 2508 248 2549 pulum
280 2515 313 2541 et
344 2510 475 2552 januam
509 2509 697 2552 pulsandam
736 2521 804 2551 ges-

137 2562 230 2588 tasse.
253 2558 371 2590 Statuae
389 2559 472 2590 enim
484 2558 626 2589 lictorum
641 2566 673 2590 et
688 2559 805 2600 figurae,

138 2616 208 2647 quae
221 2606 254 2638 in
273 2607 410 2649 antiquis
426 2607 625 2638 monimentis
640 2607 804 2650 adparent,

136 2660 247 2695 praeter
276 2655 347 2687 loca
377 2662 551 2691 auctorum,
577 2656 658 2687 solos
694 2657 804 2691 fasces.

136 2709 255 2741 nuliam
278 2716 453 2753 separatam
477 2712 593 2753 virgam
625 2711 803 2743 ostendunt.

879 1539 906 1557 v.
933 1527 1042 1557 Burm.
1083 1525 1207 1561 Verbis,
1237 1525 1382 1555 veniente
1412 1524 1548 1560 consule,

877 1576 984 1607 obvios
996 1576 1235 1606 animadvertere
1249 1573 1370 1605 solebat
1381 1573 1472 1604 lictor
1484 1585 1492 1611 3
1518 1585 1548 1603 v.

879 1625 1019 1668 Lipsium
1037 1625 1174 1655 Elector.
1190 1624 1211 1655 i.
1226 1624 1280 1655 23.
1294 1623 1348 1655 ubi
1371 1623 1411 1654 de
1431 1622 1546 1654 lictori-

877 1675 947 1711 bus,
963 1684 1132 1714 eorumque
1151 1673 1277 1709 muniis,
1293 1672 1468 1714 insignibus
1493 1672 1548 1704 rel.

881 1723 958 1766 agit.
993 1724 1143 1754 Hamas.

922 1774 976 1804 34.
1004 1773 1073 1803 Non
1103 1773 1188 1803 habet
1213 1775 1245 1803 in
1269 1773 1350 1803 nobis
1376 1772 1469 1802 ullius
1496 1773 1545 1802 ira

880 1822 1004 1863 locum]
1022 1822 1108 1852 Solet
1119 1822 1202 1852 enim
1217 1832 1274 1852 usu
1290 1821 1406 1856 venire,
1422 1825 1457 1851 ut
1469 1830 1547 1862 quos

879 1871 1000 1913 injuriae
1017 1871 1132 1901 invisos
1144 1870 1274 1906 faciunt,
1285 1870 1437 1911 gratiosos
1453 1869 1547 1900 mise-

879 1920 930 1950 riae
948 1919 1093 1954 reddant,
1111 1924 1144 1949 ut
1160 1924 1208 1949 est
1224 1918 1307 1960 apud
1320 1918 1493 1949 Valerium.

922 1969 975 1999 37.
994 1968 1145 1998 Celantur
1159 1967 1436 2008 arundinesossae]
1475 1966 1547 1997 Zin-

878 2017 1033 2058 zerlingus
1059 2027 1097 2048 ex
1126 2017 1291 2047 Erfortauo
1321 2016 1442 2052 codice,
1469 2018 1544 2046 cele-

877 2068 1008 2098 brantur
1020 2071 1107 2097 notat
1120 2078 1128 2104 3
1141 2065 1225 2107 quod
1236 2076 1344 2096 verum
1356 2070 1414 2095 est.
1426 2065 1545 2096 Hmss.

922 2116 1123 2147 celebrantur
1138 2115 1171 2145 in
1188 2124 1280 2145 sensu
1295 2113 1431 2156 propriO‚
1443 2113 1544 2155 plenae

878 2171 963 2196 sunt.
999 2165 1150 2195 Hamus.
1424 2170 1429 2175 “

920 2217 972 2247 38.
991 2216 1093 2256 Hybla
1101 2213 1246 2257 florida]
1265 2213 1373 2255 Hybla
1389 2214 1473 2250 urbs,
1489 2224 1544 2245 seu

873 2275 962 2296 mons
982 2264 1040 2295 fuit
1055 2263 1172 2295 Siciliae
1187 2275 1194 2301 ;
1218 2264 1307 2305 cujus
1330 2272 1404 2303 ager
1418 2262 1545 2294 floribus

873 2314 1070 2350 abundabat,
1086 2312 1140 2344 ubi
1157 2312 1267 2355 optimi
1283 2311 1386 2343 mellis
1403 2311 1504 2354 copia.

908 2364 960 2393 40.
972 2363 1093 2394 Gracili
1182 2361 1435 2403 Limite-sbrmicae
1442 2372 1542 2402 grana

874 2413 1021 2453 reperta]
1049 2412 1139 2453 Virg.
1157 2412 1231 2442 AEn.
1245 2411 1288 2442 iv.
1303 2411 1377 2441 404.
1393 2421 1449 2452 sqq
1464 2422 1469 2440 :

919 2460 947 2491 It
973 2463 1095 2503 nigrum
1121 2461 1233 2500 campis
1256 2471 1375 2502 agmen,
1393 2461 1539 2499 proedam-

961 2521 1016 2550 que
1030 2521 1084 2549 per
1100 2510 1203 2540 herbas

921 2559 1101 2590 Convertant
1119 2559 1196 2589 calle
1209 2564 1347 2599 angusto,
1362 2567 1433 2597 pars
1441 2568 1539 2598 gran-

960 2609 1011 2638 dia
1028 2609 1159 2638 trudunt

919 2656 1210 2698 Obnitaesmzmenta
1227 2656 1368 2690 humeris,
1383 2654 1443 2685 &a

917 2706 968 2735 41.
992 2703 1363 2743 Circumstant—turha]
1390 2703 1451 2734 Per
1474 2701 1537 2743 syl-
