1760 3172
238 176 295 217 64
638 176 688 217 Ρ.
723 175 935 218 OVIDII
971 177 1251 222 NASONIS

240 290 402 338 Visite
428 291 719 340 turicremas
744 308 908 340 vaccae
933 292 1296 358 Memphitidos
1323 311 1454 344 aras:

307 367 468 416 Visite
493 369 778 432 conspicuis
801 376 943 416 terna
968 370 1165 418 theatra
1190 371 1329 420 locis.

241 444 546 509 Spectentur
567 445 737 509 tepido
758 447 1023 493 maculosae
1050 448 1293 509 sanguine
1318 464 1507 505 arenae3
1536 451 1632 499 395

307 521 552 586 Metaque
577 523 786 570 ferventi
812 524 1118 572 circueunda
1142 525 1264 572 rota.

240 600 387 655 Quod
413 602 552 657 latet,
579 601 805 663 ignotum
831 608 923 657 est,
952 601 1107 662 ignoti
1134 603 1271 649 nulla
1295 602 1495 666 cupido.

306 678 520 725 Fructus
545 679 705 734 abest,
732 677 884 726 facies
910 694 1025 725 cum
1051 679 1183 726 bona
1205 686 1337 731 teste
1363 686 1514 727 caret.

238 754 314 802 Tu
340 755 458 803 licet
482 761 533 802 et
557 754 843 817 Thamyran
869 771 1092 818 supereS‚
1115 762 1166 802 et
1191 756 1434 805 Amoebea
1458 763 1630 813 cantu;

306 832 422 880 Non
448 832 542 880 erit
565 832 747 894 ignotae
774 833 933 894 gratia
957 833 1300 901 magnaslyrae.

1535 837 1633 880 400

241 909 294 956 Si
319 908 568 957 Venerem
596 908 731 956 Cous
758 924 1005 972 nusquam
1030 909 1285 973 posuisset
1310 910 1540 974 Apelles;

306 986 478 1034 Mersa
501 987 594 1033 sub
619 986 862 1050 aequoreis
887 987 972 1034 illa
997 987 1176 1034 lateret
1201 987 1362 1050 aquis.

239 1062 373 1118 Quid
399 1064 586 1128 petitur
611 1065 780 1120 sacris,
809 1064 902 1111 nisi
928 1072 1125 1111 tantum
1150 1065 1296 1119 fama,
1325 1063 1520 1127 poetis?

307 1140 418 1189 Hoc
443 1149 614 1189 votum
639 1142 796 1189 nostri
823 1158 1017 1189 summa
1041 1142 1224 1189 laboris
1251 1142 1418 1189 habet.

240 1218 377 1266 Cura
402 1218 602 1266 Ducum
627 1219 828 1267 fuerunt
852 1219 970 1267 olim
998 1218 1300 1281 Regumque
1326 1218 1508 1282 poetae:
1537 1219 1634 1264 405

307 1295 623 1359 Praemiaque
649 1296 840 1359 antiqui
867 1313 1050 1358 magna
1073 1297 1233 1344 tulere
1257 1295 1409 1342 chori.

241 1372 532 1435 Sanctaque
558 1374 812 1436 1najestaS‚
839 1379 891 1420 et
915 1380 1022 1420 erat
1045 1372 1327 1420 venerabile
1353 1387 1535 1420 nomen

306 1449 544 1497 Vatibus:
586 1457 636 1497 et
661 1450 810 1511 largae
837 1465 972 1513 saepe
998 1449 1246 1497 dabantur
1271 1464 1411 1512 opeS.

240 1524 432 1573 Ennius
458 1526 686 1582 emeruit,
715 1525 943 1573 Calabris
969 1526 1019 1574 in
1044 1525 1299 1573 montibus
1324 1532 1478 1581 ortus,

307 1601 586 1665 Contiguus
613 1603 745 1666 poni,
776 1603 946 1667 Scipio
971 1620 1168 1666 magne,
1196 1603 1305 1651 tibi.

1537 1605 1636 1650 410

239 1678 387 1726 Nunc
410 1679 570 1727 ederae
593 1679 698 1727 sine
719 1680 903 1727 honore
919 1681 1115 1743 jacent:
1146 1686 1455 1744 operataque
1470 1679 1634 1728 doctis

309 1756 444 1806 Cura
465 1757 583 1820 vigil
608 1757 772 1807 Musis
797 1775 979 1807 nomen
1006 1759 1179 1808 inertis
1205 1759 1374 1807 habet.

283 1988 357 2019 396.
382 1988 553 2029 Metaque]
581 1989 649 2020 Hoc
670 1995 717 2020 est
734 1990 854 2027 Circus,
871 1991 903 2022 in

239 2047 301 2077 quo
331 2036 396 2067 ludi
421 2037 585 2070 Circenses
613 2044 708 2081 atque
734 2040 904 2081 Equestres

238 2085 366 2116 fiebant.
412 2086 537 2118 Mrem..

283 2135 359 2164 399.
397 2134 570 2176 Thamyran
593 2147 711 2176 superes
731 2144 820 2177 atque
845 2139 901 2169 01·-

235 2184 310 2223 phea
327 2184 448 2224 cantia]
478 2185 517 2214 Ec
534 2186 667 2216 Amoebea
684 2185 790 2228 scripti
807 2190 904 2228 potio—

237 2243 286 2262 res
301 2243 372 2263 cum
395 2232 494 2274 primii
513 2234 662 2265 editione.
712 2235 782 2266 Fuit
798 2242 903 2267 autem

238 2281 413 2312 Amoebeus
451 2282 654 2314 Citharoedus
700 2284 904 2316 Atheniensis

237 2330 345 2372 magni
369 2331 513 2368 nominis,
537 2333 626 2374 cujus
650 2344 687 2363 ex
705 2333 838 2365 Aristeu:
864 2335 903 2366 (le

239 2379 430 2411 Citharoedis
456 2381 533 2411 libro
559 2381 702 2412 meminit
730 2382 903 2414 Athenaeus

236 2427 295 2459 lib.
312 2428 376 2459 xiv.
394 2429 509 2459 Zenoni
525 2436 719 2461 coaetaneuin
733 2431 809 2462 facit
825 2433 901 2463 Plu—

238 2477 364 2509 tarchus
402 2480 473 2521 περὶ
510 2482 571 2518 τῆς
612 2480 726 2518 ἠθικῆς
768 2479 901 2522 ἀρετῆς.

237 2527 357 2558 Hiems.

281 2577 355 2607 400.
381 2576 494 2617 Ignotae
518 2580 621 2618 gratia
646 2590 753 2619 magna
778 2578 899 2619 Lyrna]

237 2625 365 2656 Adlusit
381 2626 420 2656 ad
437 2627 629 2658 notissimum
640 2628 819 2659 Graecorum
834 2638 903 2668 pro-

239 2675 388 2712 verbium,
410 2679 471 2715 τῆς
491 2676 725 2715 λανθανούσης
745 2679 901 2717 μουσικῆς

970 1990 1074 2029 ούὸεῖς
1089 1991 1200 2033 λόγος.
1247 1991 1364 2022 Burni.

1015 2042 1090 2072 405.
1119 2041 1202 2070 Cura
1229 2040 1351 2070 Ducum
1365 2039 1530 2082 fuerant-J
1557 2038 1637 2070 Ροὲ-

971 2095 1018 2120 tas
1027 2089 1101 2119 olim
1115 2089 1250 2120 ducibus
1262 2099 1344 2120 curae
1358 2088 1452 2119 fuisse
1464 2088 1638 2119 Pausanias

971 2138 1064 2168 docet
1078 2138 1110 2168 in
1127 2137 1244 2168 Atticis
1259 2137 1407 2179 exemplo
1427 2136 1592 2167 Philoxeni
1607 2143 1640 2168 et

972 2187 1075 2218 Arati.
1121 2187 1172 2218 Sic
1198 2186 1364 2228 Euripides
1385 2186 1542 2217 Archelao
1565 2186 1638 2217 Ma-

972 2235 1111 2267 cedoniae
1134 2236 1211 2277 regi,
1227 2235 1394 2266 Anacreon
1409 2233 1567 2276 Polycrati
1582 2234 1639 2266 Sa-

972 2285 1045 2321 mio,
1072 2284 1260 2320 Simonides,
1287 2283 1454 2319 Pindarus,
1479 2283 1640 2314 Bacchili-

972 2336 1027 2366 des
1050 2333 1182 2365 Hieroni
1211 2333 1326 2364 Siciliae
1353 2338 1507 2374 tyranno:
1542 2332 1639 2364 iidem

970 2394 1094 2426 quoque
1111 2383 1288 2419 Anacreon,
1306 2389 1337 2413 et
1359 2381 1535 2413 Simonides
1556 2381 1638 2425 Hip-

970 2433 1085 2476 parcho
1102 2432 1256 2463 Pisistrati
1282 2431 1344 2463 filio
1367 2431 1518 2462 carissimi
1542 2431 1641 2463 fuere.

971 2483 1014 2513 At
1031 2482 1110 2513 Cato
1126 2482 1157 2511 in
1173 2482 1324 2512 Oratione
1340 2482 1392 2511 M.
1412 2480 1567 2511 Nobiliori
1583 2482 1638 2512 ob-

967 2532 1050 2573 jicit,
1091 2531 1175 2573 quod
1210 2532 1340 2562 Poetam
1379 2531 1410 2561 in
1441 2529 1640 2562 Provinciam

972 2580 1123 2615 duxisset,
1153 2581 1207 2621 qui
1247 2579 1384 2611 Ennium
1420 2590 1456 2610 eo
1494 2579 1638 2611 duxerat.

973 2629 1043 2660 vide
1066 2629 1170 2659 Cicer.
1194 2628 1248 2659 lib.
1272 2628 1371 2670 primo
1395 2629 1491 2659 Tusc.
1517 2629 1639 2665 Quaest.

972 2677 1136 2719 principio.
1182 2677 1299 2708 lli-sss.
