1760 3172
256 159 342 200 506

647 158 697 198 Ρ.
732 158 945 200 OVIDII
979 158 1260 201 NASONIS

259 274 605 338 Prospicerem
632 275 871 336 gaudens,
890 281 1105 338 quantus
1130 274 1255 322 foret
1280 275 1490 337 agminis
1510 275 1645 330 ordo,

326 352 598 414 Densaque
624 368 774 414 quam
800 352 1002 414 longum
1028 352 1175 399 turba
1197 358 1393 399 teneret
1418 351 1526 399 iter.

260 429 473 493 Quoque
499 428 656 491 magis
684 429 814 476 noris
840 445 992 492 quam
1017 445 1095 476 me
1119 429 1342 492 vulgaria
1365 436 1588 492 tangant,

328 507 638 570 Spectarem,
667 506 828 570 qualis
856 522 1075 570 purpura
1099 513 1147 553 te
1173 513 1380 569 tegeret.
1585 509 1647 553 26

264 585 421 648 Signa
446 600 648 647 quoque
673 583 723 630 in
749 583 871 630 sella
895 599 1096 630 nossem
1121 582 1332 630 formata
1356 583 1541 639 curuli3

328 663 394 709 Et
418 668 580 709 totum
608 661 842 708 Numidae
868 661 1099 725 sculptile
1124 661 1288 708 dentis
1315 677 1457 724 opus.

260 741 327 788 At
352 756 506 804 quum
532 738 769 802 Tarpeias
794 754 931 785 esses
957 739 1204 786 deductus
1231 738 1280 784 in
1306 753 1462 793 arces,

329 818 463 865 Dum
488 817 690 864 caderet
708 817 852 879 jussu
876 815 1079 863 victima
1104 831 1244 862 sacra
1268 822 1376 871 tuo;
1585 817 1648 860 30

261 896 348 943 Me
374 910 575 958 quoque
601 900 794 940 secreto
820 899 984 955 grates
1010 892 1105 941 sibi
1130 908 1340 954 magnus
1367 898 1599 955 agentem

327 972 579 1027 Audisset,
603 970 769 1018 media
792 969 877 1033 qui
904 969 1047 1030 sedet
1071 968 1194 1026 aede,
1222 969 1376 1016 Deus.

259 1052 493 1114 Turaque
526 1056 693 1096 mente
731 1048 888 1111 magis
927 1049 1077 1111 plena
1106 1062 1258 1110 quam
1294 1046 1453 1101 lance,
1481 1044 1647 1093 dedis-

325 1128 422 1176 Ter
441 1134 616 1191 quater
640 1126 834 1190 imperii
858 1127 1003 1173 laetus
1028 1127 1214 1173 honore
1238 1124 1327 1172 tui.

1499 1124 1645 1186 [sem‚

259 1204 357 1252 Hic
383 1221 475 1267 ego
500 1211 772 1267 praesentes
796 1204 924 1251 inter
948 1218 1232 1251 numerarer
1257 1201 1469 1259 amicos3
1584 1203 1647 1247 35

328 1282 476 1329 Mitia
493 1283 576 1345 jus
602 1281 737 1328 urbis
765 1281 805 1328 si
830 1280 978 1328 modo
1004 1279 1105 1327 fata
1130 1279 1323 1327 darent.

260 1360 487 1422 Quaeque
512 1358 633 1406 mihi
659 1358 764 1405 sola
788 1358 982 1422 capitur
1006 1374 1137 1404 nunc
1162 1363 1330 1404 mente
1353 1356 1599 1419 voluptaS‚

326 1436 467 1483 Tunc
492 1435 648 1483 oeulis
675 1435 824 1483 etiam
849 1434 1173 1499 percipienda
1196 1434 1338 1481 foret.

261 1513 377 1560 Non
402 1514 472 1561 ita
497 1513 762 1560 Coelitibus
787 1513 946 1560 visum
972 1520 1065 1569 est,
1095 1520 1147 1560 et
1170 1511 1374 1559 forsitan
1399 1510 1586 1574 aequis:

327 1590 458 1638 Nam
485 1591 605 1654 quid
629 1607 709 1639 me
734 1607 893 1655 poenae
919 1606 1070 1638 causa
1094 1596 1276 1653 negata
1294 1588 1468 1652 juvet?

1582 1590 1648 1635 40

260 1668 433 1716 Mente
459 1675 642 1725 tamen,
671 1686 783 1732 quae
808 1669 917 1716 sola
939 1670 1049 1716 loco
1075 1684 1174 1715 non
1199 1666 1413 1722 exsulat,
1439 1671 1578 1713 utar:

328 1746 649 1802 Praetextam,
678 1746 837 1794 fasces
864 1745 1243 1810 adspiciamque
1268 1751 1398 1790 tuos,

301 1977 353 2006 25.
371 1975 492 2016 Quoque
515 1978 608 2017 magis
624 1976 731 2016 noris]
751 1975 921 2006 Distichon

257 2030 449 2066 suspectum.
482 2025 601 2054 mes.
659 2025 754 2059 Quam
785 2036 829 2055 me
856 2026 920 2054 cul-

256 2071 347 2109 gurm
375 2074 513 2109 tangant.
550 2070 712 2104 Quantum
736 2078 785 2098 me
815 2068 921 2098 delec-

259 2123 325 2147 tent
350 2127 398 2153 ea,
420 2116 533 2158 quibus
558 2117 670 2158 vulgus
695 2117 790 2148 etiam
816 2128 918 2148 move-

259 2172 319 2196 tur.

303 2217 354 2246 26.
371 2216 478 2250 Qualis
490 2216 656 2256 purpura]
673 2216 776 2252 Quam
788 2216 921 2258 pulchra

258 2265 353 2296 vestis
373 2276 410 2295 ex
433 2276 569 2307 purpura
584 2266 732 2307 dibapha,
748 2266 795 2296 bis
812 2266 920 2303 tincta,

260 2326 329 2356 quae
347 2314 468 2345 cunctis
482 2321 548 2346 erat
564 2315 735 2357 pretiosior.

301 2366 354 2394 28.
386 2365 425 2394 Et
457 2371 549 2395 tolum
581 2377 652 2404 opus
681 2365 848 2406 sculptile]
882 2365 921 2396 Id

259 2422 315 2449 est,
333 2419 431 2444 totum
451 2425 528 2456 opus
548 2415 705 2456 sculptum
727 2415 759 2445 in
779 2426 817 2446 ea
832 2416 921 2446 sella.

262 2464 401 2493 Numidae
411 2465 518 2493 dentis.
544 2463 656 2494 Dentis
667 2464 842 2505 elephantis
852 2466 920 2495 Nu-

260 2511 378 2547 midici,
397 2517 428 2542 et
443 2512 596 2543 Africani.

303 2562 358 2591 34.
388 2561 445 2591 Ter
469 2561 603 2602 quatern]
632 2561 710 2592 Haec
734 2563 829 2593 verba
850 2562 920 2593 Me-

261 2610 329 2640 rula
353 2609 392 2640 ad
415 2612 554 2640 dedissem
578 2618 647 2641 tura
668 2611 780 2649 refert3
802 2611 919 2653 Micyl-

260 2657 308 2689 lus
337 2658 376 2689 ad
408 2660 510 2690 larius:
546 2658 693 2691 Heinsius
724 2660 919 2702 distinguens

260 2713 328 2748 post
363 2714 479 2747 qnater,
509 2707 629 2739 videtur
665 2709 798 2740 Merulae
828 2719 918 2741 acce—

989 1974 1075 2005 dere.
1120 1973 1182 2004 Sed
1206 1983 1303 2015 quum
1326 1971 1477 2002 ternarius
1502 1980 1649 2001 numerus

988 2023 1021 2053 in
1049 2023 1144 2054 sacris
1179 2021 1326 2053 solemnis
1355 2027 1447 2056 esset,
1474 2031 1530 2052 nec
1560 2020 1650 2051 illum

989 2084 1151 2104 numerum
1163 2072 1314 2104 excedere
1327 2070 1434 2112 religio
1446 2070 1580 2112 juberet,
1591 2080 1649 2111 ego

989 2133 1060 2153 cum
1085 2124 1168 2153 lictus
1189 2121 1308 2163 jungo:
1334 2119 1453 2150 dictum
1469 2130 1541 2150 vero
1563 2125 1598 2150 ut
1616 2118 1649 2149 in

989 2171 1131 2207 formula,
1150 2178 1250 2211 terque
1266 2175 1427 2210 quaterque
1446 2170 1547 2199 beatus
1565 2167 1649 2210 apud

990 2221 1081 2261 Yirg,
1094 2222 1172 2251 AEn.
1190 2220 1210 2250 i.
1224 2221 1277 2250 94.

1032 2271 1084 2300 36.
1104 2270 1162 2300 Jus
1184 2268 1289 2308 urbis]
1316 2269 1372 2299 Est
1392 2273 1497 2298 autem
1518 2277 1645 2298 sensus:

988 2321 1021 2351 Si
1051 2320 1113 2350 fata
1141 2318 1217 2350 mihi
1244 2318 1355 2349 darent
1378 2317 1431 2358 jus
1459 2316 1561 2347 urbis:
1590 2316 1648 2347 hoc

989 2375 1047 2405 est,
1074 2375 1108 2400 ut
1134 2379 1257 2411 possem
1283 2367 1314 2398 in
1338 2368 1424 2403 urbe,
1450 2367 1515 2398 sive
1538 2367 1647 2397 Romae

989 2428 1066 2454 esse,
1082 2428 1218 2460 praesens
1242 2417 1322 2447 inter
1343 2422 1512 2458 praesentes
1534 2415 1650 2447 amicos

989 2473 1058 2497 tuos
1088 2477 1276 2498 numerarer.
1321 2466 1415 2496 Nunc
1441 2465 1566 2506 quando
1589 2464 1648 2496 hoc

989 2525 1051 2546 non
1073 2515 1159 2551 licet,
1175 2515 1285 2546 absens
1305 2514 1408 2546 animo
1430 2524 1468 2544 ea
1488 2519 1649 2555 contemp-

988 2564 1085 2602 labor,
1102 2575 1171 2607 quae
1189 2575 1293 2596 coram
1308 2563 1406 2596 oculis
1425 2574 1486 2594 non
1508 2573 1646 2604 possum.

987 2614 1089 2645 PoxT.

1029 2663 1082 2694 42.
1102 2663 1293 2700 Praetertam,
1315 2663 1391 2704 &c.]
1418 2663 1547 2694 Vestem
1572 2671 1644 2692 con-

985 2712 1133 2744 sularern.
