1760 3172
243 177 328 217 416
637 175 686 216 P.
720 174 932 216 OVIDII
966 173 1244 216 NASONIS

677 346 1106 394 EPISTOLA
1144 347 1203 393 V.

788 479 1039 521 SALANO
1050 480 1090 519 *ἱ

251 596 513 643 ΟΟΝΒΙΤΑ
542 592 823 656 disparibus
848 591 1064 639 numeris
1090 607 1183 653 ego
1210 590 1346 638 Naso
1374 591 1553 638 Salano

316 671 594 736 Praeposita
617 669 727 716 misi
752 669 902 716 verba
926 668 1085 715 salute
1110 684 1237 715 meo.

248 748 372 803 Quae
397 755 503 795 rata
527 747 590 793 sit
614 746 776 809 cupio,
799 745 1047 808 rebusque
1073 752 1128 812 ut
1152 746 1441 808 comprobet
1465 761 1626 801 omen,

314 825 386 873 Te
411 840 584 889 precor
610 840 638 871 a
662 824 796 871 salvo
821 822 995 886 possit,
1023 822 1196 877 amice,
1224 823 1336 883 legi.

249 902 464 957 Candor,
492 902 542 948 in
566 902 659 948 hoc
684 916 786 947 aevo
810 915 887 946 res
913 898 1235 946 intermortua
1259 915 1417 962 paene,
1598 902 1627 945 5

316 979 504 1042 Exigit,
532 986 586 1025 ut
608 977 786 1025 faciam
810 976 929 1024 talia
951 983 1079 1032 vota,
1106 983 1238 1023 tuus.

250 1057 379 1104 Nam
404 1056 580 1104 fuerim
606 1055 830 1118 quamvis
856 1053 1051 1100 modico
1077 1054 1167 1100 tibi
1193 1054 1420 1116 cognitus
1445 1070 1554 1108 usu,

316 1134 510 1181 Diceris
536 1133 724 1180 exsiliis
750 1132 1050 1194 ingemuisse
1076 1131 1228 1178 meis:

248 1211 506 1273 Missaque
523 1211 584 1257 ab
601 1216 822 1258 extremo
837 1210 1027 1271 legeres
1045 1225 1197 1272 quum
1214 1209 1432 1255 carmina
1448 1208 1625 1263 Ponto,

313 1286 408 1334 Illa
430 1295 544 1334 tuus
564 1287 692 1350 juvit
715 1286 1100 1349 qualiacumque
1124 1284 1284 1342 favor;
1571 1288 1628 1331 lO

250 1365 553 1429 Optastique
577 1365 775 1411 brevem
803 1363 924 1411 salvi
945 1363 1065 1410 mihi
1093 1362 1306 1409 Caesaris
1331 1362 1477 1419 iram;

315 1441 461 1496 Quod
486 1448 652 1489 tamen
678 1442 852 1505 optari,
880 1441 920 1488 si
946 1441 1085 1496 sciat,
1110 1440 1218 1503 ipse
1243 1439 1388 1486 sinat.

250 1518 475 1566 Moribus
500 1518 596 1566 ista
619 1519 715 1566 tuis
741 1526 843 1566 tam
868 1518 1008 1567 mitia
1030 1524 1144 1566 vota
1164 1517 1343 1565 dedisti
1364 1534 1372 1563 :

317 1595 425 1643 Nec
450 1595 614 1642 minus
640 1595 823 1643 idcirco
846 1604 962 1643 sunt
988 1613 1047 1644 ea
1070 1603 1210 1659 grata
1227 1595 1364 1642 mihi.

249 1673 462 1736 Quoque
486 1672 645 1735 magis
671 1689 897 1721 moveare
921 1673 1079 1729 malis,
1101 1672 1406 1728 doctissime,
1428 1672 1626 1728 nostris,

316 1750 568 1797 Credibile
594 1757 670 1797 est
694 1750 798 1798 fieri
823 1751 1106 1798 conditione
1130 1750 1242 1798 loci.
1572 1753 1628 1797 16

250 1826 347 1874 Vix
373 1827 464 1874 hac
491 1827 710 1874 invenias
736 1835 912 1884 totum,
940 1828 1060 1876 mihi
1085 1829 1248 1884 crede,
1276 1844 1362 1892 per
1386 1828 1556 1874 orbem

316 1902 439 1957 Quae
465 1904 626 1950 minus
653 1904 882 1967 Augusta
905 1922 1030 1970 pace
1054 1906 1256 1961 fruatur,
1284 1906 1504 1952 humum.

251 1980 326 2027 Tu
352 1988 518 2028 tamen
544 1982 622 2028 hic
648 1989 861 2029 structos
888 1983 1013 2031 inter
1037 1983 1140 2031 fera
1163 1982 1331 2046 praelia
1353 1997 1522 2029 versus

318 2056 383 2103 Et
405 2043 574 2173 legiss
573 2065 623 2106 et
647 2059 801 2106 lectos
826 2076 907 2107 ore
933 2060 1127 2107 favente
1152 2059 1360 2123 probas;
1566 2062 1629 2105 20

294 2191 311 2209 ³¹⁶
334 2190 444 2221 Salano
459 2191 555 2222 etiam
576 2192 689 2223 Bavar.
705 2193 757 2223 alii
780 2196 905 2224 Solane:
1018 2194 1066 2223 17.
1103 2193 1153 2223 {⁷121
1182 2193 1235 2223 hac
1264 2194 1397 2222 invenias
1427 2198 1530 2226 totum,
1557 2191 1630 2221 mihi

249 2239 323 2280 quia
347 2245 487 2270 neutrum
512 2251 624 2271 nomen
646 2241 678 2272 in
697 2241 822 2273 civitate
840 2244 905 2274 Ro·
970 2243 1082 2283 creda]
1111 2243 1284 2283 Augustam
1295 2251 1404 2283 pacem
1418 2250 1478 2271 non
1498 2245 1629 2277 tantum,

249 2299 342 2320 mana
357 2290 514 2329 cognitum
530 2296 588 2326 est,
602 2296 632 2321 et
645 2297 775 2332 quatuor
789 2298 906 2323 veteres
972 2303 1040 2334 quae
1057 2293 1096 2322 ab
1113 2291 1254 2332 Augusto
1274 2296 1363 2333 parta
1385 2289 1434 2326 sit,
1450 2289 1579 2331 accipio,
1596 2296 1630 2321 ut

250 2339 351 2368 Salina
378 2339 495 2379 legunt,
522 2339 679 2376 Heinsius,
704 2351 796 2382 quem
822 2340 904 2377 vide,
971 2342 1106 2376 Merula,
1130 2340 1184 2371 sed
1209 2346 1240 2371 et
1262 2350 1380 2371 sacram
1404 2338 1628 2370 venerabilem-

249 2388 351 2417 Silnno
365 2387 502 2429 conjicit,
522 2394 575 2419 aut
590 2389 707 2420 Salano.
754 2390 904 2421 HAnLEs.
972 2402 1048 2432 que:
1075 2390 1201 2432 perinde
1225 2395 1259 2420 ut
1283 2394 1416 2430 augusta
1431 2388 1558 2429 templa,
1575 2398 1630 2419 au-

294 2437 321 2467 1.
337 2436 462 2466 Condita
476 2438 586 2478 verbm]
605 2438 708 2468 Verba
724 2439 905 2480 composita.
971 2445 1062 2481 gusta
1077 2440 1155 2475 loca,
1171 2439 1312 2474 dicimus,
1328 2438 1385 2469 hoc
1408 2443 1465 2474 est,
1486 2448 1584 2474 sacra,
1599 2443 1630 2469 et

250 2487 427 2525 Dispuribus
444 2489 584 2517 nutrieris.
609 2487 757 2518 Versibus
771 2488 876 2529 elegis.
973 2489 1170 2520 veneratione
1183 2488 1288 2529 digna.
1329 2489 1423 2518 Mm.

293 2536 321 2565 7.
347 2536 390 2565 Ab
415 2537 523 2566 modico
549 2537 633 2577 usum]
659 2537 688 2566 A
713 2547 807 2578 parva
832 2548 904 2568 con·
1019 2540 1067 2569 19.
1083 2537 1236 2579 Equidem
1247 2547 1318 2568 cum
1329 2538 1627 2571 Burmanno,struc-

249 2584 422 2615 suetudine.
973 2593 1024 2623 tos,
1041 2586 1071 2617 h.
1088 2597 1115 2617 e.
1131 2586 1329 2627 conscriptos,
1341 2596 1440 2615 versus
1460 2595 1521 2615 non
1540 2584 1628 2615 dam-

296 2635 344 2664 13.
362 2634 434 2664 Tuis
444 2635 596 2676 moribus]
616 2635 690 2666 'I‘uae
703 2635 887 2677 benignitati
897 2648 905 2675 ς
974 2645 1093 2666 narem.
1133 2635 1255 2665 Sti-uere
1281 2633 1401 2676 proprie
1437 2638 1484 2664 est
1519 2633 1627 2664 ordine

250 2682 424 2723 hujusmodi
439 2683 521 2714 enim
537 2690 607 2716 vota
624 2690 752 2716 manant
765 2695 783 2716 a
795 2685 903 2726 benig·
972 2694 1168 2726 componere,
1181 2690 1212 2714 et
1226 2683 1363 2725 adprime
1379 2681 1629 2725 opponitur-feris

250 2731 297 2761 nis
311 2731 455 2762 moribus.
969 2734 1092 2773 proeliis.
1113 2734 1152 2764 cf.
1175 2733 1253 2764 infra
1276 2733 1318 2764 iv.
1344 2734 1393 2763 13.
1415 2733 1443 2762 4.
1466 2737 1497 2762 et
1520 2732 1627 2763 Burm.
