1760 3172
185 143 269 185 312

569 141 620 182 P.
663 140 874 182 OVIDII
910 140 1187 182 NASONIS

189 257 393 305 Scilicet
417 256 610 319 exiguis
636 256 838 320 prodest
864 271 1051 303 annosa
1073 262 1321 313 vetustas,

254 333 541 380 Grandibus
567 333 813 379 accedunt
836 340 1057 396 tempore
1082 333 1262 379 damna
1281 334 1438 380 malis.

186 409 339 457 Paene
363 410 535 457 decem
562 409 677 456 totis
703 409 825 456 aluit
848 409 1104 456 Poeantius
1129 410 1269 456 annis

253 486 553 534 Pestiferum
578 486 767 532 tumido
794 486 967 532 vulnus
993 486 1054 532 ab
1081 502 1242 548 angue
1266 486 1464 533 datum:

186 562 439 627 Telephus
466 570 650 610 aeterna
673 570 960 610 consumtus
986 564 1100 610 tabe
1127 564 1351 626 perisset,
1507 566 1562 610 15

255 639 307 686 Si
333 656 447 695 non,
476 655 586 702 quae
612 639 797 695 nocuit,
825 639 1003 686 dextra
1026 639 1221 686 tulisset
1245 656 1407 702 opem.

187 716 252 765 Et
276 734 401 774 mea,
430 719 470 764 si
495 717 686 764 facinus
713 717 903 763 nullum
928 716 1280 772 commisimus,
1308 724 1441 780 opto,

252 794 472 842 Vulnera
496 794 582 862 qui
607 793 740 848 fecit,
768 793 900 840 facta
923 793 1084 840 levare
1109 793 1253 850 velit3

187 870 570 933 Contentusque
595 870 690 917 mei
711 871 815 932 jam
840 870 1042 917 tandem
1068 876 1207 932 parte
1232 870 1430 925 laboris,

251 946 503 1010 Exiguum
529 947 674 1010 pleno
700 946 762 993 de
787 962 922 993 mare
948 946 1115 993 demat
1139 961 1297 1008 aquae.

1502 950 1565 992 20

187 1023 430 1071 Detrahat
454 1029 507 1070 ut
532 1022 758 1078 multum,
786 1022 996 1069 multum
1022 1023 1230 1069 restabit
1255 1023 1448 1080 acerbi3

250 1088 479 1163 Parsque
498 1116 622 1147 meae
648 1115 805 1163 poenae
831 1099 982 1146 totius
1008 1099 1162 1146 instar
1188 1100 1294 1146 erit.

186 1176 351 1224 Litora
375 1184 498 1240 quot
522 1177 752 1233 conchas,
779 1183 902 1239 quot
926 1192 1119 1222 amoena
1143 1176 1326 1223 rosaria
1350 1176 1512 1232 flores,

253 1253 446 1307 Quotve
472 1253 794 1317 soporiferum
820 1269 972 1315 grana
997 1269 1210 1317 papaver
1234 1254 1411 1311 habet;

189 1330 324 1377 Silva
337 1330 464 1378 feras
481 1337 603 1394 quot
618 1331 721 1386 alit,
740 1338 863 1394 quot
877 1331 1096 1394 piscibus
1115 1331 1248 1379 unda
1262 1338 1456 1378 natatur
1472 1350 1481 1388 ;
1502 1335 1564 1378 25

253 1407 386 1462 Quot
406 1414 632 1455 tenerum
656 1408 832 1472 pennis
858 1424 973 1455 aera
991 1409 1157 1472 pulsat
1181 1409 1311 1466 avis3

183 1483 279 1532 Tot
304 1500 499 1548 premor
524 1485 770 1534 adversis:
800 1476 920 1549 „q-uae
947 1486 987 1533 si
1013 1486 1369 1550 comprendere
1396 1502 1561 1542 coner,

251 1560 422 1610 Icariae
450 1578 708 1610 numerum
733 1553 898 1611 dicere
923 1579 1073 1610 coner
1098 1579 1257 1626 aquae.

187 1637 357 1701 thue
377 1638 466 1686 viae
492 1655 654 1696 casuS,
677 1647 733 1687 ut
757 1657 923 1688 amara
946 1640 1167 1704 pericula
1192 1640 1346 1703 ponti,

254 1715 324 1762 Ut
347 1722 541 1763 taceam
568 1717 764 1765 strictas
789 1719 837 1765 in
863 1734 976 1766 mea
999 1717 1099 1765 fata
1122 1733 1296 1764 manus
1315 1735 1325 1774 ;

229 1823 278 1853 12.
297 1823 461 1864 Tempore]
488 1823 702 1856 Diuturnitate
725 1832 843 1868 tempo-

183 1871 234 1902 ris.
258 1873 351 1903 Man.
389 1872 564 1904 Grandibus
578 1876 735 1906 accedunt.
751 1876 842 1917 Mag—

184 1931 226 1951 na
239 1920 435 1952 incommoda
455 1922 494 1952 ab
511 1921 601 1953 annis
617 1922 842 1954 incrementum

184 1969 352 2011 accipiunt,
369 1975 400 2000 et
415 1970 539 2011 gravius
562 1971 700 2001 animum
723 1971 842 2003 discru-

184 2017 280 2048 ciant.
312 2017 362 2048 Sic
377 2018 446 2049 Cic.
458 2018 575 2061 Philip.
589 2020 618 2050 V
633 2032 639 2049 :
666 2015 766 2051 Omne¹
777 2033 840 2051 ma-

184 2066 247 2096 lum
261 2077 383 2097 nascens
396 2068 498 2108 facile
511 2069 707 2107 obprimitur:
732 2071 842 2100 invete-

184 2117 335 2156 ratumfit
348 2117 522 2157 plerumque
539 2119 695 2149 robustius.
720 2119 822 2150 Poxr.

229 2165 281 2194 13.
305 2164 487 2206 Poeantius]
514 2165 714 2197 Philoctetes.

229 2213 279 2243 14.
299 2213 415 2254 Virmn]
441 2214 492 2244 Sic
510 2214 615 2256 primae
627 2215 702 2246 edit.
718 2220 749 2246 et
764 2227 844 2247 unus

184 2261 358 2293 Vaticanus
375 2273 445 2294 cum
466 2263 699 2302 Arondelian03
722 2270 752 2295 et
770 2265 844 2306 quia

184 2312 292 2341 tumidi
307 2311 427 2353 proprie
443 2322 560 2353 angues
576 2323 594 2343 a
605 2323 723 2344 veneno
732 2313 842 2345 dieun-

184 2365 245 2396 tur,
261 2362 344 2391 virus
360 2362 497 2402 praetulit
519 2363 692 2393 Burmann.
717 2368 748 2393 et
772 2374 841 2394 mox

184 2410 313 2440 vulnera
341 2409 490 2450 sequitur.
531 2410 611 2442 Aliae
633 2411 705 2442 edd.
726 2411 844 2444 habent

185 2459 306 2488 vulnus.
338 2459 487 2491 HARLES.

230 2507 280 2537 15.
295 2507 437 2546 Telephus
447 2514 557 2539 aeterna
571 2516 751 2546 υοηειινηειιε,
762 2509 837 2550 &c.]

190 2554 328 2585 Vulneris
350 2558 499 2586 nutilium
526 2557 626 2589 Pelias
651 2559 733 2589 hasta
759 2559 842 2589 tulit.

186 2603 280 2634 Mun.

227 2652 279 2682 20.
298 2652 447 2693 Exiguum
467 2655 582 2696 pleno]
609 2654 695 2685 Alibi
715 2655 794 2686 dixit
809 2666 842 2686 se

185 2710 245 2730 non
268 2700 423 2737 fluctibus,
438 2702 493 2733 sed
515 2709 578 2734 toto
599 2704 725 2735 Oceano
747 2702 841 2735 fuisse

1502 1720 1565 1764 30

909 1827 1064 1861 obrutum,
1080 1824 1270 1856 miseriarum
1285 1834 1409 1855 suarum
1423 1825 1563 1856 multitu-

909 1876 1014 1907 dinem
1029 1881 1060 1906 et
1075 1873 1321 1915 magnitudinem
1337 1874 1443 1904 volens
1465 1875 1567 1916 expri-

909 1935 1004 1956 mere.
1042 1924 1129 1954 Mare
1143 1923 1222 1953 dixit
1235 1922 1399 1964 ἀρχαϊκῶς
1412 1934 1465 1965 pro
1480 1924 1568 1955 mari.

908 1975 1014 2005 Posr.

951 2023 1003 2052 21.
1031 2021 1161 2051 Multum
1181 2021 1303 2051 restabit
1326 2020 1449 2060 acerbi]
1474 2023 1564 2051 Acer·

909 2073 938 2101 vi
975 2082 1020 2113 pr.
1051 2071 1151 2101 Palat.
1182 2080 1228 2111 pr.
1259 2069 1405 2100 Vatican.
1441 2076 1471 2101 et
1506 2076 1566 2102 tres

911 2119 984 2158 alii,
1010 2119 1116 2150 malim
1139 2130 1265 2155 acervo5
1285 2129 1386 2160 poenae
1410 2119 1565 2152 videlicet.

910 2169 1029 2200 Herus.

953 2219 1007 2248 22.
1042 2216 1144 2247 Totius
1172 2218 1266 2247 instar
1291 2217 1377 2257 erin]
1417 2218 1564 2249 Ostendit

910 2272 1028 2297 tantam
1044 2276 1110 2297 esse
1134 2266 1282 2296 malorum
1305 2266 1563 2307 magnitudinem,

910 2323 944 2346 ut
958 2316 1050 2346 etiam
1066 2315 1091 2346 si
1114 2314 1189 2356 quid
1210 2314 1398 2351 detrahatur,
1414 2315 1491 2346 nihil
1506 2316 1564 2348 sibi

909 2364 1104 2395 imminutum
1119 2363 1270 2394 videatur.

953 2414 1005 2443 24.
1022 2413 1142 2448 Quodve
1156 2412 1377 2454 soporgs'erum]
1397 2413 1566 2455 Papaveris

911 2462 1000 2492 sativi
1032 2461 1091 2492 tria
1118 2467 1189 2492 sunt
1213 2472 1337 2502 genera.
1374 2462 1563 2499 Candidum,

909 2511 997 2552 cujus
1006 2521 1111 2541 semen
1126 2516 1240 2541 tostum
1255 2510 1287 2541 in
1309 2510 1445 2541 secunda
1459 2521 1564 2542 mensa

909 2570 979 2589 cum
1008 2559 1100 2590 melle
1127 2559 1210 2601 apud
1241 2559 1384 2601 antiquos
1408 2559 1562 2590 dabatur:

909 2608 1040 2639 alterum
1063 2608 1204 2649 nigrum:
1231 2608 1354 2640 tertium
1381 2619 1479 2650 genus
1505 2609 1563 2650 Ty-

907 2667 972 2687 rum
986 2663 1110 2688 vocant.

951 2707 1004 2737 30.
1031 2706 1158 2738 Sti-ictas
1178 2708 1211 2737 in
1229 2718 1302 2743 mea,
1320 2706 1395 2747 &tc-J
1419 2707 1469 2738 De
1486 2716 1562 2738 nece
