<?xml version="1.0" encoding="UTF-8"?>
<!DOCTYPE html PUBLIC "-//W3C//DTD XHTML 1.0 Transitional//EN"
    "http://www.w3.org/TR/xhtml1/DTD/xhtml1-transitional.dtd">
<html xmlns="http://www.w3.org/1999/xhtml" xml:lang="en" lang="en">
 <head>
  <title>
</title>
<meta http-equiv="Content-Type" content="text/html;charset=utf-8" />
  <meta name='ocr-system' content='tesseract 3.04.00' />
  <meta name='ocr-capabilities' content='ocr_page ocr_carea ocr_par ocr_line ocrx_word'/>
</head>
<body>
  <div class='ocr_page' id='page_1' title='image "./povidiinasonisop02oviduoft_0015.png"; bbox 0 0 1760 3172; ppageno 0'>
   <div class='ocr_carea' id='block_1_1' title="bbox 423 168 1542 211">
    <p class='ocr_par' dir='ltr' id='par_1_1' title="bbox 423 168 1542 211">
     <span class='ocr_line' id='line_1_1' title="bbox 423 168 1542 211; baseline -0.004 0"><span class='ocrx_word' id='word_1_1' title='bbox 423 169 611 211; x_wconf 84' lang='lat' dir='ltr'>ARTIS</span> <span class='ocrx_word' id='word_1_2' title='bbox 644 168 1001 210; x_wconf 89' lang='lat' dir='ltr'><strong>AMATORIAE</strong></span> <span class='ocrx_word' id='word_1_3' title='bbox 1035 168 1153 209; x_wconf 91' lang='lat' dir='ltr'><strong>LIB.</strong></span> <span class='ocrx_word' id='word_1_4' title='bbox 1187 168 1252 208; x_wconf 92' lang='grc' dir='ltr'>ΙΙ.</span> <span class='ocrx_word' id='word_1_5' title='bbox 1514 170 1542 208; x_wconf 86' lang='grc'><em>5</em></span> 
     </span>
    </p>
   </div>
   <div class='ocr_carea' id='block_1_2' title="bbox 147 282 1423 345">
    <p class='ocr_par' dir='ltr' id='par_1_2' title="bbox 147 282 1423 345">
     <span class='ocr_line' id='line_1_2' title="bbox 147 282 1423 345; baseline -0.002 -14"><span class='ocrx_word' id='word_1_6' title='bbox 147 284 261 332; x_wconf 88' lang='lat' dir='ltr'>Jam</span> <span class='ocrx_word' id='word_1_7' title='bbox 290 285 465 332; x_wconf 86' lang='lat' dir='ltr'>Samos</span> <span class='ocrx_word' id='word_1_8' title='bbox 493 285 521 331; x_wconf 72' lang='lat' dir='ltr'>a</span> <span class='ocrx_word' id='word_1_9' title='bbox 548 285 672 331; x_wconf 71' lang='lat' dir='ltr'>laeva</span> <span class='ocrx_word' id='word_1_10' title='bbox 700 284 893 330; x_wconf 88' lang='lat' dir='ltr'>fuerant</span> <span class='ocrx_word' id='word_1_11' title='bbox 920 283 1196 345; x_wconf 80' lang='lat' dir='ltr'>Naxosque</span> <span class='ocrx_word' id='word_1_12' title='bbox 1223 282 1423 338; x_wconf 81' lang='lat' dir='ltr'>relictae,</span> 
     </span>
    </p>
   </div>
   <div class='ocr_carea' id='block_1_3' title="bbox 217 359 1273 417">
    <p class='ocr_par' dir='ltr' id='par_1_3' title="bbox 217 359 1273 417">
     <span class='ocr_line' id='line_1_3' title="bbox 217 359 1273 417; baseline -0.002 -10"><span class='ocrx_word' id='word_1_13' title='bbox 217 361 282 409; x_wconf 87' lang='lat' dir='ltr'>Et</span> <span class='ocrx_word' id='word_1_14' title='bbox 306 361 477 417; x_wconf 88' lang='lat' dir='ltr'>Paros,</span> <span class='ocrx_word' id='word_1_15' title='bbox 505 368 556 408; x_wconf 90' lang='lat' dir='ltr'>et</span> <span class='ocrx_word' id='word_1_16' title='bbox 581 360 748 408; x_wconf 87' lang='lat' dir='ltr'>Clario</span> <span class='ocrx_word' id='word_1_17' title='bbox 777 360 929 407; x_wconf 88' lang='lat' dir='ltr'>Delos</span> <span class='ocrx_word' id='word_1_18' title='bbox 956 366 1121 406; x_wconf 89' lang='lat' dir='ltr'>amata</span> <span class='ocrx_word' id='word_1_19' title='bbox 1148 359 1273 406; x_wconf 92' lang='lat' dir='ltr'>Deo.</span> 
     </span>
    </p>
   </div>
   <div class='ocr_carea' id='block_1_4' title="bbox 1477 363 1540 405">
    <p class='ocr_par' dir='ltr' id='par_1_4' title="bbox 1477 363 1540 405">
     <span class='ocr_line' id='line_1_4' title="bbox 1477 363 1540 405; baseline -0.016 0"><span class='ocrx_word' id='word_1_20' title='bbox 1477 363 1540 405; x_wconf 75' lang='lat'>80</span> 
     </span>
    </p>
   </div>
   <div class='ocr_carea' id='block_1_5' title="bbox 151 436 1537 501">
    <p class='ocr_par' dir='ltr' id='par_1_5' title="bbox 151 436 1537 501">
     <span class='ocr_line' id='line_1_5' title="bbox 151 436 1537 501; baseline -0.001 -17"><span class='ocrx_word' id='word_1_21' title='bbox 151 438 341 485; x_wconf 84' lang='lat' dir='ltr'>Dextra</span> <span class='ocrx_word' id='word_1_22' title='bbox 380 438 668 501; x_wconf 86' lang='lat' dir='ltr'>Lebynthos</span> <span class='ocrx_word' id='word_1_23' title='bbox 707 444 862 492; x_wconf 92' lang='lat' dir='ltr'>erant,</span> <span class='ocrx_word' id='word_1_24' title='bbox 899 436 1135 498; x_wconf 85' lang='lat' dir='ltr'>silvisque</span> <span class='ocrx_word' id='word_1_25' title='bbox 1173 436 1408 482; x_wconf 85' lang='lat' dir='ltr'>umbrosa</span> <span class='ocrx_word' id='word_1_26' title='bbox 1441 436 1537 482; x_wconf 87' lang='lat' dir='ltr'>Ca-</span> 
     </span>
    </p>
   </div>
   <div class='ocr_carea' id='block_1_6' title="bbox 218 513 1242 578">
    <p class='ocr_par' dir='ltr' id='par_1_6' title="bbox 218 513 1242 578">
     <span class='ocr_line' id='line_1_6' title="bbox 218 513 1242 578; baseline -0.002 -16"><span class='ocrx_word' id='word_1_27' title='bbox 218 515 497 578; x_wconf 88' lang='lat' dir='ltr'>Cinctaque</span> <span class='ocrx_word' id='word_1_28' title='bbox 521 514 729 578; x_wconf 81' lang='lat' dir='ltr'>piscosis</span> <span class='ocrx_word' id='word_1_29' title='bbox 760 513 1053 577; x_wconf 80' lang='lat' dir='ltr'>Astypalaea</span> <span class='ocrx_word' id='word_1_30' title='bbox 1077 513 1242 560; x_wconf 87' lang='lat' dir='ltr'>vadis:</span> 
     </span>
    </p>
   </div>
   <div class='ocr_carea' id='block_1_7' title="bbox 1331 514 1537 575">
    <p class='ocr_par' dir='ltr' id='par_1_7' title="bbox 1331 514 1537 575">
     <span class='ocr_line' id='line_1_7' title="bbox 1331 514 1537 575; baseline 0.01 -17"><span class='ocrx_word' id='word_1_31' title='bbox 1331 514 1537 575; x_wconf 87' lang='lat' dir='ltr'>[lymne‚</span> 
     </span>
    </p>
   </div>
   <div class='ocr_carea' id='block_1_8' title="bbox 148 589 1536 1114">
    <p class='ocr_par' dir='ltr' id='par_1_8' title="bbox 148 589 1536 1114">
     <span class='ocr_line' id='line_1_8' title="bbox 151 589 1407 655; baseline -0.002 -17"><span class='ocrx_word' id='word_1_32' title='bbox 151 591 281 638; x_wconf 84' lang='lat' dir='ltr'>Cum</span> <span class='ocrx_word' id='word_1_33' title='bbox 307 608 446 655; x_wconf 89' lang='lat' dir='ltr'>puer,</span> <span class='ocrx_word' id='word_1_34' title='bbox 474 591 684 638; x_wconf 89' lang='lat' dir='ltr'>incautis</span> <span class='ocrx_word' id='word_1_35' title='bbox 710 590 915 636; x_wconf 89' lang='lat' dir='ltr'>nimium</span> <span class='ocrx_word' id='word_1_36' title='bbox 941 589 1230 636; x_wconf 86' lang='lat' dir='ltr'>temerarius</span> <span class='ocrx_word' id='word_1_37' title='bbox 1257 589 1407 645; x_wconf 85' lang='lat' dir='ltr'>ausis,</span> 
     </span>
     <span class='ocr_line' id='line_1_9' title="bbox 215 662 1207 730; baseline -0.001 -17"><span class='ocrx_word' id='word_1_38' title='bbox 215 667 377 714; x_wconf 90' lang='lat' dir='ltr'>Altius</span> <span class='ocrx_word' id='word_1_39' title='bbox 403 668 506 730; x_wconf 81' lang='lat' dir='ltr'>egit</span> <span class='ocrx_word' id='word_1_40' title='bbox 528 668 636 722; x_wconf 91' lang='lat' dir='ltr'>iter,</span> <span class='ocrx_word' id='word_1_41' title='bbox 664 666 985 728; x_wconf 77' lang='lat' dir='ltr'>deseruitque</span> <span class='ocrx_word' id='word_1_42' title='bbox 1011 662 1207 713; x_wconf 85' lang='lat' dir='ltr'>ducem.</span> 
     </span>
     <span class='ocr_line' id='line_1_10' title="bbox 150 742 1453 805; baseline 0 -16"><span class='ocrx_word' id='word_1_43' title='bbox 150 744 326 791; x_wconf 90' lang='lat' dir='ltr'>Vincla</span> <span class='ocrx_word' id='word_1_44' title='bbox 349 744 545 800; x_wconf 87' lang='lat' dir='ltr'>labant;</span> <span class='ocrx_word' id='word_1_45' title='bbox 586 750 636 791; x_wconf 91' lang='lat' dir='ltr'>et</span> <span class='ocrx_word' id='word_1_46' title='bbox 660 759 774 790; x_wconf 86' lang='lat' dir='ltr'>cera</span> <span class='ocrx_word' id='word_1_47' title='bbox 801 743 909 789; x_wconf 88' lang='lat' dir='ltr'>Deo</span> <span class='ocrx_word' id='word_1_48' title='bbox 936 742 1165 805; x_wconf 90' lang='lat' dir='ltr'>propiore</span> <span class='ocrx_word' id='word_1_49' title='bbox 1194 742 1453 805; x_wconf 84' lang='lat' dir='ltr'>liquescit:</span> 
     </span>
     <span class='ocr_line' id='line_1_11' title="bbox 218 820 1536 869; baseline -0.002 -1"><span class='ocrx_word' id='word_1_50' title='bbox 218 821 262 867; x_wconf 89' lang='grc' dir='ltr'><strong>Ν</strong></span> <span class='ocrx_word' id='word_1_51' title='bbox 269 838 325 869; x_wconf 90' lang='lat' dir='ltr'>ec</span> <span class='ocrx_word' id='word_1_52' title='bbox 351 828 526 869; x_wconf 87' lang='lat' dir='ltr'>tenues</span> <span class='ocrx_word' id='word_1_53' title='bbox 550 829 723 868; x_wconf 89' lang='lat' dir='ltr'>ventos</span> <span class='ocrx_word' id='word_1_54' title='bbox 753 820 951 868; x_wconf 60' lang='lat' dir='ltr'>brachia</span> <span class='ocrx_word' id='word_1_55' title='bbox 976 826 1111 866; x_wconf 89' lang='lat' dir='ltr'>mota</span> <span class='ocrx_word' id='word_1_56' title='bbox 1135 826 1322 866; x_wconf 88' lang='lat' dir='ltr'>tenent.</span> <span class='ocrx_word' id='word_1_57' title='bbox 1476 823 1536 866; x_wconf 71' lang='lat'>86</span> 
     </span>
     <span class='ocr_line' id='line_1_12' title="bbox 148 897 1378 961; baseline -0.001 -18"><span class='ocrx_word' id='word_1_58' title='bbox 148 897 368 945; x_wconf 80' lang='lat' dir='ltr'>Territus</span> <span class='ocrx_word' id='word_1_59' title='bbox 393 915 420 945; x_wconf 92' lang='lat' dir='ltr'>e</span> <span class='ocrx_word' id='word_1_60' title='bbox 445 915 638 945; x_wconf 88' lang='lat' dir='ltr'>summo</span> <span class='ocrx_word' id='word_1_61' title='bbox 664 898 897 961; x_wconf 83' lang='lat' dir='ltr'>despexit</span> <span class='ocrx_word' id='word_1_62' title='bbox 920 898 968 943; x_wconf 91' lang='lat' dir='ltr'>in</span> <span class='ocrx_word' id='word_1_63' title='bbox 996 913 1198 959; x_wconf 86' lang='lat' dir='ltr'>aequora</span> <span class='ocrx_word' id='word_1_64' title='bbox 1222 897 1346 943; x_wconf 85' lang='lat' dir='ltr'>coelo</span> <span class='ocrx_word' id='word_1_65' title='bbox 1369 914 1378 943; x_wconf 91' lang='lat'><strong>:</strong></span> 
     </span>
     <span class='ocr_line' id='line_1_13' title="bbox 216 975 1246 1039; baseline -0.001 -18"><span class='ocrx_word' id='word_1_66' title='bbox 216 975 332 1021; x_wconf 84' lang='lat' dir='ltr'>Nox</span> <span class='ocrx_word' id='word_1_67' title='bbox 357 976 513 1022; x_wconf 89' lang='lat' dir='ltr'>oculis</span> <span class='ocrx_word' id='word_1_68' title='bbox 535 976 714 1039; x_wconf 88' lang='lat' dir='ltr'>pavido</span> <span class='ocrx_word' id='word_1_69' title='bbox 739 976 872 1023; x_wconf 89' lang='lat' dir='ltr'>venit</span> <span class='ocrx_word' id='word_1_70' title='bbox 895 976 1070 1022; x_wconf 90' lang='lat' dir='ltr'>oborta</span> <span class='ocrx_word' id='word_1_71' title='bbox 1094 981 1246 1020; x_wconf 85' lang='lat' dir='ltr'>metu.</span> 
     </span>
     <span class='ocr_line' id='line_1_14' title="bbox 149 1051 1375 1114; baseline 0 -17"><span class='ocrx_word' id='word_1_72' title='bbox 149 1051 435 1099; x_wconf 82' lang='lat' dir='ltr'>Tabuerant</span> <span class='ocrx_word' id='word_1_73' title='bbox 459 1069 585 1099; x_wconf 83' lang='lat' dir='ltr'>cerae</span> <span class='ocrx_word' id='word_1_74' title='bbox 607 1071 617 1109; x_wconf 89' lang='lat'>;</span> <span class='ocrx_word' id='word_1_75' title='bbox 659 1053 818 1098; x_wconf 87' lang='lat' dir='ltr'>nudos</span> <span class='ocrx_word' id='word_1_76' title='bbox 846 1051 1006 1114; x_wconf 90' lang='lat' dir='ltr'>quatit</span> <span class='ocrx_word' id='word_1_77' title='bbox 1030 1051 1112 1097; x_wconf 91' lang='lat' dir='ltr'>ille</span> <span class='ocrx_word' id='word_1_78' title='bbox 1136 1051 1346 1097; x_wconf 84' lang='lat' dir='ltr'>lacertos</span> <span class='ocrx_word' id='word_1_79' title='bbox 1367 1067 1375 1097; x_wconf 89' lang='lat'><strong>:</strong></span> 
     </span>
    </p>
   </div>
   <div class='ocr_carea' id='block_1_9' title="bbox 217 1128 1366 1193">
    <p class='ocr_par' dir='ltr' id='par_1_9' title="bbox 217 1128 1366 1193">
     <span class='ocr_line' id='line_1_15' title="bbox 217 1128 1366 1193; baseline -0.002 -18"><span class='ocrx_word' id='word_1_80' title='bbox 217 1128 282 1175; x_wconf 92' lang='lat' dir='ltr'>Et</span> <span class='ocrx_word' id='word_1_81' title='bbox 306 1130 548 1193; x_wconf 81' lang='lat' dir='ltr'>trepidat3</span> <span class='ocrx_word' id='word_1_82' title='bbox 590 1145 698 1184; x_wconf 90' lang='lat' dir='ltr'>nec,</span> <span class='ocrx_word' id='word_1_83' title='bbox 727 1146 825 1192; x_wconf 90' lang='lat' dir='ltr'>quo</span> <span class='ocrx_word' id='word_1_84' title='bbox 852 1128 1171 1183; x_wconf 80' lang='lat' dir='ltr'>sustineatur,</span> <span class='ocrx_word' id='word_1_85' title='bbox 1199 1128 1366 1174; x_wconf 90' lang='lat' dir='ltr'>habet.</span> 
     </span>
    </p>
   </div>
   <div class='ocr_carea' id='block_1_10' title="bbox 139 1328 811 2730">
    <p class='ocr_par' dir='ltr' id='par_1_10' title="bbox 139 1328 811 2730">
     <span class='ocr_line' id='line_1_16' title="bbox 153 1328 807 1370; baseline 0.003 -13"><span class='ocrx_word' id='word_1_86' title='bbox 153 1329 246 1358; x_wconf 81' lang='lat' dir='ltr'>misit:</span> <span class='ocrx_word' id='word_1_87' title='bbox 265 1328 343 1359; x_wconf 81' lang='lat' dir='ltr'>alter</span> <span class='ocrx_word' id='word_1_88' title='bbox 354 1328 486 1369; x_wconf 82' lang='lat' dir='ltr'>Regius,</span> <span class='ocrx_word' id='word_1_89' title='bbox 500 1331 638 1360; x_wconf 74' lang='lat' dir='ltr'>remittit.</span> <span class='ocrx_word' id='word_1_90' title='bbox 683 1330 749 1370; x_wconf 82' lang='lat' dir='ltr'>Ego</span> <span class='ocrx_word' id='word_1_91' title='bbox 762 1330 807 1359; x_wconf 80' lang='lat' dir='ltr'>ni-</span> 
     </span>
     <span class='ocr_line' id='line_1_17' title="bbox 150 1376 808 1420; baseline 0.003 -14"><span class='ocrx_word' id='word_1_92' title='bbox 150 1376 193 1407; x_wconf 90' lang='lat' dir='ltr'>hil</span> <span class='ocrx_word' id='word_1_93' title='bbox 204 1382 289 1407; x_wconf 80' lang='lat' dir='ltr'>muto</span> <span class='ocrx_word' id='word_1_94' title='bbox 302 1390 308 1407; x_wconf 88' lang='lat'>:</span> <span class='ocrx_word' id='word_1_95' title='bbox 325 1379 493 1418; x_wconf 76' lang='lat' dir='ltr'>relinquere</span> <span class='ocrx_word' id='word_1_96' title='bbox 504 1379 587 1409; x_wconf 87' lang='lat' dir='ltr'>enim</span> <span class='ocrx_word' id='word_1_97' title='bbox 600 1381 646 1420; x_wconf 75' lang='grc' dir='ltr'>τῷ</span> <span class='ocrx_word' id='word_1_98' title='bbox 657 1381 808 1419; x_wconf 82' lang='lat' dir='ltr'>inceptum</span> 
     </span>
     <span class='ocr_line' id='line_1_18' title="bbox 149 1426 807 1469; baseline 0.005 -13"><span class='ocrx_word' id='word_1_99' title='bbox 149 1426 264 1468; x_wconf 88' lang='lat' dir='ltr'>optime</span> <span class='ocrx_word' id='word_1_100' title='bbox 280 1427 454 1469; x_wconf 87' lang='lat' dir='ltr'>respondet.</span> <span class='ocrx_word' id='word_1_101' title='bbox 474 1428 619 1458; x_wconf 84' lang='lat' dir='ltr'>Donatus</span> <span class='ocrx_word' id='word_1_102' title='bbox 629 1428 668 1458; x_wconf 84' lang='lat' dir='ltr'>ad</span> <span class='ocrx_word' id='word_1_103' title='bbox 684 1427 738 1458; x_wconf 80' lang='lat' dir='ltr'>illa</span> <span class='ocrx_word' id='word_1_104' title='bbox 748 1429 807 1459; x_wconf 88' lang='lat' dir='ltr'>Te-</span> 
     </span>
     <span class='ocr_line' id='line_1_19' title="bbox 151 1475 501 1507; baseline 0.003 -1"><span class='ocrx_word' id='word_1_105' title='bbox 151 1475 241 1506; x_wconf 86' lang='lat' dir='ltr'>rentii</span> <span class='ocrx_word' id='word_1_106' title='bbox 258 1476 359 1507; x_wconf 89' lang='lat' dir='ltr'>Andr.</span> <span class='ocrx_word' id='word_1_107' title='bbox 377 1476 411 1507; x_wconf 90' lang='lat' dir='ltr'>ii.</span> <span class='ocrx_word' id='word_1_108' title='bbox 427 1489 456 1507; x_wconf 91' lang='lat' dir='ltr'>v.</span> <span class='ocrx_word' id='word_1_109' title='bbox 472 1478 501 1507; x_wconf 94' lang='grc'>1.</span> 
     </span>
     <span class='ocr_line' id='line_1_20' title="bbox 194 1525 808 1566; baseline 0 -11"><span class='ocrx_word' id='word_1_110' title='bbox 194 1525 295 1556; x_wconf 78' lang='lat' dir='ltr'>Herus</span> <span class='ocrx_word' id='word_1_111' title='bbox 311 1537 364 1562; x_wconf 83' lang='lat' dir='ltr'>me,</span> <span class='ocrx_word' id='word_1_112' title='bbox 381 1527 494 1557; x_wconf 71' lang='lat' dir='ltr'>relictis</span> <span class='ocrx_word' id='word_1_113' title='bbox 509 1528 701 1566; x_wconf 77' lang='lat' dir='ltr'>rel1us‚jussit</span> <span class='ocrx_word' id='word_1_114' title='bbox 719 1526 808 1555; x_wconf 79' lang='lat' dir='ltr'>Pam-</span> 
     </span>
     <span class='ocr_line' id='line_1_21' title="bbox 233 1575 526 1613; baseline 0.007 -10"><span class='ocrx_word' id='word_1_115' title='bbox 233 1575 349 1613; x_wconf 73' lang='lat' dir='ltr'>philum</span> <span class='ocrx_word' id='word_1_116' title='bbox 363 1577 526 1605; x_wconf 74' lang='lat' dir='ltr'>observare.</span> 
     </span>
     <span class='ocr_line' id='line_1_22' title="bbox 150 1624 808 1666; baseline -0.002 -12"><span class='ocrx_word' id='word_1_117' title='bbox 150 1629 169 1640; x_wconf 88' lang='lat'><strong>“</strong></span> <span class='ocrx_word' id='word_1_118' title='bbox 187 1624 359 1666; x_wconf 85' lang='lat' dir='ltr'>Imponitur</span> <span class='ocrx_word' id='word_1_119' title='bbox 377 1635 487 1655; x_wconf 83' lang='lat' dir='ltr'>manus</span> <span class='ocrx_word' id='word_1_120' title='bbox 507 1625 610 1660; x_wconf 87' lang='lat' dir='ltr'>rebus,</span> <span class='ocrx_word' id='word_1_121' title='bbox 626 1635 723 1665; x_wconf 85' lang='lat' dir='ltr'>quum</span> <span class='ocrx_word' id='word_1_122' title='bbox 741 1635 808 1664; x_wconf 78' lang='lat' dir='ltr'>per-</span> 
     </span>
     <span class='ocr_line' id='line_1_23' title="bbox 139 1673 810 1715; baseline -0.001 -11"><span class='ocrx_word' id='word_1_123' title='bbox 139 1675 252 1714; x_wconf 80' lang='lat' dir='ltr'>ficitur</span> <span class='ocrx_word' id='word_1_124' title='bbox 268 1673 300 1703; x_wconf 89' lang='lat' dir='ltr'>id</span> <span class='ocrx_word' id='word_1_125' title='bbox 317 1673 400 1715; x_wconf 86' lang='lat' dir='ltr'>quod</span> <span class='ocrx_word' id='word_1_126' title='bbox 416 1673 565 1715; x_wconf 82' lang='lat' dir='ltr'>coeperit:</span> <span class='ocrx_word' id='word_1_127' title='bbox 592 1674 810 1714; x_wconf 78' lang='lat' dir='ltr'>relinquuntur</span> 
     </span>
     <span class='ocr_line' id='line_1_24' title="bbox 149 1722 806 1764; baseline 0 -12"><span class='ocrx_word' id='word_1_128' title='bbox 149 1733 220 1753; x_wconf 88' lang='lat' dir='ltr'>vero</span> <span class='ocrx_word' id='word_1_129' title='bbox 233 1733 291 1759; x_wconf 85' lang='lat' dir='ltr'>res,</span> <span class='ocrx_word' id='word_1_130' title='bbox 307 1733 404 1764; x_wconf 88' lang='lat' dir='ltr'>quum</span> <span class='ocrx_word' id='word_1_131' title='bbox 419 1722 607 1764; x_wconf 70' lang='lat' dir='ltr'>imperfectae</span> <span class='ocrx_word' id='word_1_132' title='bbox 625 1722 806 1763; x_wconf 82' lang='lat' dir='ltr'>relinquun-</span> 
     </span>
     <span class='ocr_line' id='line_1_25' title="bbox 151 1771 688 1813; baseline -0.002 -11"><span class='ocrx_word' id='word_1_133' title='bbox 151 1778 199 1802; x_wconf 77' lang='lat' dir='ltr'>tur</span> <span class='ocrx_word' id='word_1_134' title='bbox 211 1772 241 1810; x_wconf 84' lang='lat'>;”</span> <span class='ocrx_word' id='word_1_135' title='bbox 265 1778 300 1803; x_wconf 86' lang='lat' dir='ltr'>ut</span> <span class='ocrx_word' id='word_1_136' title='bbox 314 1771 402 1813; x_wconf 83' lang='lat' dir='ltr'>Virg.</span> <span class='ocrx_word' id='word_1_137' title='bbox 419 1771 463 1802; x_wconf 90' lang='lat' dir='ltr'>iii.</span> <span class='ocrx_word' id='word_1_138' title='bbox 481 1772 596 1812; x_wconf 79' lang='lat' dir='ltr'>Georg.</span> <span class='ocrx_word' id='word_1_139' title='bbox 611 1772 688 1803; x_wconf 88' lang='grc'>519.</span> 
     </span>
     <span class='ocr_line' id='line_1_26' title="bbox 193 1819 807 1862; baseline -0.002 -11"><span class='ocrx_word' id='word_1_140' title='bbox 193 1822 290 1862; x_wconf 82' lang='lat' dir='ltr'>Atque</span> <span class='ocrx_word' id='word_1_141' title='bbox 304 1832 387 1861; x_wconf 78' lang='lat' dir='ltr'>opere</span> <span class='ocrx_word' id='word_1_142' title='bbox 401 1823 434 1852; x_wconf 84' lang='lat' dir='ltr'>in</span> <span class='ocrx_word' id='word_1_143' title='bbox 449 1823 543 1852; x_wconf 82' lang='lat' dir='ltr'>medio</span> <span class='ocrx_word' id='word_1_144' title='bbox 563 1820 659 1861; x_wconf 66' lang='lat' dir='ltr'>defixa</span> <span class='ocrx_word' id='word_1_145' title='bbox 680 1819 807 1861; x_wconf 84' lang='lat' dir='ltr'>reliquit</span> 
     </span>
     <span class='ocr_line' id='line_1_27' title="bbox 234 1868 764 1900; baseline -0.004 0"><span class='ocrx_word' id='word_1_146' title='bbox 234 1876 352 1900; x_wconf 81' lang='lat' dir='ltr'>aratra.</span> <span class='ocrx_word' id='word_1_147' title='bbox 647 1868 764 1898; x_wconf 76' lang='lat' dir='ltr'><strong>AMAR.</strong></span> 
     </span>
     <span class='ocr_line' id='line_1_28' title="bbox 191 1912 809 1953; baseline 0 -10"><span class='ocrx_word' id='word_1_148' title='bbox 191 1914 244 1943; x_wconf 81' lang='lat'>81.</span> <span class='ocrx_word' id='word_1_149' title='bbox 269 1913 385 1943; x_wconf 75' lang='lat' dir='ltr'>Dextra</span> <span class='ocrx_word' id='word_1_150' title='bbox 401 1912 568 1953; x_wconf 75' lang='lat' dir='ltr'>Lebynthos</span> <span class='ocrx_word' id='word_1_151' title='bbox 581 1917 659 1949; x_wconf 79' lang='lat' dir='ltr'>erat,</span> <span class='ocrx_word' id='word_1_152' title='bbox 673 1914 809 1951; x_wconf 77' lang='lat' dir='ltr'>silvisque</span> 
     </span>
     <span class='ocr_line' id='line_1_29' title="bbox 151 1961 807 2002; baseline 0 -11"><span class='ocrx_word' id='word_1_153' title='bbox 151 1963 284 1992; x_wconf 75' lang='lat' dir='ltr'>umbrosa</span> <span class='ocrx_word' id='word_1_154' title='bbox 319 1961 511 2002; x_wconf 52' lang='lat' dir='ltr'>Pachynum]</span> <span class='ocrx_word' id='word_1_155' title='bbox 549 1961 648 1991; x_wconf 86' lang='lat' dir='ltr'>Nulla</span> <span class='ocrx_word' id='word_1_156' title='bbox 676 1971 807 2002; x_wconf 83' lang='lat' dir='ltr'>usquam</span> 
     </span>
     <span class='ocr_line' id='line_1_30' title="bbox 150 2010 807 2051; baseline 0 -11"><span class='ocrx_word' id='word_1_157' title='bbox 150 2010 252 2042; x_wconf 89' lang='lat' dir='ltr'>insula</span> <span class='ocrx_word' id='word_1_158' title='bbox 274 2011 461 2051; x_wconf 53' lang='lat' dir='ltr'>Pachynum</span> <span class='ocrx_word' id='word_1_159' title='bbox 485 2010 557 2041; x_wconf 84' lang='lat' dir='ltr'>ideo</span> <span class='ocrx_word' id='word_1_160' title='bbox 579 2011 728 2051; x_wconf 74' lang='lat' dir='ltr'>Calymna</span> <span class='ocrx_word' id='word_1_161' title='bbox 747 2021 807 2041; x_wconf 92' lang='lat' dir='ltr'>non</span> 
     </span>
     <span class='ocr_line' id='line_1_31' title="bbox 150 2059 807 2101; baseline -0.002 -11"><span class='ocrx_word' id='word_1_162' title='bbox 150 2060 300 2090; x_wconf 82' lang='lat' dir='ltr'>Strabone</span> <span class='ocrx_word' id='word_1_163' title='bbox 316 2060 427 2095; x_wconf 87' lang='lat' dir='ltr'>solum,</span> <span class='ocrx_word' id='word_1_164' title='bbox 439 2059 494 2090; x_wconf 83' lang='lat' dir='ltr'>sed</span> <span class='ocrx_word' id='word_1_165' title='bbox 505 2059 572 2101; x_wconf 88' lang='lat' dir='ltr'>ipso</span> <span class='ocrx_word' id='word_1_166' title='bbox 587 2059 683 2089; x_wconf 82' lang='lat' dir='ltr'>etiam</span> <span class='ocrx_word' id='word_1_167' title='bbox 698 2059 807 2090; x_wconf 88' lang='lat' dir='ltr'>eodem</span> 
     </span>
     <span class='ocr_line' id='line_1_32' title="bbox 151 2108 807 2150; baseline -0.002 -11"><span class='ocrx_word' id='word_1_168' title='bbox 151 2109 266 2140; x_wconf 91' lang='lat' dir='ltr'>Ovidio</span> <span class='ocrx_word' id='word_1_169' title='bbox 282 2109 409 2139; x_wconf 81' lang='lat' dir='ltr'>authore</span> <span class='ocrx_word' id='word_1_170' title='bbox 429 2108 607 2150; x_wconf 87' lang='lat' dir='ltr'>legendum,</span> <span class='ocrx_word' id='word_1_171' title='bbox 624 2108 677 2150; x_wconf 90' lang='lat' dir='ltr'>qui</span> <span class='ocrx_word' id='word_1_172' title='bbox 696 2113 807 2139; x_wconf 83' lang='lat' dir='ltr'>octavo</span> 
     </span>
     <span class='ocr_line' id='line_1_33' title="bbox 151 2157 807 2188; baseline -0.002 0"><span class='ocrx_word' id='word_1_173' title='bbox 151 2159 318 2188; x_wconf 83' lang='lat' dir='ltr'>Metamor.</span> <span class='ocrx_word' id='word_1_174' title='bbox 339 2157 378 2188; x_wconf 87' lang='lat' dir='ltr'>de</span> <span class='ocrx_word' id='word_1_175' title='bbox 398 2157 508 2188; x_wconf 88' lang='lat' dir='ltr'>eodem</span> <span class='ocrx_word' id='word_1_176' title='bbox 533 2158 621 2188; x_wconf 82' lang='lat' dir='ltr'>Icaro</span> <span class='ocrx_word' id='word_1_177' title='bbox 643 2158 738 2188; x_wconf 83' lang='lat' dir='ltr'>verba</span> <span class='ocrx_word' id='word_1_178' title='bbox 761 2158 807 2187; x_wconf 79' lang='lat' dir='ltr'>fa-</span> 
     </span>
     <span class='ocr_line' id='line_1_34' title="bbox 150 2206 807 2243; baseline -0.002 -5"><span class='ocrx_word' id='word_1_179' title='bbox 150 2208 236 2238; x_wconf 87' lang='lat' dir='ltr'>ciens</span> <span class='ocrx_word' id='word_1_180' title='bbox 253 2218 324 2238; x_wconf 92' lang='lat' dir='ltr'>cum</span> <span class='ocrx_word' id='word_1_181' title='bbox 342 2207 412 2238; x_wconf 84' lang='lat' dir='ltr'>aliis</span> <span class='ocrx_word' id='word_1_182' title='bbox 429 2207 587 2237; x_wconf 82' lang='lat' dir='ltr'>nonnullis</span> <span class='ocrx_word' id='word_1_183' title='bbox 605 2206 807 2243; x_wconf 84' lang='lat' dir='ltr'>carminibus,</span> 
     </span>
     <span class='ocr_line' id='line_1_35' title="bbox 151 2256 808 2298; baseline -0.002 -11"><span class='ocrx_word' id='word_1_184' title='bbox 151 2257 264 2298; x_wconf 91' lang='lat' dir='ltr'>quibus</span> <span class='ocrx_word' id='word_1_185' title='bbox 282 2256 333 2287; x_wconf 92' lang='lat' dir='ltr'>hic</span> <span class='ocrx_word' id='word_1_186' title='bbox 351 2256 459 2293; x_wconf 86' lang='lat' dir='ltr'>utitur,</span> <span class='ocrx_word' id='word_1_187' title='bbox 481 2262 547 2287; x_wconf 90' lang='lat' dir='ltr'>tum</span> <span class='ocrx_word' id='word_1_188' title='bbox 569 2256 626 2287; x_wconf 87' lang='lat' dir='ltr'>hoc</span> <span class='ocrx_word' id='word_1_189' title='bbox 646 2266 742 2298; x_wconf 88' lang='lat' dir='ltr'>prope</span> <span class='ocrx_word' id='word_1_190' title='bbox 762 2262 808 2287; x_wconf 83' lang='lat' dir='ltr'>to-</span> 
     </span>
     <span class='ocr_line' id='line_1_36' title="bbox 151 2305 346 2337; baseline 0 -1"><span class='ocrx_word' id='word_1_191' title='bbox 151 2311 216 2336; x_wconf 81' lang='lat' dir='ltr'>tum</span> <span class='ocrx_word' id='word_1_192' title='bbox 232 2305 327 2337; x_wconf 87' lang='lat' dir='ltr'>sumit</span> <span class='ocrx_word' id='word_1_193' title='bbox 340 2318 346 2336; x_wconf 79' lang='lat' dir='ltr'><strong><em>z</em></strong></span> 
     </span>
     <span class='ocr_line' id='line_1_37' title="bbox 196 2354 811 2396; baseline 0.002 -12"><span class='ocrx_word' id='word_1_194' title='bbox 196 2355 312 2385; x_wconf 77' lang='lat' dir='ltr'>Dextra</span> <span class='ocrx_word' id='word_1_195' title='bbox 335 2355 503 2396; x_wconf 74' lang='lat' dir='ltr'>Lebynthos</span> <span class='ocrx_word' id='word_1_196' title='bbox 521 2354 811 2396; x_wconf 80' lang='lat' dir='ltr'>erat,foecundaque</span> 
     </span>
     <span class='ocr_line' id='line_1_38' title="bbox 235 2403 768 2444; baseline 0 -10"><span class='ocrx_word' id='word_1_197' title='bbox 235 2405 320 2434; x_wconf 86' lang='lat' dir='ltr'>melle</span> <span class='ocrx_word' id='word_1_198' title='bbox 331 2403 490 2444; x_wconf 74' lang='lat' dir='ltr'>Calymna.</span> <span class='ocrx_word' id='word_1_199' title='bbox 556 2404 768 2434; x_wconf 73' lang='lat' dir='ltr'>NAUGERlus.</span> 
     </span>
     <span class='ocr_line' id='line_1_39' title="bbox 152 2452 805 2494; baseline 0 -11"><span class='ocrx_word' id='word_1_200' title='bbox 152 2454 211 2483; x_wconf 91' lang='lat' dir='ltr'>Pro</span> <span class='ocrx_word' id='word_1_201' title='bbox 234 2453 374 2493; x_wconf 80' lang='lat' dir='ltr'>Calydna</span> <span class='ocrx_word' id='word_1_202' title='bbox 388 2452 509 2494; x_wconf 83' lang='lat' dir='ltr'>Regius</span> <span class='ocrx_word' id='word_1_203' title='bbox 532 2452 725 2489; x_wconf 85' lang='lat' dir='ltr'>veterrimus,</span> <span class='ocrx_word' id='word_1_204' title='bbox 742 2454 805 2483; x_wconf 89' lang='grc' dir='ltr'>Ρα-</span> 
     </span>
     <span class='ocr_line' id='line_1_40' title="bbox 151 2502 808 2544; baseline -0.002 -11"><span class='ocrx_word' id='word_1_205' title='bbox 151 2504 272 2533; x_wconf 77' lang='lat' dir='ltr'>lismne:</span> <span class='ocrx_word' id='word_1_206' title='bbox 304 2502 403 2544; x_wconf 85' lang='lat' dir='ltr'>prima</span> <span class='ocrx_word' id='word_1_207' title='bbox 431 2502 526 2533; x_wconf 80' lang='lat' dir='ltr'>editio</span> <span class='ocrx_word' id='word_1_208' title='bbox 552 2512 624 2533; x_wconf 89' lang='lat' dir='ltr'>cum</span> <span class='ocrx_word' id='word_1_209' title='bbox 650 2502 808 2533; x_wconf 88' lang='lat' dir='ltr'>nonnullis</span> 
     </span>
     <span class='ocr_line' id='line_1_41' title="bbox 149 2551 806 2592; baseline 0.002 -11"><span class='ocrx_word' id='word_1_210' title='bbox 149 2551 283 2592; x_wconf 87' lang='lat' dir='ltr'>scriptis,</span> <span class='ocrx_word' id='word_1_211' title='bbox 301 2552 457 2592; x_wconf 79' lang='lat' dir='ltr'>Palymne.</span> <span class='ocrx_word' id='word_1_212' title='bbox 471 2552 562 2582; x_wconf 89' lang='lat' dir='ltr'>Forte</span> <span class='ocrx_word' id='word_1_213' title='bbox 576 2561 630 2592; x_wconf 87' lang='lat' dir='ltr'>pro</span> <span class='ocrx_word' id='word_1_214' title='bbox 645 2551 806 2591; x_wconf 71' lang='lat' dir='ltr'>Calymne:</span> 
     </span>
     <span class='ocr_line' id='line_1_42' title="bbox 150 2599 807 2641; baseline 0.002 -11"><span class='ocrx_word' id='word_1_215' title='bbox 150 2605 214 2630; x_wconf 84' lang='lat' dir='ltr'>tam</span> <span class='ocrx_word' id='word_1_216' title='bbox 225 2600 308 2631; x_wconf 87' lang='lat' dir='ltr'>enim</span> <span class='ocrx_word' id='word_1_217' title='bbox 318 2599 515 2641; x_wconf 85' lang='lat' dir='ltr'>Calymnam‚</span> <span class='ocrx_word' id='word_1_218' title='bbox 525 2609 619 2641; x_wconf 86' lang='lat' dir='ltr'>quam</span> <span class='ocrx_word' id='word_1_219' title='bbox 630 2599 807 2641; x_wconf 82' lang='lat' dir='ltr'>Calydnam</span> 
     </span>
     <span class='ocr_line' id='line_1_43' title="bbox 150 2648 806 2690; baseline 0 -10"><span class='ocrx_word' id='word_1_220' title='bbox 150 2649 230 2680; x_wconf 89' lang='lat' dir='ltr'>inter</span> <span class='ocrx_word' id='word_1_221' title='bbox 242 2648 359 2679; x_wconf 82' lang='lat' dir='ltr'>insulas</span> <span class='ocrx_word' id='word_1_222' title='bbox 370 2654 510 2680; x_wconf 84' lang='lat' dir='ltr'>recenset</span> <span class='ocrx_word' id='word_1_223' title='bbox 520 2649 706 2690; x_wconf 83' lang='lat' dir='ltr'>Stephanus.</span> <span class='ocrx_word' id='word_1_224' title='bbox 731 2649 806 2680; x_wconf 87' lang='lat' dir='ltr'>Cer-</span> 
     </span>
     <span class='ocr_line' id='line_1_44' title="bbox 151 2699 426 2730; baseline 0 0"><span class='ocrx_word' id='word_1_225' title='bbox 151 2704 181 2730; x_wconf 82' lang='lat' dir='ltr'>te</span> <span class='ocrx_word' id='word_1_226' title='bbox 196 2699 254 2730; x_wconf 79' lang='lat' dir='ltr'>lib.</span> <span class='ocrx_word' id='word_1_227' title='bbox 267 2699 331 2730; x_wconf 86' lang='lat' dir='ltr'>viii.</span> <span class='ocrx_word' id='word_1_228' title='bbox 342 2699 426 2730; x_wconf 82' lang='lat' dir='ltr'>Met.</span> 
     </span>
    </p>
   </div>
   <div class='ocr_carea' id='block_1_11' title="bbox 1475 1129 1538 1172">
    <p class='ocr_par' dir='ltr' id='par_1_11' title="bbox 1475 1129 1538 1172">
     <span class='ocr_line' id='line_1_45' title="bbox 1475 1129 1538 1172; baseline 0 0"><span class='ocrx_word' id='word_1_229' title='bbox 1475 1129 1538 1172; x_wconf 81' lang='lat'>90</span> 
     </span>
    </p>
   </div>
   <div class='ocr_carea' id='block_1_12' title="bbox 873 1325 1540 2786">
    <p class='ocr_par' dir='ltr' id='par_1_12' title="bbox 873 1325 1540 2786">
     <span class='ocr_line' id='line_1_46' title="bbox 922 1325 1538 1367; baseline -0.006 -9"><span class='ocrx_word' id='word_1_230' title='bbox 922 1329 1038 1358; x_wconf 60' lang='grc' dir='ltr'>Μαι-ἱνα</span> <span class='ocrx_word' id='word_1_231' title='bbox 1061 1327 1220 1357; x_wconf 79' lang='lat' dir='ltr'>Lebinthos</span> <span class='ocrx_word' id='word_1_232' title='bbox 1242 1332 1317 1361; x_wconf 74' lang='lat' dir='ltr'>erut,</span> <span class='ocrx_word' id='word_1_233' title='bbox 1331 1325 1538 1367; x_wconf 56' lang='lat' dir='ltr'>jucundaque</span> 
     </span>
     <span class='ocr_line' id='line_1_47' title="bbox 1005 1376 1270 1416; baseline -0.008 -10"><span class='ocrx_word' id='word_1_234' title='bbox 1005 1378 1091 1407; x_wconf 79' lang='lat' dir='ltr'>melle</span> <span class='ocrx_word' id='word_1_235' title='bbox 1107 1376 1270 1416; x_wconf 69' lang='lat' dir='ltr'>Calymne.</span> 
     </span>
     <span class='ocr_line' id='line_1_48' title="bbox 878 1421 1539 1459; baseline -0.005 -3"><span class='ocrx_word' id='word_1_236' title='bbox 878 1426 1024 1456; x_wconf 83' lang='lat' dir='ltr'>Occurrit</span> <span class='ocrx_word' id='word_1_237' title='bbox 1033 1425 1064 1455; x_wconf 89' lang='lat' dir='ltr'>in</span> <span class='ocrx_word' id='word_1_238' title='bbox 1075 1425 1186 1455; x_wconf 89' lang='lat' dir='ltr'>eadem</span> <span class='ocrx_word' id='word_1_239' title='bbox 1195 1424 1254 1454; x_wconf 87' lang='lat' dir='ltr'>hac</span> <span class='ocrx_word' id='word_1_240' title='bbox 1265 1421 1452 1459; x_wconf 79' lang='lat' dir='ltr'>narratione,</span> <span class='ocrx_word' id='word_1_241' title='bbox 1462 1422 1539 1459; x_wconf 89' lang='lat' dir='ltr'>sive,</span> 
     </span>
     <span class='ocr_line' id='line_1_49' title="bbox 879 1472 1539 1515; baseline -0.006 -10"><span class='ocrx_word' id='word_1_242' title='bbox 879 1476 1034 1515; x_wconf 68' lang='lat' dir='ltr'>Calymne,</span> <span class='ocrx_word' id='word_1_243' title='bbox 1058 1480 1091 1504; x_wconf 83' lang='lat' dir='ltr'>ut</span> <span class='ocrx_word' id='word_1_244' title='bbox 1108 1473 1177 1504; x_wconf 88' lang='lat' dir='ltr'>libri</span> <span class='ocrx_word' id='word_1_245' title='bbox 1198 1472 1340 1503; x_wconf 86' lang='lat' dir='ltr'>meliores</span> <span class='ocrx_word' id='word_1_246' title='bbox 1365 1478 1539 1512; x_wconf 81' lang='lat' dir='ltr'>agnoscunt</span> 
     </span>
     <span class='ocr_line' id='line_1_50' title="bbox 877 1521 1538 1563; baseline -0.005 -9"><span class='ocrx_word' id='word_1_247' title='bbox 877 1529 1065 1558; x_wconf 81' lang='lat' dir='ltr'>constanter,</span> <span class='ocrx_word' id='word_1_248' title='bbox 1081 1522 1139 1553; x_wconf 87' lang='lat' dir='ltr'>nisi</span> <span class='ocrx_word' id='word_1_249' title='bbox 1159 1522 1241 1563; x_wconf 86' lang='lat' dir='ltr'>quod</span> <span class='ocrx_word' id='word_1_250' title='bbox 1266 1522 1403 1561; x_wconf 68' lang='lat' dir='ltr'>Calydna</span> <span class='ocrx_word' id='word_1_251' title='bbox 1426 1521 1457 1550; x_wconf 92' lang='lat' dir='ltr'>in</span> <span class='ocrx_word' id='word_1_252' title='bbox 1476 1532 1538 1552; x_wconf 88' lang='lat' dir='ltr'>uno</span> 
     </span>
     <span class='ocr_line' id='line_1_51' title="bbox 879 1570 1540 1613; baseline -0.003 -10"><span class='ocrx_word' id='word_1_253' title='bbox 879 1573 980 1613; x_wconf 80' lang='lat' dir='ltr'>Regio</span> <span class='ocrx_word' id='word_1_254' title='bbox 1000 1572 1063 1603; x_wconf 87' lang='lat' dir='ltr'>illic</span> <span class='ocrx_word' id='word_1_255' title='bbox 1089 1572 1227 1602; x_wconf 84' lang='lat' dir='ltr'>offendi:</span> <span class='ocrx_word' id='word_1_256' title='bbox 1255 1570 1319 1606; x_wconf 87' lang='lat' dir='ltr'>alii,</span> <span class='ocrx_word' id='word_1_257' title='bbox 1349 1571 1487 1611; x_wconf 75' lang='lat' dir='ltr'>Calynne</span> <span class='ocrx_word' id='word_1_258' title='bbox 1509 1577 1540 1601; x_wconf 84' lang='lat' dir='ltr'>et</span> 
     </span>
     <span class='ocr_line' id='line_1_52' title="bbox 879 1621 1538 1664; baseline -0.008 -10"><span class='ocrx_word' id='word_1_259' title='bbox 879 1624 1012 1663; x_wconf 66' lang='lat' dir='ltr'>Culyne:</span> <span class='ocrx_word' id='word_1_260' title='bbox 1037 1622 1119 1664; x_wconf 83' lang='lat' dir='ltr'>apud</span> <span class='ocrx_word' id='word_1_261' title='bbox 1134 1622 1318 1652; x_wconf 81' lang='lat' dir='ltr'>Strabonem</span> <span class='ocrx_word' id='word_1_262' title='bbox 1339 1630 1464 1661; x_wconf 88' lang='lat' dir='ltr'>quoque</span> <span class='ocrx_word' id='word_1_263' title='bbox 1480 1621 1538 1650; x_wconf 85' lang='lat' dir='ltr'>sub</span> 
     </span>
     <span class='ocr_line' id='line_1_53' title="bbox 877 1668 1538 1704; baseline -0.005 -2"><span class='ocrx_word' id='word_1_264' title='bbox 877 1673 969 1703; x_wconf 80' lang='lat' dir='ltr'>finem</span> <span class='ocrx_word' id='word_1_265' title='bbox 984 1672 1041 1701; x_wconf 90' lang='lat' dir='ltr'>lib.</span> <span class='ocrx_word' id='word_1_266' title='bbox 1056 1683 1088 1701; x_wconf 87' lang='lat' dir='ltr'>x.</span> <span class='ocrx_word' id='word_1_267' title='bbox 1102 1682 1164 1701; x_wconf 90' lang='lat' dir='ltr'>non</span> <span class='ocrx_word' id='word_1_268' title='bbox 1177 1676 1320 1701; x_wconf 86' lang='lat' dir='ltr'>constant</span> <span class='ocrx_word' id='word_1_269' title='bbox 1332 1669 1389 1699; x_wconf 84' lang='lat' dir='ltr'>sibi</span> <span class='ocrx_word' id='word_1_270' title='bbox 1404 1668 1538 1704; x_wconf 86' lang='lat' dir='ltr'>codices,</span> 
     </span>
     <span class='ocr_line' id='line_1_54' title="bbox 876 1718 1537 1763; baseline -0.006 -12"><span class='ocrx_word' id='word_1_271' title='bbox 876 1721 930 1763; x_wconf 88' lang='lat' dir='ltr'>qui</span> <span class='ocrx_word' id='word_1_272' title='bbox 944 1721 1034 1751; x_wconf 83' lang='lat' dir='ltr'>niodo</span> <span class='ocrx_word' id='word_1_273' title='bbox 1049 1720 1141 1756; x_wconf 85' lang='lat' dir='ltr'>hanc,</span> <span class='ocrx_word' id='word_1_274' title='bbox 1158 1719 1249 1749; x_wconf 87' lang='lat' dir='ltr'>modo</span> <span class='ocrx_word' id='word_1_275' title='bbox 1270 1719 1357 1748; x_wconf 86' lang='lat' dir='ltr'>illam</span> <span class='ocrx_word' id='word_1_276' title='bbox 1372 1718 1537 1748; x_wconf 82' lang='lat' dir='ltr'>lectionem</span> 
     </span>
     <span class='ocr_line' id='line_1_55' title="bbox 876 1767 1537 1812; baseline -0.008 -11"><span class='ocrx_word' id='word_1_277' title='bbox 876 1774 1062 1812; x_wconf 80' lang='lat' dir='ltr'>agnoscunt.</span> <span class='ocrx_word' id='word_1_278' title='bbox 1109 1770 1159 1799; x_wconf 86' lang='lat' dir='ltr'>De</span> <span class='ocrx_word' id='word_1_279' title='bbox 1179 1769 1273 1798; x_wconf 87' lang='lat' dir='ltr'>melle</span> <span class='ocrx_word' id='word_1_280' title='bbox 1289 1774 1393 1798; x_wconf 80' lang='lat' dir='ltr'>tamen</span> <span class='ocrx_word' id='word_1_281' title='bbox 1409 1767 1537 1807; x_wconf 76' lang='lat' dir='ltr'>Calym-</span> 
     </span>
     <span class='ocr_line' id='line_1_56' title="bbox 877 1816 1538 1852; baseline -0.008 -1"><span class='ocrx_word' id='word_1_282' title='bbox 877 1820 927 1851; x_wconf 92' lang='lat' dir='ltr'>nio</span> <span class='ocrx_word' id='word_1_283' title='bbox 951 1818 1118 1850; x_wconf 88' lang='lat' dir='ltr'>subscribit</span> <span class='ocrx_word' id='word_1_284' title='bbox 1143 1816 1308 1848; x_wconf 84' lang='lat' dir='ltr'>Ovidianae</span> <span class='ocrx_word' id='word_1_285' title='bbox 1339 1816 1479 1852; x_wconf 88' lang='lat' dir='ltr'>lectioni,</span> <span class='ocrx_word' id='word_1_286' title='bbox 1506 1816 1538 1847; x_wconf 89' lang='lat' dir='ltr'>in</span> 
     </span>
     <span class='ocr_line' id='line_1_57' title="bbox 876 1865 1535 1909; baseline -0.005 -10"><span class='ocrx_word' id='word_1_287' title='bbox 876 1867 1089 1909; x_wconf 85' lang='lat' dir='ltr'>Metamorph.</span> <span class='ocrx_word' id='word_1_288' title='bbox 1111 1867 1229 1898; x_wconf 69' lang='lat' dir='ltr'>‘&#39;An-av</span> <span class='ocrx_word' id='word_1_289' title='bbox 1249 1866 1309 1907; x_wconf 80' lang='grc' dir='ltr'>μὲν</span> <span class='ocrx_word' id='word_1_290' title='bbox 1328 1865 1386 1897; x_wconf 84' lang='grc' dir='ltr'>οὖν</span> <span class='ocrx_word' id='word_1_291' title='bbox 1411 1866 1448 1896; x_wconf 85' lang='grc' dir='ltr'>τὸ</span> <span class='ocrx_word' id='word_1_292' title='bbox 1476 1877 1535 1904; x_wconf 85' lang='grc' dir='ltr'>νη-</span> 
     </span>
     <span class='ocr_line' id='line_1_58' title="bbox 875 1914 1538 1958; baseline -0.003 -10"><span class='ocrx_word' id='word_1_293' title='bbox 875 1917 1017 1949; x_wconf 82' lang='grc' dir='ltr'>σιοτικόν</span> <span class='ocrx_word' id='word_1_294' title='bbox 1039 1916 1120 1958; x_wconf 72' lang='grc' dir='ltr'>μέλι,</span> <span class='ocrx_word' id='word_1_295' title='bbox 1143 1916 1185 1953; x_wconf 82' lang='grc' dir='ltr'>ὡς</span> <span class='ocrx_word' id='word_1_296' title='bbox 1204 1916 1385 1947; x_wconf 75' lang='grc' dir='ltr'>ἐπιτοπολὺ</span> <span class='ocrx_word' id='word_1_297' title='bbox 1405 1914 1538 1946; x_wconf 77' lang='grc' dir='ltr'>ἀστεῖόν</span> 
     </span>
     <span class='ocr_line' id='line_1_59' title="bbox 875 1963 1537 2007; baseline -0.006 -10"><span class='ocrx_word' id='word_1_298' title='bbox 875 1966 950 2002; x_wconf 79' lang='grc' dir='ltr'>ἐστι,</span> <span class='ocrx_word' id='word_1_299' title='bbox 973 1966 1026 1996; x_wconf 85' lang='grc' dir='ltr'>καὶ</span> <span class='ocrx_word' id='word_1_300' title='bbox 1052 1965 1228 2007; x_wconf 75' lang='grc' dir='ltr'>ἐνάμιλλον</span> <span class='ocrx_word' id='word_1_301' title='bbox 1253 1965 1300 2005; x_wconf 72' lang='grc' dir='ltr'>τῷ</span> <span class='ocrx_word' id='word_1_302' title='bbox 1325 1963 1472 2004; x_wconf 73' lang='grc' dir='ltr'>Ἀττικῷ.</span> <span class='ocrx_word' id='word_1_303' title='bbox 1500 1966 1537 1994; x_wconf 77' lang='grc' dir='ltr'>τὸ</span> 
     </span>
     <span class='ocr_line' id='line_1_60' title="bbox 876 2012 1537 2054; baseline -0.006 -8"><span class='ocrx_word' id='word_1_304' title='bbox 876 2014 908 2046; x_wconf 80' lang='grc' dir='ltr'>δὲ</span> <span class='ocrx_word' id='word_1_305' title='bbox 930 2016 964 2047; x_wconf 76' lang='grc' dir='ltr'>ἐν</span> <span class='ocrx_word' id='word_1_306' title='bbox 984 2016 1058 2052; x_wconf 81' lang='grc' dir='ltr'>ταῖς</span> <span class='ocrx_word' id='word_1_307' title='bbox 1075 2014 1202 2052; x_wconf 72' lang='grc' dir='ltr'>νήσοις,</span> <span class='ocrx_word' id='word_1_308' title='bbox 1227 2012 1453 2054; x_wconf 77' lang='grc' dir='ltr'>διαφερόντως·</span> <span class='ocrx_word' id='word_1_309' title='bbox 1478 2013 1537 2054; x_wconf 79' lang='grc' dir='ltr'>μά-</span> 
     </span>
     <span class='ocr_line' id='line_1_61' title="bbox 875 2061 1537 2105; baseline -0.006 -9"><span class='ocrx_word' id='word_1_310' title='bbox 875 2065 971 2096; x_wconf 87' lang='grc' dir='ltr'>λιστα</span> <span class='ocrx_word' id='word_1_311' title='bbox 987 2063 1017 2095; x_wconf 77' lang='grc' dir='ltr'>δὲ</span> <span class='ocrx_word' id='word_1_312' title='bbox 1038 2065 1076 2096; x_wconf 80' lang='grc' dir='ltr'>τὸ</span> <span class='ocrx_word' id='word_1_313' title='bbox 1096 2063 1300 2105; x_wconf 79' lang='grc' dir='ltr'>Καλὺμνιον.</span> <span class='ocrx_word' id='word_1_314' title='bbox 1344 2062 1388 2092; x_wconf 67' lang='lat' dir='ltr'>At</span> <span class='ocrx_word' id='word_1_315' title='bbox 1405 2061 1537 2098; x_wconf 89' lang='lat' dir='ltr'>Plinius,</span> 
     </span>
     <span class='ocr_line' id='line_1_62' title="bbox 873 2111 1537 2155; baseline -0.005 -10"><span class='ocrx_word' id='word_1_316' title='bbox 873 2114 953 2145; x_wconf 87' lang='lat' dir='ltr'>libro</span> <span class='ocrx_word' id='word_1_317' title='bbox 968 2113 1012 2144; x_wconf 87' lang='lat' dir='ltr'>xi.</span> <span class='ocrx_word' id='word_1_318' title='bbox 1026 2124 1097 2155; x_wconf 85' lang='lat' dir='ltr'>cap.</span> <span class='ocrx_word' id='word_1_319' title='bbox 1117 2114 1170 2143; x_wconf 88' lang='lat'>13.</span> <span class='ocrx_word' id='word_1_320' title='bbox 1193 2113 1231 2143; x_wconf 85' lang='lat' dir='ltr'>de</span> <span class='ocrx_word' id='word_1_321' title='bbox 1249 2112 1362 2143; x_wconf 87' lang='lat' dir='ltr'>melle:</span> <span class='ocrx_word' id='word_1_322' title='bbox 1389 2116 1407 2128; x_wconf 90' lang='lat'><strong>“</strong></span> <span class='ocrx_word' id='word_1_323' title='bbox 1419 2111 1468 2142; x_wconf 88' lang='lat' dir='ltr'>Ibi</span> <span class='ocrx_word' id='word_1_324' title='bbox 1483 2122 1537 2153; x_wconf 94' lang='lat' dir='ltr'>op-</span> 
     </span>
     <span class='ocr_line' id='line_1_63' title="bbox 875 2160 1534 2203; baseline -0.005 -10"><span class='ocrx_word' id='word_1_325' title='bbox 875 2162 985 2193; x_wconf 83' lang='lat' dir='ltr'>timum</span> <span class='ocrx_word' id='word_1_326' title='bbox 1000 2172 1133 2203; x_wconf 82' lang='lat' dir='ltr'>semper,</span> <span class='ocrx_word' id='word_1_327' title='bbox 1150 2161 1203 2192; x_wconf 92' lang='lat' dir='ltr'>ubi</span> <span class='ocrx_word' id='word_1_328' title='bbox 1215 2161 1401 2203; x_wconf 85' lang='lat' dir='ltr'>optimorum</span> <span class='ocrx_word' id='word_1_329' title='bbox 1417 2160 1534 2191; x_wconf 87' lang='lat' dir='ltr'>calicu-</span> 
     </span>
     <span class='ocr_line' id='line_1_64' title="bbox 875 2210 1537 2250; baseline -0.002 -8"><span class='ocrx_word' id='word_1_330' title='bbox 875 2211 914 2242; x_wconf 85' lang='lat' dir='ltr'>lis</span> <span class='ocrx_word' id='word_1_331' title='bbox 934 2212 1044 2242; x_wconf 89' lang='lat' dir='ltr'>fiorum</span> <span class='ocrx_word' id='word_1_332' title='bbox 1064 2211 1219 2242; x_wconf 84' lang='lat' dir='ltr'>conditur.</span> <span class='ocrx_word' id='word_1_333' title='bbox 1266 2210 1382 2240; x_wconf 82' lang='lat' dir='ltr'>Atticae</span> <span class='ocrx_word' id='word_1_334' title='bbox 1404 2210 1537 2250; x_wconf 81' lang='lat' dir='ltr'>regionis</span> 
     </span>
     <span class='ocr_line' id='line_1_65' title="bbox 877 2259 1536 2301; baseline -0.003 -11"><span class='ocrx_word' id='word_1_335' title='bbox 877 2261 927 2292; x_wconf 90' lang='lat' dir='ltr'>hic</span> <span class='ocrx_word' id='word_1_336' title='bbox 949 2265 982 2292; x_wconf 87' lang='lat' dir='ltr'>et</span> <span class='ocrx_word' id='word_1_337' title='bbox 1002 2260 1115 2291; x_wconf 86' lang='lat' dir='ltr'>Siculae</span> <span class='ocrx_word' id='word_1_338' title='bbox 1136 2260 1290 2301; x_wconf 83' lang='lat' dir='ltr'>Hymetto</span> <span class='ocrx_word' id='word_1_339' title='bbox 1311 2265 1343 2289; x_wconf 87' lang='lat' dir='ltr'>et</span> <span class='ocrx_word' id='word_1_340' title='bbox 1369 2259 1477 2300; x_wconf 86' lang='lat' dir='ltr'>Hybla</span> <span class='ocrx_word' id='word_1_341' title='bbox 1497 2260 1536 2289; x_wconf 84' lang='lat' dir='ltr'>ab</span> 
     </span>
     <span class='ocr_line' id='line_1_66' title="bbox 878 2308 1536 2350; baseline -0.002 -10"><span class='ocrx_word' id='word_1_342' title='bbox 878 2310 964 2346; x_wconf 87' lang='lat' dir='ltr'>locis,</span> <span class='ocrx_word' id='word_1_343' title='bbox 982 2320 1053 2340; x_wconf 78' lang='lat' dir='ltr'>mox</span> <span class='ocrx_word' id='word_1_344' title='bbox 1073 2309 1219 2350; x_wconf 89' lang='lat' dir='ltr'>Calydna</span> <span class='ocrx_word' id='word_1_345' title='bbox 1236 2308 1376 2338; x_wconf 88' lang='lat' dir='ltr'>insula.&#39;’</span> <span class='ocrx_word' id='word_1_346' title='bbox 1423 2309 1536 2339; x_wconf 78' lang='lat' dir='ltr'>Eusta-</span> 
     </span>
     <span class='ocr_line' id='line_1_67' title="bbox 877 2357 1534 2395; baseline 0 -6"><span class='ocrx_word' id='word_1_347' title='bbox 877 2359 961 2390; x_wconf 85' lang='lat' dir='ltr'>thius</span> <span class='ocrx_word' id='word_1_348' title='bbox 981 2359 1021 2389; x_wconf 91' lang='lat' dir='ltr'>ad</span> <span class='ocrx_word' id='word_1_349' title='bbox 1045 2358 1100 2389; x_wconf 85' lang='lat' dir='ltr'>illa</span> <span class='ocrx_word' id='word_1_350' title='bbox 1121 2358 1248 2389; x_wconf 83' lang='lat' dir='ltr'>Homeri</span> <span class='ocrx_word' id='word_1_351' title='bbox 1265 2358 1304 2388; x_wconf 87' lang='lat'>11.</span> <span class='ocrx_word' id='word_1_352' title='bbox 1321 2361 1357 2388; x_wconf 91' lang='lat' dir='ltr'>B.</span> <span class='ocrx_word' id='word_1_353' title='bbox 1377 2358 1450 2387; x_wconf 82' lang='lat'>184.</span> <span class='ocrx_word' id='word_1_354' title='bbox 1478 2357 1534 2395; x_wconf 85' lang='grc' dir='ltr'>νή-</span> 
     </span>
     <span class='ocr_line' id='line_1_68' title="bbox 877 2406 1536 2445; baseline -0.003 -6"><span class='ocrx_word' id='word_1_355' title='bbox 877 2419 953 2445; x_wconf 83' lang='grc' dir='ltr'><strong><em>σους</em></strong></span> <span class='ocrx_word' id='word_1_356' title='bbox 965 2420 997 2439; x_wconf 80' lang='grc' dir='ltr'>τε</span> <span class='ocrx_word' id='word_1_357' title='bbox 1010 2406 1202 2444; x_wconf 81' lang='grc' dir='ltr'>Καλύδνας,</span> <span class='ocrx_word' id='word_1_358' title='bbox 1214 2407 1294 2437; x_wconf 89' lang='lat' dir='ltr'>inter</span> <span class='ocrx_word' id='word_1_359' title='bbox 1307 2406 1379 2442; x_wconf 85' lang='lat' dir='ltr'>alia,</span> <span class='ocrx_word' id='word_1_360' title='bbox 1393 2409 1490 2444; x_wconf 84' lang='grc' dir='ltr'>νῆσοι</span> <span class='ocrx_word' id='word_1_361' title='bbox 1504 2407 1536 2438; x_wconf 82' lang='grc' dir='ltr'>αἱ</span> 
     </span>
     <span class='ocr_line' id='line_1_69' title="bbox 876 2454 1535 2498; baseline -0.003 -11"><span class='ocrx_word' id='word_1_362' title='bbox 876 2456 1047 2488; x_wconf 75' lang='grc' dir='ltr'>Καλύδναι</span> <span class='ocrx_word' id='word_1_363' title='bbox 1063 2456 1155 2492; x_wconf 79' lang='grc' dir='ltr'>εἰσὶν,</span> <span class='ocrx_word' id='word_1_364' title='bbox 1175 2457 1214 2493; x_wconf 83' lang='grc' dir='ltr'>ἂς</span> <span class='ocrx_word' id='word_1_365' title='bbox 1233 2455 1332 2497; x_wconf 76' lang='grc' dir='ltr'>ἕτεροι</span> <span class='ocrx_word' id='word_1_366' title='bbox 1357 2454 1407 2485; x_wconf 76' lang='grc' dir='ltr'>διὰ</span> <span class='ocrx_word' id='word_1_367' title='bbox 1431 2457 1488 2486; x_wconf 84' lang='grc' dir='ltr'>τοῦ</span> <span class='ocrx_word' id='word_1_368' title='bbox 1504 2456 1535 2498; x_wconf 86' lang='grc' dir='ltr'>μ’</span> 
     </span>
     <span class='ocr_line' id='line_1_70' title="bbox 876 2503 1536 2547; baseline 0.003 -12"><span class='ocrx_word' id='word_1_369' title='bbox 876 2505 1029 2547; x_wconf 82' lang='grc' dir='ltr'>γράφουσι</span> <span class='ocrx_word' id='word_1_370' title='bbox 1054 2505 1249 2547; x_wconf 82' lang='grc' dir='ltr'>Καλύμνας·</span> <span class='ocrx_word' id='word_1_371' title='bbox 1278 2504 1327 2536; x_wconf 84' lang='grc' dir='ltr'>ὅτι</span> <span class='ocrx_word' id='word_1_372' title='bbox 1347 2503 1379 2535; x_wconf 77' lang='grc' dir='ltr'>δὲ</span> <span class='ocrx_word' id='word_1_373' title='bbox 1405 2504 1536 2546; x_wconf 85' lang='grc' dir='ltr'>ἀγαθὸν</span> 
     </span>
     <span class='ocr_line' id='line_1_71' title="bbox 873 2553 1534 2595; baseline 0 -9"><span class='ocrx_word' id='word_1_374' title='bbox 873 2554 946 2595; x_wconf 84' lang='grc' dir='ltr'>μέλι</span> <span class='ocrx_word' id='word_1_375' title='bbox 971 2557 1009 2586; x_wconf 77' lang='grc' dir='ltr'>τὸ</span> <span class='ocrx_word' id='word_1_376' title='bbox 1030 2553 1234 2586; x_wconf 80' lang='grc' dir='ltr'>Καλύδνιον.</span> <span class='ocrx_word' id='word_1_377' title='bbox 1255 2555 1356 2584; x_wconf 82' lang='grc' dir='ltr'>κ.τ.λ.</span> <span class='ocrx_word' id='word_1_378' title='bbox 1397 2553 1534 2591; x_wconf 81' lang='lat' dir='ltr'>Deinde,</span> 
     </span>
     <span class='ocr_line' id='line_1_72' title="bbox 875 2603 1538 2635; baseline 0.002 -1"><span class='ocrx_word' id='word_1_379' title='bbox 875 2604 929 2635; x_wconf 89' lang='lat' dir='ltr'>ubi</span> <span class='ocrx_word' id='word_1_380' title='bbox 948 2604 1087 2635; x_wconf 86' lang='lat' dir='ltr'>diversas</span> <span class='ocrx_word' id='word_1_381' title='bbox 1110 2603 1280 2634; x_wconf 85' lang='lat' dir='ltr'>sententias</span> <span class='ocrx_word' id='word_1_382' title='bbox 1297 2603 1404 2634; x_wconf 82' lang='lat' dir='ltr'>retulit</span> <span class='ocrx_word' id='word_1_383' title='bbox 1425 2603 1464 2634; x_wconf 84' lang='lat' dir='ltr'>de</span> <span class='ocrx_word' id='word_1_384' title='bbox 1490 2604 1538 2635; x_wconf 86' lang='lat' dir='ltr'>his</span> 
     </span>
     <span class='ocr_line' id='line_1_73' title="bbox 874 2651 1536 2691; baseline 0 -8"><span class='ocrx_word' id='word_1_385' title='bbox 874 2652 995 2688; x_wconf 82' lang='lat' dir='ltr'>insulis,</span> <span class='ocrx_word' id='word_1_386' title='bbox 1009 2651 1182 2684; x_wconf 71' lang='grc' dir='ltr'>Καλίνδναι</span> <span class='ocrx_word' id='word_1_387' title='bbox 1198 2655 1292 2690; x_wconf 81' lang='grc' dir='ltr'>νῆσοι</span> <span class='ocrx_word' id='word_1_388' title='bbox 1306 2653 1388 2683; x_wconf 82' lang='grc' dir='ltr'>κατὰ</span> <span class='ocrx_word' id='word_1_389' title='bbox 1399 2652 1492 2691; x_wconf 80' lang='grc' dir='ltr'>τίνας</span> <span class='ocrx_word' id='word_1_390' title='bbox 1503 2653 1536 2684; x_wconf 79' lang='grc' dir='ltr'>αἰ</span> 
     </span>
     <span class='ocr_line' id='line_1_74' title="bbox 876 2701 1386 2743; baseline -0.002 -10"><span class='ocrx_word' id='word_1_391' title='bbox 876 2701 1058 2743; x_wconf 77' lang='grc' dir='ltr'>Σποράδες,</span> <span class='ocrx_word' id='word_1_392' title='bbox 1077 2701 1123 2733; x_wconf 83' lang='grc' dir='ltr'>ὧν</span> <span class='ocrx_word' id='word_1_393' title='bbox 1135 2702 1193 2743; x_wconf 83' lang='grc' dir='ltr'>μία</span> <span class='ocrx_word' id='word_1_394' title='bbox 1212 2701 1386 2741; x_wconf 78' lang='grc' dir='ltr'>Καλύμνα.</span> 
     </span>
     <span class='ocr_line' id='line_1_75' title="bbox 944 2756 1007 2786; baseline 0.016 -1"><span class='ocrx_word' id='word_1_395' title='bbox 944 2756 971 2785; x_wconf 86' lang='grc' dir='ltr'>Β</span> <span class='ocrx_word' id='word_1_396' title='bbox 988 2756 1007 2786; x_wconf 87' lang='grc'>3</span> 
     </span>
    </p>
   </div>
  </div>
 </body>
</html>
