1760 3172
206 175 291 216 ‘272

600 172 648 213 P.
685 171 899 214 OVIDII
933 173 1214 215 NASONIS

204 289 306 336 Aut
330 288 556 351 sequitur
580 295 775 352 captuS‚
803 290 1135 352 conjectaque
1159 289 1360 335 vincula
1383 288 1512 336 collo

272 359 504 432 Accipit)
517 371 603 412 aut
628 365 727 412 telo
751 365 884 412 virus
910 365 1126 412 habente
1151 365 1304 411 cadit.

205 443 303 490 Hic
330 459 423 505 ego
449 435 675 489 sollicitae
695 443 841 505 jaceo
867 458 1022 489 novus
1048 442 1210 488 incola
1235 442 1396 497 sedis;

272 519 385 566 Heu
412 519 619 565 nimium
645 518 732 566 fati
759 526 985 581 tempora
1010 519 1159 580 longa
1183 518 1307 565 mei!

207 596 272 644 Et
296 604 480 652 tamen,
509 596 570 643 ad
598 612 829 643 numeros
857 596 1165 659 antiquaque
1191 611 1333 642 sacra
1357 594 1533 642 reverti

275 673 503 720 Sustinet
527 673 576 718 in
602 673 756 719 tantis
783 672 982 736 hospita
1008 672 1159 718 Musa
1184 673 1325 719 malis
1349 689 1359 719 :

209 751 326 806 Sed,
345 766 510 813 neque
526 750 605 797 cui
623 750 829 797 recitem
850 750 1118 813 quisquam
1135 757 1213 796 est
1229 765 1340 797 mea
1356 748 1598 805 carmina;

405 843 498 874 nec
525 826 611 889 qui

272 903 492 950 Auribus
518 903 732 966 accipiat
756 904 908 951 verba
934 902 1112 950 Latina
1137 903 1256 950 suis.
1538 905 1602 949 90

206 980 324 1045 Ipse
350 979 486 1035 mihi,
510 980 631 1043 quid
658 980 791 1027 enim
816 979 1030 1027 faciam?
1057 980 1342 1043 scriboque,
1360 980 1598 1043 legoque3

149 1067 187 1107 ψ,
272 1056 503 1119 Tutaque
524 1056 713 1119 judicio
740 1056 885 1104 litera
909 1064 1078 1104 nostra
1104 1074 1193 1104 suo
1219 1064 1314 1104 est.

208 1134 354 1197 Saepe
380 1139 548 1180 tamen
575 1132 697 1188 dixi,
726 1133 803 1179 cui
831 1149 961 1180 nunc
988 1133 1095 1179 haec
1122 1149 1242 1180 cura
1267 1132 1493 1180 laborat?

272 1210 351 1256 An
377 1226 489 1257 mea
516 1209 823 1256 Sauromatae
851 1210 1039 1273 scripta
1065 1210 1314 1273 Getaeque
1340 1209 1543 1272 legent?

209 1287 357 1350 Saepe
392 1286 559 1342 etiam,
587 1286 821 1350 lacrymae
846 1303 925 1334 me
953 1294 1070 1334 sunt
1095 1287 1346 1335 scribente
1371 1286 1602 1351 profusae,

272 1362 599 1427 Humidaque
625 1371 703 1411 est
727 1364 849 1412 fletu
874 1365 1018 1412 litera
1042 1365 1176 1412 facta
1199 1381 1339 1423 meo3
1538 1352 1626 1412 96χ

208 1441 410 1505 Corque
425 1434 624 1488 vetusta
643 1456 827 1498 meum,
846 1448 1089 1505 tanquam
1108 1458 1250 1498 nova,
1267 1443 1473 1489 vulnera
1492 1458 1602 1489 sen-

273 1518 436 1582 Inque
461 1518 624 1565 sinum
650 1525 842 1565 moestae
868 1518 1052 1566 labitur
1077 1519 1236 1566 imber
1262 1535 1424 1582 aquae.
1504 1518 1602 1581 [tit,

207 1595 391 1651 Quum,
418 1595 525 1642 vice
550 1602 758 1651 mutata,
778 1595 900 1658 quid
927 1596 1021 1642 sim
1047 1595 1331 1659 fuerimque
1356 1596 1602 1652 recordor,

272 1672 339 1720 Et
363 1672 532 1719 tulerit
556 1689 655 1737 quo
679 1689 759 1720 me
785 1689 948 1730 casus,
978 1681 1028 1722 et
1052 1674 1203 1730 unde,
1233 1674 1397 1733 subit;
1510 1677 1604 1721 100

207 1751 355 1814 Saepe
381 1766 557 1797 manus
583 1750 806 1807 demens,
836 1751 1017 1799 studiis
1040 1751 1166 1800 irata
1190 1751 1439 1814 malignis,

273 1827 417 1874 Misit
441 1827 491 1873 in
517 1842 713 1874 arsuros
739 1828 960 1875 carmina
985 1835 1157 1875 nostra
1181 1827 1334 1876 focos.

208 1904 464 1968 Atque-ita
478 1903 540 1951 de
563 1904 746 1960 multis,
761 1906 997 1968 quoniam
1019 1922 1117 1953 non
1137 1906 1297 1953 multa
1317 1912 1602 1969 supersunt,

275 1981 406 2028 Cum
430 1981 575 2028 venia
598 1981 765 2038 facito,
790 1983 1022 2047 quisquis
1049 1999 1119 2039 es,
1147 1983 1244 2030 ista
1268 1983 1436 2046 legas:
1512 1985 1604 2030 104

1536 443 1598 488 85

295 2131 335 2160 Ea
359 2131 460 2170 opibus
474 2132 547 2167 illis,
563 2142 635 2171 quas
649 2133 753 2170 procu!
768 2140 871 2172 raptas

336 2179 451 2220 Scyllae

253 2229 350 2269 Usque
377 2240 395 2258 a
425 2231 554 2267 perustis
578 2228 674 2259 Indiae
695 2231 813 2269 populis
838 2243 869 2259 a·

333 2284 414 2319 gunt
427 2289 436 2313 ,·

185 2343 189 2346 ·
206 2326 326 2367 vulgati
340 2332 460 2365 petunt.
492 2326 613 2357 mes.

250 2376 302 2406 85.
318 2375 492 2416 Sollicitae.]
521 2375 559 2405 In
580 2375 776 2406 Francosurt.
793 2382 870 2412 erat,

206 2424 380 2454 Sarmatiae
394 2426 485 2464 jaceo
515 2435 607 2454 novus
630 2425 727 2455 incola
751 2427 870 2467 gentis,·

206 2483 297 2508 unus,
315 2473 411 2502 incola
427 2475 524 2508 caedis,
540 2479 694 2515 corrupte.
723 2473 872 2504 Francius

207 2521 393 2563 conjiciebat
418 2529 499 2552 retus
521 2523 617 2552 incola
640 2524 725 2558 sedis,
742 2529 776 2553 ut
796 2522 871 2553 alibi

210 2582 235 2600 se
249 2582 305 2601 non
322 2582 427 2600 norum
445 2572 572 2601 incolam
583 2577 675 2602 vocat
686 2570 776 2602 initio
788 2572 870 2603 Pon·
889 2588 894 2589 ν

207 2619 261 2650 tic.
309 2619 370 2650 Sed
384 2619 455 2661 plus
471 2619 618 2661 temporis
629 2621 760 2656 abierat,
773 2632 870 2662 quum

208 2668 260 2698 illa
290 2668 449 2704 scriberet,
477 2674 507 2699 et
533 2668 605 2699 inde
636 2671 784 2711 probatur
809 2669 871 2710 legi

207 2716 321 2748 debere
348 2729 449 2751 novus.
477 2718 549 2759 quia
577 2718 619 2749 ibi
645 2718 720 2750 dicit
745 2719 810 2761 jam
839 2730 871 2750 se

941 2145 1001 2165 non
1022 2144 1136 2165 novum
1159 2130 1228 2165 esse
1250 2132 1397 2169 incolam,
1420 2138 1455 2163 ut
1479 2139 1552 2163 ante
1574 2143 1608 2163 se

940 2189 1119 2213 vocaverat.
1151 2182 1269 2213 Bmm.

983 2233 1035 2262 91.
1051 2231 1117 2271 Ipse
1133 2232 1299 2272 mihi‚quid
1315 2232 1404 2265 enim,
1419 2229 1496 2270 ἀρ]
1515 2229 1609 2266 Quod

940 2280 1010 2321 lego
1025 2291 1061 2311 ac
1078 2291 1241 2322 compono,
1258 2290 1328 2310 meo
1345 2279 1468 2321 judicio
1489 2278 1609 2309 exami-

941 2329 1080 2360 nandum
1095 2328 1253 2370 permitto.
1301 2328 1403 2359 Careo
1424 2327 1508 2358 enim
1529 2326 1608 2358 ami-

941 2377 995 2411 cis,
1021 2388 1162 2419 quorum,
1187 2388 1285 2416 quum
1310 2377 1421 2407 Romae
1445 2386 1555 2410 essem.
1575 2375 1608 2406 in

942 2427 1018 2457 meis
1043 2426 1234 2458 carminibus
1263 2425 1465 2467 corrigendis,
1488 2424 1609 2467 judicio

940 2475 985 2505 uti
1000 2474 1109 2506 solitus
1125 2485 1206 2505 sum.
1240 2474 1333 2505 C1or.

982 2525 1035 2555 98.
1052 2524 1147 2565 Inque
1171 2526 1267 2554 sinum
1288 2531 1393 2554 moestae
1413 2524 1529 2553 labitur
1553 2524 1606 2553 im-

940 2575 989 2603 ber
1013 2573 1123 2613 aquen]
1151 2573 1294 2604 Δείνοντο
1316 2571 1347 2603 δὲ
1375 2571 1507 2613 δάκρυσι
1533 2572 1608 2603 κόλ-

942 2634 1008 2653 ποι.
1043 2622 1094 2652 An
1111 2621 1169 2652 hoc
1185 2622 1279 2652 etiam
1293 2620 1332 2652 de
1343 2621 1504 2652 oculorum
1517 2620 1609 2652 sinu?

941 2671 1044 2702 Imber
1061 2670 1143 2702 enirn
1157 2670 1358 2702 vehementer
1375 2669 1510 2712 depluit.
