1760 3172
372 170 464 211 EX
497 170 708 213 PONTO
743 171 860 213 LIB.
894 171 985 213 ΙΙΙ.
1017 173 1208 214 EPIST.
1242 173 1296 214 V.

1442 174 1527 215 467

149 283 437 347 Squallidus
463 285 710 333 immissos
735 286 890 334 fracta
910 288 1001 334 sub
1027 288 1264 335 arundine
1288 288 1447 335 crines

213 361 437 420 Rhenus,
459 370 510 410 et
534 363 740 411 infectas
767 364 1005 426 sanguine
1030 371 1194 427 portet
1218 381 1390 428 aquas.

146 439 369 487 Barbara
386 441 491 503 jam
515 441 649 504 capti
674 449 887 505 poscunt
911 441 1124 504 insignia
1148 457 1305 504 reges,

210 515 475 580 Textaque
499 517 693 565 fortuna
716 518 944 565 divitiora
968 534 1072 565 sua.

1434 520 1525 564 110

149 592 216 640 Et
240 609 351 656 quae
378 601 619 657 praeterea
641 595 794 666 virtus
820 594 1002 641 invicta
1024 602 1133 641 tuoi
1138 610 1220 641 um

216 670 361 734 Saepe
387 678 559 735 parata
578 672 701 728 tibi,
691 662 846 736 saepe
870 672 1090 736 paranda
1114 671 1246 719 facit.

148 747 230 804 D1‚
257 765 469 811 quorum
494 750 684 797 monitu
710 767 880 797 sumus
907 756 1141 797 eventura
1164 748 1332 802 locuti,

211 824 393 882 Verba,
420 843 611 890 precor,
639 827 786 874 celeri
812 833 982 874 nostra
1005 826 1212 889 probate
1236 824 1350 870 fide.

530 1149 572 1196 E
599 1149 639 1196 P
669 1149 690 1195 I
721 1149 753 1196 S
782 1149 822 1195 T
851 1149 894 1195 O
924 1148 961 1195 L
988 1149 1031 1195 A
1079 1147 1138 1195 V.

577 1272 845 1313 MAXIMO
870 1272 1102 1314 COTTAE.

150 1373 323 1429 QUAM
349 1373 490 1435 legis,
517 1373 650 1421 unde
674 1373 765 1420 tibi
791 1373 1017 1421 mittatur
1042 1373 1269 1438 epistola,
1294 1373 1508 1436 quaeris?

216 1450 364 1507 Hinc,
396 1451 477 1498 ubi
501 1451 724 1498 caeruleis
745 1451 972 1514 jungitur
999 1451 1126 1498 Ister
1151 1451 1311 1515 aquis.

151 1528 223 1576 Ut
247 1528 382 1592 regio
407 1529 543 1577 dicta
566 1536 659 1585 est,
688 1545 976 1576 succurrere
1002 1530 1154 1576 debet
1178 1537 1228 1576 et
1253 1535 1441 1585 auctor,

216 1606 387 1653 Laesus
414 1607 476 1654 ab
501 1606 699 1669 ingenio
727 1606 862 1654 Naso
887 1613 1035 1670 poeta
1059 1623 1178 1664 suo;

95 1728 100 1732 .
151 1683 250 1738 Qui
273 1683 380 1739 tibi,
398 1699 550 1747 quam
571 1684 739 1731 mallet
760 1701 978 1747 praesens
1004 1684 1194 1731 adferre
1220 1684 1447 1738 salutem,
1504 1686 1531 1729 5

220 1761 381 1808 Mittit
405 1762 467 1808 ab
493 1761 711 1818 hirsutis,
741 1761 965 1810 Maxime
992 1761 1159 1817 Cotta,
1189 1760 1349 1808 Getis,

199 1895 269 1926 105.
298 1895 417 1934 Oppida
445 1895 602 1935 eburnea]
639 1894 811 1926 Civitatum

152 1943 318 1975 simulacra
331 1954 369 1975 ex
385 1944 477 1974 ebore
493 1948 666 1985 compacta.

198 1993 271 2023 106.
289 1992 377 2023 Ficta
393 1993 464 2033 res.]
483 1993 565 2023 Rem
577 1993 682 2023 fictam
693 1992 732 2022 ad
747 1992 812 2034 pel-

151 2042 197 2073 lat
206 2041 328 2072 urbium
338 2041 490 2083 pictarum
501 2041 665 2072 simulacra
676 2046 708 2072 et
715 2046 813 2082 gesta,

152 2101 222 2133 quae
235 2090 479 2132 praeferebantur
493 2089 526 2120 in
539 2100 575 2120 eo
592 2089 762 2131 triumpho.

200 2140 271 2171 109.
296 2140 418 2170 Ponant
449 2139 608 2181 insignia]
634 2139 749 2170 Noster
774 2139 814 2169 A.

156 2190 287 2220 Poscant
306 2188 400 2220 Polit.
416 2188 531 2230 aliique
547 2188 637 2219 multi
651 2200 660 2227 ;
683 2187 809 2229 quidam

152 2245 293 2279 poscant:
317 2244 485 2280 utrumque
508 2244 625 2269 rectum
638 2250 646 2276 3
669 2248 742 2268 nam
766 2248 812 2268 re-

152 2288 275 2329 galibus
306 2289 495 2319 ornamentis
523 2298 611 2328 reges
640 2287 671 2317 in
704 2286 812 2317 trium-

153 2336 249 2379 phum
266 2336 402 2368 ducendi
417 2337 613 2367 velabantur.
652 2335 770 2366 mes.

202 2386 273 2417 110.
290 2386 465 2426 Tereaque]
482 2386 595 2416 Vestes
607 2385 720 2426 regias.
755 2385 812 2414 Di<

154 2437 263 2466 vitiora
288 2446 340 2465 sua
355 2435 502 2477 jin-tuna.
553 2433 636 2472 Quia
660 2444 745 2475 reges
768 2432 814 2463 illi

155 2484 259 2515 omnia
289 2484 359 2526 jure
392 2484 469 2514 belli
499 2484 684 2515 amiserant:
718 2488 749 2514 et
778 2492 814 2512 eo

154 2539 246 2576 pacto
271 2532 465 2575 pretiosiores
494 2538 583 2563 erant
606 2538 707 2563 vestes
739 2530 815 2573 ipsis

153 2583 289 2624 regibus.

200 2633 271 2662 111.
292 2632 393 2662 Virtus
416 2631 562 2672 tuorum]
583 2630 692 2662 Virtus
706 2629 815 2670 Augu-

160 2681 200 2712 sti
215 2687 246 2711 et
260 2681 438 2711 liberorum.

202 2731 273 2761 112.
289 2730 368 2770 Sape
385 2737 494 2769 parata
515 2729 597 2770 tibi]
616 2728 700 2766 Quia
714 2737 814 2770 saepe·

880 1905 1007 1926 numero
1035 1894 1151 1936 parasti
1177 1894 1240 1924 tuis
1265 1892 1465 1934 triumphalia
1490 1903 1536 1922 or·

880 1949 1036 1975 namenta.
1096 1944 1176 1982 Saepe
1200 1944 1349 1982 paranda.
1382 1941 1537 1978 Quoniam

881 1992 958 2023 alios
985 1991 1078 2022 etiam
1106 1990 1277 2032 triumphos
1303 1990 1538 2031 comparabunt,

880 2047 912 2072 et
929 2047 964 2072 tu
988 2050 1113 2082 quoque
1138 2039 1338 2082 triumphalia
1358 2044 1539 2069 ornamenta

881 2089 1015 2133 parabis.

928 2140 998 2169 113.
1028 2138 1163 2172 Quarum
1188 2137 1330 2176 monitu]
1360 2136 1538 2178 Apollinem

879 2187 1045 2228 significat,
1054 2186 1143 2228 cujus
1155 2186 1274 2217 monitu
1285 2191 1316 2217 et
1326 2185 1426 2216 furore
1437 2190 1536 2227 poetae

880 2237 1097 2267 vaticinantur.

925 2336 956 2365 2.
986 2335 1078 2374 Aquis
1116 2332 1277 2372 cerruleis]
1318 2331 1418 2372 Aquis
1450 2331 1542 2362 maris

883 2381 1017 2418 Pontici,
1043 2382 1156 2423 quibus
1185 2380 1342 2421 regionem
1373 2378 1539 2410 Ponticam

882 2431 1036 2472 designat.

925 2483 958 2511 5.
985 2479 1142 2521 Adferre]
1171 2478 1299 2519 qu'er·re
1323 2476 1463 2516 Regius:
1488 2487 1541 2507 ne-

882 2530 945 2560 scio
964 2539 1004 2559 an
1025 2528 1160 2566 rectius3
1185 2526 1284 2557 adfert
1304 2526 1386 2556 enim
1407 2526 1540 2556 salutem

882 2576 1032 2612 medicus,
1046 2582 1077 2607 et
1095 2576 1147 2617 qui
1166 2586 1255 2616 opem
1277 2575 1332 2605 fert
1348 2587 1354 2604 ε
1380 2585 1418 2604 ne
1434 2574 1540 2615 itaque

884 2627 1029 2667 ambigua
1046 2625 1086 2655 sit
1101 2624 1227 2659 locutio,
1238 2624 1354 2665 deferre
1365 2624 1540 2665 probarem.

886 2676 1002 2706 Bunm.
1040 2674 1112 2704 Non
1128 2684 1196 2714 ego.

929 2726 959 2755 6.
976 2725 1020 2754 Ab
1037 2724 1121 2753 Getis
1136 2722 1286 2761 hirsutis]
1305 2722 1331 2752 A
1346 2720 1435 2752 Getis
1447 2730 1540 2762 squa-

1017 2773 1045 2802 11
1063 2784 1082 2802 n
1099 2773 1117 2802 2
