<?xml version="1.0" encoding="UTF-8"?>
<!DOCTYPE html PUBLIC "-//W3C//DTD XHTML 1.0 Transitional//EN"
    "http://www.w3.org/TR/xhtml1/DTD/xhtml1-transitional.dtd">
<html xmlns="http://www.w3.org/1999/xhtml" xml:lang="en" lang="en">
 <head>
  <title>
</title>
<meta http-equiv="Content-Type" content="text/html;charset=utf-8" />
  <meta name='ocr-system' content='tesseract 3.04.00' />
  <meta name='ocr-capabilities' content='ocr_page ocr_carea ocr_par ocr_line ocrx_word'/>
</head>
<body>
  <div class='ocr_page' id='page_1' title='image "./povidiinasonisop02oviduoft_0299.png"; bbox 0 0 1760 3172; ppageno 0'>
   <div class='ocr_carea' id='block_1_1' title="bbox 432 163 1314 209">
    <p class='ocr_par' dir='ltr' id='par_1_1' title="bbox 432 163 1314 209">
     <span class='ocr_line' id='line_1_1' title="bbox 432 163 1314 209; baseline -0.007 0"><span class='ocrx_word' id='word_1_1' title='bbox 432 166 741 209; x_wconf 82' lang='lat' dir='ltr'>TRISTIUM</span> <span class='ocrx_word' id='word_1_2' title='bbox 775 166 893 207; x_wconf 90' lang='lat' dir='ltr'><strong>LIB.</strong></span> <span class='ocrx_word' id='word_1_3' title='bbox 928 165 1010 206; x_wconf 85' lang='lat' dir='ltr'>IV.</span> <span class='ocrx_word' id='word_1_4' title='bbox 1045 163 1224 206; x_wconf 84' lang='lat' dir='ltr'><strong>ELEG.</strong></span> <span class='ocrx_word' id='word_1_5' title='bbox 1259 163 1314 203; x_wconf 77' lang='lat' dir='ltr'>V.</span> 
     </span>
    </p>
   </div>
   <div class='ocr_carea' id='block_1_2' title="bbox 1486 161 1572 203">
    <p class='ocr_par' dir='ltr' id='par_1_2' title="bbox 1486 161 1572 203">
     <span class='ocr_line' id='line_1_2' title="bbox 1486 161 1572 203; baseline -0.012 0"><span class='ocrx_word' id='word_1_6' title='bbox 1486 161 1572 203; x_wconf 75' lang='lat'>289</span> 
     </span>
    </p>
   </div>
   <div class='ocr_carea' id='block_1_3' title="bbox 172 271 1569 562">
    <p class='ocr_par' dir='ltr' id='par_1_3' title="bbox 172 271 1569 562">
     <span class='ocr_line' id='line_1_3' title="bbox 174 271 1230 347; baseline -0.006 -16"><span class='ocrx_word' id='word_1_7' title='bbox 174 282 240 331; x_wconf 86' lang='lat' dir='ltr'>Et</span> <span class='ocrx_word' id='word_1_8' title='bbox 263 290 425 331; x_wconf 86' lang='lat' dir='ltr'>tutare</span> <span class='ocrx_word' id='word_1_9' title='bbox 452 289 605 347; x_wconf 86' lang='lat' dir='ltr'>caput</span> <span class='ocrx_word' id='word_1_10' title='bbox 629 282 752 329; x_wconf 88' lang='lat' dir='ltr'>nulli</span> <span class='ocrx_word' id='word_1_11' title='bbox 780 271 1105 346; x_wconf 54' lang='lat' dir='ltr'>servabile7&#39;&#39;si</span> <span class='ocrx_word' id='word_1_12' title='bbox 1132 295 1230 325; x_wconf 88' lang='lat' dir='ltr'>non</span> 
     </span>
     <span class='ocr_line' id='line_1_4' title="bbox 240 347 1349 423; baseline -0.005 -16"><span class='ocrx_word' id='word_1_13' title='bbox 240 360 338 415; x_wconf 83' lang='lat' dir='ltr'>Qui</span> <span class='ocrx_word' id='word_1_14' title='bbox 359 360 532 408; x_wconf 85' lang='lat' dir='ltr'><strong>mersit</strong></span> <span class='ocrx_word' id='word_1_15' title='bbox 560 360 754 423; x_wconf 83' lang='lat' dir='ltr'>Stygia,</span> <span class='ocrx_word' id='word_1_16' title='bbox 783 347 1176 412; x_wconf 71' lang='lat' dir='ltr'>sublevetillud,</span> <span class='ocrx_word' id='word_1_17' title='bbox 1204 372 1349 419; x_wconf 85' lang='lat' dir='ltr'>aqua.</span> 
     </span>
     <span class='ocr_line' id='line_1_5' title="bbox 172 434 1569 500; baseline -0.003 -17"><span class='ocrx_word' id='word_1_18' title='bbox 172 436 364 500; x_wconf 89' lang='lat' dir='ltr'>Teque,</span> <span class='ocrx_word' id='word_1_19' title='bbox 378 437 511 500; x_wconf 86' lang='lat' dir='ltr'>quod</span> <span class='ocrx_word' id='word_1_20' title='bbox 532 444 609 484; x_wconf 85' lang='lat' dir='ltr'>est</span> <span class='ocrx_word' id='word_1_21' title='bbox 629 453 809 493; x_wconf 85' lang='lat' dir='ltr'>rarum,</span> <span class='ocrx_word' id='word_1_22' title='bbox 829 443 1013 500; x_wconf 82' lang='lat' dir='ltr'>praesta</span> <span class='ocrx_word' id='word_1_23' title='bbox 1032 441 1316 482; x_wconf 70' lang='lat' dir='ltr'>constanter</span> <span class='ocrx_word' id='word_1_24' title='bbox 1337 434 1399 480; x_wconf 85' lang='lat' dir='ltr'>acl</span> <span class='ocrx_word' id='word_1_25' title='bbox 1421 448 1569 480; x_wconf 82' lang='lat' dir='ltr'>omne</span> 
     </span>
     <span class='ocr_line' id='line_1_6' title="bbox 240 513 1048 562; baseline -0.001 -2"><span class='ocrx_word' id='word_1_26' title='bbox 240 513 567 562; x_wconf 84' lang='lat' dir='ltr'>Indeclinatae</span> <span class='ocrx_word' id='word_1_27' title='bbox 593 530 774 560; x_wconf 89' lang='lat' dir='ltr'>munus</span> <span class='ocrx_word' id='word_1_28' title='bbox 801 513 1048 560; x_wconf 82' lang='lat' dir='ltr'>amicitiae.</span> 
     </span>
    </p>
   </div>
   <div class='ocr_carea' id='block_1_4' title="bbox 176 590 1390 654">
    <p class='ocr_par' dir='ltr' id='par_1_4' title="bbox 176 590 1390 654">
     <span class='ocr_line' id='line_1_7' title="bbox 176 590 1390 654; baseline -0.002 -17"><span class='ocrx_word' id='word_1_29' title='bbox 176 590 260 638; x_wconf 87' lang='lat' dir='ltr'>Sic</span> <span class='ocrx_word' id='word_1_30' title='bbox 284 598 372 638; x_wconf 88' lang='lat' dir='ltr'>tua</span> <span class='ocrx_word' id='word_1_31' title='bbox 395 606 662 654; x_wconf 78' lang='lat' dir='ltr'>processus</span> <span class='ocrx_word' id='word_1_32' title='bbox 687 590 871 638; x_wconf 86' lang='lat' dir='ltr'>habeat</span> <span class='ocrx_word' id='word_1_33' title='bbox 895 590 1093 653; x_wconf 86' lang='lat' dir='ltr'>fortuna</span> <span class='ocrx_word' id='word_1_34' title='bbox 1116 605 1361 653; x_wconf 79' lang='lat' dir='ltr'>perennes</span> <span class='ocrx_word' id='word_1_35' title='bbox 1381 606 1390 646; x_wconf 91' lang='grc'>;</span> 
     </span>
    </p>
   </div>
   <div class='ocr_carea' id='block_1_5' title="bbox 1505 589 1569 633">
    <p class='ocr_par' dir='ltr' id='par_1_5' title="bbox 1505 589 1569 633">
     <span class='ocr_line' id='line_1_8' title="bbox 1505 589 1569 633; baseline 0 0"><span class='ocrx_word' id='word_1_36' title='bbox 1505 589 1569 633; x_wconf 83' lang='grc'>25</span> 
     </span>
    </p>
   </div>
   <div class='ocr_carea' id='block_1_6' title="bbox 177 664 1429 962">
    <p class='ocr_par' dir='ltr' id='par_1_6' title="bbox 177 664 1429 808">
     <span class='ocr_line' id='line_1_9' title="bbox 243 664 1342 732; baseline -0.003 -17"><span class='ocrx_word' id='word_1_37' title='bbox 243 664 328 715; x_wconf 84' lang='lat' dir='ltr'>Sic</span> <span class='ocrx_word' id='word_1_38' title='bbox 354 684 450 732; x_wconf 91' lang='lat' dir='ltr'>ope</span> <span class='ocrx_word' id='word_1_39' title='bbox 476 684 574 715; x_wconf 87' lang='lat' dir='ltr'>non</span> <span class='ocrx_word' id='word_1_40' title='bbox 599 683 749 729; x_wconf 81' lang='lat' dir='ltr'>egeas</span> <span class='ocrx_word' id='word_1_41' title='bbox 774 668 899 731; x_wconf 87' lang='lat' dir='ltr'>ipse,</span> <span class='ocrx_word' id='word_1_42' title='bbox 921 669 1172 730; x_wconf 85' lang='lat' dir='ltr'>juvesque</span> <span class='ocrx_word' id='word_1_43' title='bbox 1198 674 1310 713; x_wconf 87' lang='lat' dir='ltr'>tuos</span> <span class='ocrx_word' id='word_1_44' title='bbox 1334 683 1342 713; x_wconf 92' lang='lat'>:</span> 
     </span>
     <span class='ocr_line' id='line_1_10' title="bbox 177 742 1429 808; baseline -0.003 -16"><span class='ocrx_word' id='word_1_45' title='bbox 177 744 261 792; x_wconf 90' lang='lat' dir='ltr'>Sic</span> <span class='ocrx_word' id='word_1_46' title='bbox 287 752 456 808; x_wconf 86' lang='lat' dir='ltr'>aequet</span> <span class='ocrx_word' id='word_1_47' title='bbox 479 752 566 792; x_wconf 85' lang='lat' dir='ltr'>tua</span> <span class='ocrx_word' id='word_1_48' title='bbox 591 751 750 808; x_wconf 78' lang='lat' dir='ltr'>nupta</span> <span class='ocrx_word' id='word_1_49' title='bbox 774 744 933 791; x_wconf 87' lang='lat' dir='ltr'>virum</span> <span class='ocrx_word' id='word_1_50' title='bbox 959 744 1181 791; x_wconf 85' lang='lat' dir='ltr'>bonitate</span> <span class='ocrx_word' id='word_1_51' title='bbox 1206 742 1429 807; x_wconf 83' lang='lat' dir='ltr'>perenni,</span> 
     </span>
    </p>

    <p class='ocr_par' dir='ltr' id='par_1_7' title="bbox 177 821 1341 962">
     <span class='ocr_line' id='line_1_11' title="bbox 243 821 1233 885; baseline 0 -17"><span class='ocrx_word' id='word_1_52' title='bbox 243 821 442 870; x_wconf 83' lang='lat' dir='ltr'>Incidat</span> <span class='ocrx_word' id='word_1_53' title='bbox 466 829 517 869; x_wconf 89' lang='lat' dir='ltr'>et</span> <span class='ocrx_word' id='word_1_54' title='bbox 539 829 703 869; x_wconf 85' lang='lat' dir='ltr'>vestro</span> <span class='ocrx_word' id='word_1_55' title='bbox 729 838 838 869; x_wconf 84' lang='lat' dir='ltr'>rara</span> <span class='ocrx_word' id='word_1_56' title='bbox 863 822 1070 885; x_wconf 86' lang='lat' dir='ltr'>querela</span> <span class='ocrx_word' id='word_1_57' title='bbox 1094 828 1201 868; x_wconf 86' lang='lat' dir='ltr'>toro</span> <span class='ocrx_word' id='word_1_58' title='bbox 1224 838 1233 868; x_wconf 91' lang='lat'><strong>:</strong></span> 
     </span>
     <span class='ocr_line' id='line_1_12' title="bbox 177 888 1341 962; baseline -0.002 -17"><span class='ocrx_word' id='word_1_59' title='bbox 177 898 368 962; x_wconf 82' lang='lat' dir='ltr'>Diligat</span> <span class='ocrx_word' id='word_1_60' title='bbox 393 906 444 946; x_wconf 87' lang='lat' dir='ltr'>et</span> <span class='ocrx_word' id='word_1_61' title='bbox 458 888 667 962; x_wconf 58' lang='lat' dir='ltr'>semper</span> <span class='ocrx_word' id='word_1_62' title='bbox 692 899 857 946; x_wconf 84' lang='lat' dir='ltr'>socius</span> <span class='ocrx_word' id='word_1_63' title='bbox 885 906 935 946; x_wconf 86' lang='lat' dir='ltr'>te</span> <span class='ocrx_word' id='word_1_64' title='bbox 961 897 1216 961; x_wconf 78' lang='lat' dir='ltr'>sanguinis</span> <span class='ocrx_word' id='word_1_65' title='bbox 1242 898 1341 951; x_wconf 89' lang='lat' dir='ltr'>illo,</span> 
     </span>
    </p>
   </div>
   <div class='ocr_carea' id='block_1_7' title="bbox 245 975 1321 1041">
    <p class='ocr_par' dir='ltr' id='par_1_8' title="bbox 245 975 1321 1041">
     <span class='ocr_line' id='line_1_13' title="bbox 245 975 1321 1041; baseline -0.003 -17"><span class='ocrx_word' id='word_1_66' title='bbox 245 976 357 1032; x_wconf 82' lang='lat' dir='ltr'>Quo</span> <span class='ocrx_word' id='word_1_67' title='bbox 383 976 495 1041; x_wconf 88' lang='lat' dir='ltr'>pius</span> <span class='ocrx_word' id='word_1_68' title='bbox 522 976 721 1024; x_wconf 86' lang='lat' dir='ltr'>adfectu</span> <span class='ocrx_word' id='word_1_69' title='bbox 750 977 962 1024; x_wconf 82' lang='lat' dir='ltr'>Castora</span> <span class='ocrx_word' id='word_1_70' title='bbox 984 975 1135 1022; x_wconf 87' lang='lat' dir='ltr'>frater</span> <span class='ocrx_word' id='word_1_71' title='bbox 1160 982 1321 1022; x_wconf 87' lang='lat' dir='ltr'>amat:</span> 
     </span>
    </p>
   </div>
   <div class='ocr_carea' id='block_1_8' title="bbox 1508 976 1573 1019">
    <p class='ocr_par' dir='ltr' id='par_1_9' title="bbox 1508 976 1573 1019">
     <span class='ocr_line' id='line_1_14' title="bbox 1508 976 1573 1019; baseline 0 0"><span class='ocrx_word' id='word_1_72' title='bbox 1508 976 1573 1019; x_wconf 88' lang='lat'>30</span> 
     </span>
    </p>
   </div>
   <div class='ocr_carea' id='block_1_9' title="bbox 179 1051 1448 1350">
    <p class='ocr_par' dir='ltr' id='par_1_10' title="bbox 179 1051 1448 1196">
     <span class='ocr_line' id='line_1_15' title="bbox 179 1051 1448 1117; baseline -0.003 -16"><span class='ocrx_word' id='word_1_73' title='bbox 179 1053 262 1101; x_wconf 85' lang='lat' dir='ltr'>Sic</span> <span class='ocrx_word' id='word_1_74' title='bbox 282 1054 500 1117; x_wconf 90' lang='lat' dir='ltr'>juvenis,</span> <span class='ocrx_word' id='word_1_75' title='bbox 529 1054 807 1117; x_wconf 89' lang='lat' dir='ltr'>similisque</span> <span class='ocrx_word' id='word_1_76' title='bbox 834 1054 926 1101; x_wconf 85' lang='lat' dir='ltr'>tibi</span> <span class='ocrx_word' id='word_1_77' title='bbox 952 1054 1016 1100; x_wconf 85' lang='lat' dir='ltr'>sit</span> <span class='ocrx_word' id='word_1_78' title='bbox 1040 1060 1204 1108; x_wconf 82' lang='lat' dir='ltr'>natus,</span> <span class='ocrx_word' id='word_1_79' title='bbox 1233 1058 1284 1100; x_wconf 83' lang='lat' dir='ltr'>et</span> <span class='ocrx_word' id='word_1_80' title='bbox 1308 1051 1448 1098; x_wconf 87' lang='lat' dir='ltr'>illum</span> 
     </span>
     <span class='ocr_line' id='line_1_16' title="bbox 244 1132 1311 1196; baseline -0.003 -17"><span class='ocrx_word' id='word_1_81' title='bbox 244 1132 473 1180; x_wconf 91' lang='lat' dir='ltr'>Moribus</span> <span class='ocrx_word' id='word_1_82' title='bbox 499 1140 740 1195; x_wconf 85' lang='lat' dir='ltr'>agnoscat</span> <span class='ocrx_word' id='word_1_83' title='bbox 766 1132 978 1196; x_wconf 80' lang='lat' dir='ltr'>quilibet</span> <span class='ocrx_word' id='word_1_84' title='bbox 1003 1147 1114 1179; x_wconf 91' lang='lat' dir='ltr'>esse</span> <span class='ocrx_word' id='word_1_85' title='bbox 1142 1138 1311 1177; x_wconf 83' lang='lat' dir='ltr'>tuum:</span> 
     </span>
    </p>

    <p class='ocr_par' dir='ltr' id='par_1_11' title="bbox 180 1208 1321 1350">
     <span class='ocr_line' id='line_1_17' title="bbox 180 1208 1258 1272; baseline -0.003 -15"><span class='ocrx_word' id='word_1_86' title='bbox 180 1209 265 1258; x_wconf 88' lang='lat' dir='ltr'>Sic</span> <span class='ocrx_word' id='word_1_87' title='bbox 291 1226 520 1258; x_wconf 87' lang='lat' dir='ltr'>socerum</span> <span class='ocrx_word' id='word_1_88' title='bbox 541 1209 692 1258; x_wconf 84' lang='lat' dir='ltr'>faciat</span> <span class='ocrx_word' id='word_1_89' title='bbox 717 1211 847 1258; x_wconf 84' lang='lat' dir='ltr'>taeda</span> <span class='ocrx_word' id='word_1_90' title='bbox 871 1217 921 1257; x_wconf 83' lang='lat' dir='ltr'>te</span> <span class='ocrx_word' id='word_1_91' title='bbox 947 1216 1068 1257; x_wconf 80' lang='lat' dir='ltr'>nata</span> <span class='ocrx_word' id='word_1_92' title='bbox 1082 1208 1258 1272; x_wconf 79' lang='lat' dir='ltr'>jugali,</span> 
     </span>
     <span class='ocr_line' id='line_1_18' title="bbox 246 1285 1321 1350; baseline -0.002 -17"><span class='ocrx_word' id='word_1_93' title='bbox 246 1286 293 1333; x_wconf 94' lang='lat' dir='ltr'>N</span> <span class='ocrx_word' id='word_1_94' title='bbox 299 1303 356 1334; x_wconf 92' lang='lat' dir='ltr'>ec</span> <span class='ocrx_word' id='word_1_95' title='bbox 380 1288 578 1335; x_wconf 86' lang='lat' dir='ltr'>tardum</span> <span class='ocrx_word' id='word_1_96' title='bbox 598 1287 769 1350; x_wconf 87' lang='lat' dir='ltr'>juveni</span> <span class='ocrx_word' id='word_1_97' title='bbox 795 1287 881 1334; x_wconf 88' lang='lat' dir='ltr'>det</span> <span class='ocrx_word' id='word_1_98' title='bbox 906 1286 997 1334; x_wconf 87' lang='lat' dir='ltr'>tibi</span> <span class='ocrx_word' id='word_1_99' title='bbox 1022 1302 1199 1334; x_wconf 90' lang='lat' dir='ltr'>nomen</span> <span class='ocrx_word' id='word_1_100' title='bbox 1228 1285 1321 1332; x_wconf 86' lang='lat' dir='ltr'>avi.</span> 
     </span>
    </p>
   </div>
   <div class='ocr_carea' id='block_1_10' title="bbox 176 1438 851 2358">
    <p class='ocr_par' dir='ltr' id='par_1_12' title="bbox 176 1438 846 1774">
     <span class='ocr_line' id='line_1_19' title="bbox 177 1438 842 1480; baseline 0.005 -13"><span class='ocrx_word' id='word_1_101' title='bbox 177 1442 338 1479; x_wconf 86' lang='lat' dir='ltr'>tamquam</span> <span class='ocrx_word' id='word_1_102' title='bbox 353 1438 483 1469; x_wconf 81' lang='lat' dir='ltr'>alteram</span> <span class='ocrx_word' id='word_1_103' title='bbox 497 1439 667 1480; x_wconf 80' lang='lat' dir='ltr'>navigandi</span> <span class='ocrx_word' id='word_1_104' title='bbox 682 1440 842 1476; x_wconf 80' lang='lat' dir='ltr'>rationem,</span> 
     </span>
     <span class='ocr_line' id='line_1_20' title="bbox 176 1486 844 1529; baseline 0.001 -12"><span class='ocrx_word' id='word_1_105' title='bbox 176 1492 300 1518; x_wconf 84' lang='lat' dir='ltr'>servata</span> <span class='ocrx_word' id='word_1_106' title='bbox 315 1486 475 1529; x_wconf 83' lang='lat' dir='ltr'>allegoria.</span> <span class='ocrx_word' id='word_1_107' title='bbox 500 1487 588 1518; x_wconf 86' lang='lat' dir='ltr'>Idem</span> <span class='ocrx_word' id='word_1_108' title='bbox 601 1488 723 1518; x_wconf 84' lang='lat' dir='ltr'>monuit</span> <span class='ocrx_word' id='word_1_109' title='bbox 734 1489 844 1519; x_wconf 80' lang='lat' dir='ltr'>Burin.</span> 
     </span>
     <span class='ocr_line' id='line_1_21' title="bbox 177 1537 842 1578; baseline 0.002 -12"><span class='ocrx_word' id='word_1_110' title='bbox 177 1541 209 1566; x_wconf 89' lang='lat' dir='ltr'>et</span> <span class='ocrx_word' id='word_1_111' title='bbox 231 1541 345 1577; x_wconf 85' lang='lat' dir='ltr'>praeter</span> <span class='ocrx_word' id='word_1_112' title='bbox 367 1546 406 1567; x_wconf 84' lang='lat' dir='ltr'>ea</span> <span class='ocrx_word' id='word_1_113' title='bbox 428 1537 616 1574; x_wconf 79' lang='lat' dir='ltr'>observavit,</span> <span class='ocrx_word' id='word_1_114' title='bbox 640 1542 766 1578; x_wconf 82' lang='lat' dir='ltr'>poetam</span> <span class='ocrx_word' id='word_1_115' title='bbox 795 1548 842 1568; x_wconf 88' lang='lat' dir='ltr'>re-</span> 
     </span>
     <span class='ocr_line' id='line_1_22' title="bbox 177 1583 843 1628; baseline 0.005 -14"><span class='ocrx_word' id='word_1_116' title='bbox 177 1583 296 1626; x_wconf 84' lang='lat' dir='ltr'>spicere</span> <span class='ocrx_word' id='word_1_117' title='bbox 307 1585 347 1616; x_wconf 88' lang='lat' dir='ltr'>ad</span> <span class='ocrx_word' id='word_1_118' title='bbox 359 1585 556 1617; x_wconf 89' lang='lat' dir='ltr'>notissimum</span> <span class='ocrx_word' id='word_1_119' title='bbox 570 1586 720 1628; x_wconf 86' lang='lat' dir='ltr'>loquendi</span> <span class='ocrx_word' id='word_1_120' title='bbox 733 1597 843 1628; x_wconf 87' lang='lat' dir='ltr'>genus,</span> 
     </span>
     <span class='ocr_line' id='line_1_23' title="bbox 177 1635 846 1677; baseline 0.004 -13"><span class='ocrx_word' id='word_1_121' title='bbox 177 1635 266 1665; x_wconf 87' lang='lat' dir='ltr'>remis</span> <span class='ocrx_word' id='word_1_122' title='bbox 281 1640 312 1665; x_wconf 94' lang='lat' dir='ltr'>et</span> <span class='ocrx_word' id='word_1_123' title='bbox 326 1637 421 1666; x_wconf 80' lang='lat' dir='ltr'>ventis</span> <span class='ocrx_word' id='word_1_124' title='bbox 436 1635 593 1677; x_wconf 84' lang='lat' dir='ltr'>navigare.</span> <span class='ocrx_word' id='word_1_125' title='bbox 639 1636 718 1672; x_wconf 79' lang='lat' dir='ltr'>Quae</span> <span class='ocrx_word' id='word_1_126' title='bbox 736 1646 811 1667; x_wconf 86' lang='lat' dir='ltr'>aura</span> <span class='ocrx_word' id='word_1_127' title='bbox 826 1646 846 1666; x_wconf 88' lang='lat' dir='ltr'>a</span> 
     </span>
     <span class='ocr_line' id='line_1_24' title="bbox 177 1682 844 1727; baseline 0.001 -13"><span class='ocrx_word' id='word_1_128' title='bbox 177 1682 237 1714; x_wconf 89' lang='lat' dir='ltr'>deo</span> <span class='ocrx_word' id='word_1_129' title='bbox 263 1683 399 1725; x_wconf 88' lang='lat' dir='ltr'>placido,</span> <span class='ocrx_word' id='word_1_130' title='bbox 423 1695 484 1715; x_wconf 89' lang='lat' dir='ltr'>non</span> <span class='ocrx_word' id='word_1_131' title='bbox 513 1684 667 1726; x_wconf 86' lang='lat' dir='ltr'>procellas</span> <span class='ocrx_word' id='word_1_132' title='bbox 690 1684 723 1715; x_wconf 89' lang='lat' dir='ltr'>in</span> <span class='ocrx_word' id='word_1_133' title='bbox 747 1690 844 1727; x_wconf 82' lang='lat' dir='ltr'>caput</span> 
     </span>
     <span class='ocr_line' id='line_1_25' title="bbox 177 1731 808 1774; baseline 0.003 -12"><span class='ocrx_word' id='word_1_134' title='bbox 177 1731 246 1774; x_wconf 90' lang='lat' dir='ltr'>ejus</span> <span class='ocrx_word' id='word_1_135' title='bbox 259 1733 390 1770; x_wconf 89' lang='lat' dir='ltr'>ferente,</span> <span class='ocrx_word' id='word_1_136' title='bbox 405 1734 512 1765; x_wconf 89' lang='lat' dir='ltr'>venire</span> <span class='ocrx_word' id='word_1_137' title='bbox 528 1734 633 1765; x_wconf 86' lang='lat' dir='ltr'>debet.</span> <span class='ocrx_word' id='word_1_138' title='bbox 656 1734 808 1765; x_wconf 74' lang='lat' dir='ltr'><strong>HARLES.</strong></span> 
     </span>
    </p>

    <p class='ocr_par' dir='ltr' id='par_1_13' title="bbox 179 1783 844 1870">
     <span class='ocr_line' id='line_1_26' title="bbox 223 1783 844 1825; baseline 0.002 -12"><span class='ocrx_word' id='word_1_139' title='bbox 223 1783 276 1814; x_wconf 84' lang='lat'>24.</span> <span class='ocrx_word' id='word_1_140' title='bbox 300 1784 447 1815; x_wconf 74' lang='lat' dir='ltr'>Amicitia:</span> <span class='ocrx_word' id='word_1_141' title='bbox 471 1784 691 1825; x_wconf 55' lang='lat' dir='ltr'>indeclinatoeJ</span> <span class='ocrx_word' id='word_1_142' title='bbox 723 1783 844 1814; x_wconf 88' lang='lat' dir='ltr'>Amici-</span> 
     </span>
     <span class='ocr_line' id='line_1_27' title="bbox 179 1831 706 1870; baseline 0.004 -8"><span class='ocrx_word' id='word_1_143' title='bbox 179 1831 231 1862; x_wconf 88' lang='lat' dir='ltr'>tiae</span> <span class='ocrx_word' id='word_1_144' title='bbox 247 1843 309 1863; x_wconf 90' lang='lat' dir='ltr'>non</span> <span class='ocrx_word' id='word_1_145' title='bbox 325 1833 510 1870; x_wconf 85' lang='lat' dir='ltr'>imminutae,</span> <span class='ocrx_word' id='word_1_146' title='bbox 527 1833 581 1864; x_wconf 89' lang='lat' dir='ltr'>sed</span> <span class='ocrx_word' id='word_1_147' title='bbox 597 1834 706 1864; x_wconf 80' lang='lat' dir='ltr'>firmae.</span> 
     </span>
    </p>

    <p class='ocr_par' dir='ltr' id='par_1_14' title="bbox 178 1882 851 2358">
     <span class='ocr_line' id='line_1_28' title="bbox 223 1882 843 1924; baseline 0.003 -12"><span class='ocrx_word' id='word_1_148' title='bbox 223 1882 276 1913; x_wconf 84' lang='lat'>27.</span> <span class='ocrx_word' id='word_1_149' title='bbox 294 1883 463 1924; x_wconf 60' lang='lat' dir='ltr'>Remmia]</span> <span class='ocrx_word' id='word_1_150' title='bbox 491 1884 615 1914; x_wconf 90' lang='lat' dir='ltr'>Bonum</span> <span class='ocrx_word' id='word_1_151' title='bbox 640 1888 687 1914; x_wconf 91' lang='lat' dir='ltr'>est</span> <span class='ocrx_word' id='word_1_152' title='bbox 708 1883 772 1914; x_wconf 90' lang='lat' dir='ltr'>h.l.</span> <span class='ocrx_word' id='word_1_153' title='bbox 789 1894 843 1914; x_wconf 91' lang='lat' dir='ltr'>vo-</span> 
     </span>
     <span class='ocr_line' id='line_1_29' title="bbox 180 1931 846 1975; baseline 0.003 -13"><span class='ocrx_word' id='word_1_154' title='bbox 180 1931 340 1969; x_wconf 85' lang='lat' dir='ltr'>cabulum,</span> <span class='ocrx_word' id='word_1_155' title='bbox 373 1933 469 1975; x_wconf 90' lang='lat' dir='ltr'>quod,</span> <span class='ocrx_word' id='word_1_156' title='bbox 498 1939 534 1964; x_wconf 88' lang='lat' dir='ltr'>ut</span> <span class='ocrx_word' id='word_1_157' title='bbox 561 1932 688 1975; x_wconf 82' lang='grc' dir='ltr'><em>ἀγαθὸς</em></span> <span class='ocrx_word' id='word_1_158' title='bbox 718 1933 846 1965; x_wconf 87' lang='lat' dir='ltr'>Graeco-</span> 
     </span>
     <span class='ocr_line' id='line_1_30' title="bbox 181 1982 847 2024; baseline 0.003 -13"><span class='ocrx_word' id='word_1_159' title='bbox 181 1991 262 2018; x_wconf 87' lang='lat' dir='ltr'>rum,</span> <span class='ocrx_word' id='word_1_160' title='bbox 280 1993 387 2014; x_wconf 90' lang='lat' dir='ltr'>omnes</span> <span class='ocrx_word' id='word_1_161' title='bbox 412 1983 474 2014; x_wconf 88' lang='lat' dir='ltr'>fere</span> <span class='ocrx_word' id='word_1_162' title='bbox 489 1982 620 2013; x_wconf 84' lang='lat' dir='ltr'>virtutes</span> <span class='ocrx_word' id='word_1_163' title='bbox 643 1982 847 2024; x_wconf 86' lang='lat' dir='ltr'>comprehen-</span> 
     </span>
     <span class='ocr_line' id='line_1_31' title="bbox 182 2031 846 2064; baseline -0.003 0"><span class='ocrx_word' id='word_1_164' title='bbox 182 2032 239 2064; x_wconf 87' lang='lat' dir='ltr'>dit.</span> <span class='ocrx_word' id='word_1_165' title='bbox 260 2043 290 2062; x_wconf 90' lang='lat' dir='ltr'>v.</span> <span class='ocrx_word' id='word_1_166' title='bbox 310 2031 413 2063; x_wconf 85' lang='lat' dir='ltr'>Cicer.</span> <span class='ocrx_word' id='word_1_167' title='bbox 433 2031 475 2062; x_wconf 88' lang='lat' dir='ltr'>iv.</span> <span class='ocrx_word' id='word_1_168' title='bbox 497 2031 625 2062; x_wconf 86' lang='lat' dir='ltr'>Tuscul.</span> <span class='ocrx_word' id='word_1_169' title='bbox 650 2032 702 2062; x_wconf 89' lang='lat'>10.</span> <span class='ocrx_word' id='word_1_170' title='bbox 729 2037 760 2062; x_wconf 87' lang='lat' dir='ltr'>et</span> <span class='ocrx_word' id='word_1_171' title='bbox 787 2031 846 2062; x_wconf 90' lang='lat' dir='ltr'>hoc</span> 
     </span>
     <span class='ocr_line' id='line_1_32' title="bbox 181 2080 849 2120; baseline -0.003 -7"><span class='ocrx_word' id='word_1_172' title='bbox 181 2082 252 2113; x_wconf 89' lang='lat' dir='ltr'>loco</span> <span class='ocrx_word' id='word_1_173' title='bbox 267 2080 372 2111; x_wconf 88' lang='lat' dir='ltr'>innuit</span> <span class='ocrx_word' id='word_1_174' title='bbox 384 2084 519 2112; x_wconf 83' lang='lat' dir='ltr'>amorem</span> <span class='ocrx_word' id='word_1_175' title='bbox 532 2093 537 2110; x_wconf 94' lang='lat'><strong>:</strong></span> <span class='ocrx_word' id='word_1_176' title='bbox 556 2091 614 2111; x_wconf 91' lang='lat' dir='ltr'>nec</span> <span class='ocrx_word' id='word_1_177' title='bbox 625 2080 717 2112; x_wconf 91' lang='lat' dir='ltr'>video</span> <span class='ocrx_word' id='word_1_178' title='bbox 729 2090 785 2111; x_wconf 88' lang='lat' dir='ltr'>cur</span> <span class='ocrx_word' id='word_1_179' title='bbox 797 2092 849 2120; x_wconf 86' lang='lat' dir='ltr'>pe-</span> 
     </span>
     <span class='ocr_line' id='line_1_33' title="bbox 181 2129 847 2172; baseline -0.003 -10"><span class='ocrx_word' id='word_1_180' title='bbox 181 2132 272 2162; x_wconf 76' lang='lat' dir='ltr'>renni</span> <span class='ocrx_word' id='word_1_181' title='bbox 287 2129 453 2172; x_wconf 77' lang='lat' dir='ltr'>displiceat</span> <span class='ocrx_word' id='word_1_182' title='bbox 468 2130 611 2167; x_wconf 84' lang='lat' dir='ltr'>Heinsio,</span> <span class='ocrx_word' id='word_1_183' title='bbox 624 2130 828 2161; x_wconf 80' lang='lat' dir='ltr'>emendaturo</span> <span class='ocrx_word' id='word_1_184' title='bbox 841 2142 847 2159; x_wconf 73' lang='grc' dir='ltr'>ε</span> 
     </span>
     <span class='ocr_line' id='line_1_34' title="bbox 182 2180 851 2220; baseline -0.001 -9"><span class='ocrx_word' id='word_1_185' title='bbox 182 2180 232 2211; x_wconf 84' lang='lat' dir='ltr'>Sic</span> <span class='ocrx_word' id='word_1_186' title='bbox 257 2186 350 2220; x_wconf 85' lang='lat' dir='ltr'>aequet</span> <span class='ocrx_word' id='word_1_187' title='bbox 379 2186 434 2210; x_wconf 82' lang='lat' dir='ltr'>tua</span> <span class='ocrx_word' id='word_1_188' title='bbox 462 2186 558 2220; x_wconf 78' lang='lat' dir='ltr'>nupta</span> <span class='ocrx_word' id='word_1_189' title='bbox 589 2191 676 2210; x_wconf 82' lang='lat' dir='ltr'>suum</span> <span class='ocrx_word' id='word_1_190' title='bbox 701 2181 851 2219; x_wconf 74' lang='lat' dir='ltr'>probitate</span> 
     </span>
     <span class='ocr_line' id='line_1_35' title="bbox 178 2231 848 2270; baseline -0.003 -10"><span class='ocrx_word' id='word_1_191' title='bbox 178 2235 346 2270; x_wconf 85' lang='lat' dir='ltr'>parentem,</span> <span class='ocrx_word' id='word_1_192' title='bbox 363 2234 417 2259; x_wconf 88' lang='lat' dir='ltr'>aut</span> <span class='ocrx_word' id='word_1_193' title='bbox 433 2231 532 2260; x_wconf 82' lang='lat' dir='ltr'>virum</span> <span class='ocrx_word' id='word_1_194' title='bbox 553 2231 701 2268; x_wconf 76' lang='lat' dir='ltr'>probitate</span> <span class='ocrx_word' id='word_1_195' title='bbox 717 2236 848 2268; x_wconf 78' lang='lat' dir='ltr'>patrem—</span> 
     </span>
     <span class='ocr_line' id='line_1_36' title="bbox 183 2277 848 2319; baseline -0.003 -10"><span class='ocrx_word' id='word_1_196' title='bbox 183 2289 249 2319; x_wconf 81' lang='lat' dir='ltr'>que.</span> <span class='ocrx_word' id='word_1_197' title='bbox 293 2277 355 2309; x_wconf 84' lang='lat' dir='ltr'>Sed</span> <span class='ocrx_word' id='word_1_198' title='bbox 374 2279 507 2318; x_wconf 81' lang='lat' dir='ltr'>probitas</span> <span class='ocrx_word' id='word_1_199' title='bbox 525 2278 564 2308; x_wconf 86' lang='lat' dir='ltr'>de</span> <span class='ocrx_word' id='word_1_200' title='bbox 584 2278 769 2308; x_wconf 84' lang='lat' dir='ltr'>feminarum</span> <span class='ocrx_word' id='word_1_201' title='bbox 791 2289 848 2319; x_wconf 88' lang='lat' dir='ltr'>pu-</span> 
     </span>
     <span class='ocr_line' id='line_1_37' title="bbox 184 2326 849 2358; baseline 0 0"><span class='ocrx_word' id='word_1_202' title='bbox 184 2326 294 2358; x_wconf 84' lang='lat' dir='ltr'>dicitia</span> <span class='ocrx_word' id='word_1_203' title='bbox 308 2327 372 2358; x_wconf 87' lang='lat' dir='ltr'>fere</span> <span class='ocrx_word' id='word_1_204' title='bbox 387 2326 513 2358; x_wconf 86' lang='lat' dir='ltr'>dicitur.</span> <span class='ocrx_word' id='word_1_205' title='bbox 526 2339 557 2358; x_wconf 87' lang='lat' dir='ltr'>v.</span> <span class='ocrx_word' id='word_1_206' title='bbox 568 2329 678 2358; x_wconf 80' lang='lat' dir='ltr'>Burm.</span> <span class='ocrx_word' id='word_1_207' title='bbox 701 2327 849 2358; x_wconf 76' lang='lat' dir='ltr'>HARLES.</span> 
     </span>
    </p>
   </div>
   <div class='ocr_carea' id='block_1_11' title="bbox 227 2376 848 2467">
    <p class='ocr_par' dir='ltr' id='par_1_15' title="bbox 227 2376 848 2467">
     <span class='ocr_line' id='line_1_38' title="bbox 227 2376 835 2418; baseline 0 -12"><span class='ocrx_word' id='word_1_208' title='bbox 227 2377 280 2407; x_wconf 87' lang='lat'>29.</span> <span class='ocrx_word' id='word_1_209' title='bbox 304 2376 406 2407; x_wconf 78' lang='lat' dir='ltr'>Socius</span> <span class='ocrx_word' id='word_1_210' title='bbox 421 2376 606 2418; x_wconf 62' lang='lat' dir='ltr'>sanguinis]</span> <span class='ocrx_word' id='word_1_211' title='bbox 628 2377 736 2407; x_wconf 85' lang='lat' dir='ltr'>Frater</span> <span class='ocrx_word' id='word_1_212' title='bbox 753 2381 835 2406; x_wconf 89' lang='lat' dir='ltr'>tuus.</span> 
     </span>
     <span class='ocr_line' id='line_1_39' title="bbox 229 2425 848 2467; baseline -0.002 -10"><span class='ocrx_word' id='word_1_213' title='bbox 229 2427 283 2457; x_wconf 86' lang='lat'>30.</span> <span class='ocrx_word' id='word_1_214' title='bbox 303 2425 442 2466; x_wconf 60' lang='lat' dir='ltr'>Frater]</span> <span class='ocrx_word' id='word_1_215' title='bbox 470 2426 596 2457; x_wconf 86' lang='lat' dir='ltr'>Pollux.</span> <span class='ocrx_word' id='word_1_216' title='bbox 619 2427 660 2456; x_wconf 82' lang='lat' dir='ltr'>Et</span> <span class='ocrx_word' id='word_1_217' title='bbox 676 2436 772 2467; x_wconf 89' lang='lat' dir='ltr'>quum</span> <span class='ocrx_word' id='word_1_218' title='bbox 788 2426 848 2457; x_wconf 90' lang='lat' dir='ltr'>Ju-</span> 
     </span>
    </p>
   </div>
   <div class='ocr_carea' id='block_1_12' title="bbox 237 2781 396 2812">
    <p class='ocr_par' dir='ltr' id='par_1_16' title="bbox 237 2781 396 2812">
     <span class='ocr_line' id='line_1_40' title="bbox 237 2781 396 2812; baseline -0.006 0"><span class='ocrx_word' id='word_1_219' title='bbox 237 2781 335 2812; x_wconf 81' lang='lat' dir='ltr'><strong>VOL.</strong></span> <span class='ocrx_word' id='word_1_220' title='bbox 352 2781 396 2811; x_wconf 86' lang='lat'>11.</span> 
     </span>
    </p>
   </div>
   <div class='ocr_carea' id='block_1_13' title="bbox 908 1435 1581 2405">
    <p class='ocr_par' dir='ltr' id='par_1_17' title="bbox 908 1435 1581 2405">
     <span class='ocr_line' id='line_1_41' title="bbox 909 1435 1573 1481; baseline -0.011 -11"><span class='ocrx_word' id='word_1_221' title='bbox 909 1439 989 1481; x_wconf 90' lang='lat' dir='ltr'>piter</span> <span class='ocrx_word' id='word_1_222' title='bbox 1019 1438 1136 1469; x_wconf 84' lang='lat' dir='ltr'>coelum</span> <span class='ocrx_word' id='word_1_223' title='bbox 1166 1436 1289 1467; x_wconf 87' lang='lat' dir='ltr'>Polluci</span> <span class='ocrx_word' id='word_1_224' title='bbox 1319 1435 1448 1465; x_wconf 76' lang='lat' dir='ltr'>daturus</span> <span class='ocrx_word' id='word_1_225' title='bbox 1480 1439 1573 1468; x_wconf 87' lang='lat' dir='ltr'>esset,</span> 
     </span>
     <span class='ocr_line' id='line_1_42' title="bbox 909 1486 1574 1530; baseline -0.012 -11"><span class='ocrx_word' id='word_1_226' title='bbox 909 1489 976 1530; x_wconf 83' lang='lat' dir='ltr'>ejus</span> <span class='ocrx_word' id='word_1_227' title='bbox 992 1487 1138 1529; x_wconf 85' lang='lat' dir='ltr'>precibus</span> <span class='ocrx_word' id='word_1_228' title='bbox 1160 1486 1278 1516; x_wconf 80' lang='lat' dir='ltr'>sactum</span> <span class='ocrx_word' id='word_1_229' title='bbox 1299 1490 1356 1519; x_wconf 75' lang='lat' dir='ltr'>est,</span> <span class='ocrx_word' id='word_1_230' title='bbox 1370 1490 1402 1513; x_wconf 81' lang='lat' dir='ltr'>ut</span> <span class='ocrx_word' id='word_1_231' title='bbox 1417 1494 1469 1513; x_wconf 81' lang='lat' dir='ltr'>sex</span> <span class='ocrx_word' id='word_1_232' title='bbox 1486 1492 1574 1512; x_wconf 91' lang='lat' dir='ltr'>men-</span> 
     </span>
     <span class='ocr_line' id='line_1_43' title="bbox 908 1530 1575 1567; baseline -0.01 0"><span class='ocrx_word' id='word_1_233' title='bbox 908 1537 994 1567; x_wconf 86' lang='lat' dir='ltr'>sibus</span> <span class='ocrx_word' id='word_1_234' title='bbox 1019 1536 1132 1567; x_wconf 84' lang='lat' dir='ltr'>Castor</span> <span class='ocrx_word' id='word_1_235' title='bbox 1159 1535 1190 1565; x_wconf 91' lang='lat' dir='ltr'>in</span> <span class='ocrx_word' id='word_1_236' title='bbox 1217 1535 1299 1565; x_wconf 83' lang='lat' dir='ltr'>coelo</span> <span class='ocrx_word' id='word_1_237' title='bbox 1328 1537 1420 1567; x_wconf 82' lang='lat' dir='ltr'>esset,</span> <span class='ocrx_word' id='word_1_238' title='bbox 1445 1530 1575 1562; x_wconf 90' lang='lat' dir='ltr'>totidem</span> 
     </span>
     <span class='ocr_line' id='line_1_44' title="bbox 909 1583 1328 1621; baseline -0.012 -4"><span class='ocrx_word' id='word_1_239' title='bbox 909 1586 1035 1621; x_wconf 76' lang='lat' dir='ltr'>Pollux,</span> <span class='ocrx_word' id='word_1_240' title='bbox 1051 1585 1176 1615; x_wconf 86' lang='lat' dir='ltr'>dicente</span> <span class='ocrx_word' id='word_1_241' title='bbox 1193 1583 1307 1614; x_wconf 89' lang='lat' dir='ltr'>Ovidio</span> <span class='ocrx_word' id='word_1_242' title='bbox 1323 1595 1328 1612; x_wconf 95' lang='lat'><strong>:</strong></span> 
     </span>
     <span class='ocr_line' id='line_1_45' title="bbox 953 1630 1577 1674; baseline -0.011 -9"><span class='ocrx_word' id='word_1_243' title='bbox 953 1635 1080 1674; x_wconf 75' lang='lat' dir='ltr'>Jamque</span> <span class='ocrx_word' id='word_1_244' title='bbox 1106 1635 1170 1669; x_wconf 76' lang='lat' dir='ltr'>tibi,</span> <span class='ocrx_word' id='word_1_245' title='bbox 1189 1632 1309 1667; x_wconf 67' lang='lat' dir='ltr'>Pollux,</span> <span class='ocrx_word' id='word_1_246' title='bbox 1328 1632 1432 1662; x_wconf 74' lang='lat' dir='ltr'>coelzmz</span> <span class='ocrx_word' id='word_1_247' title='bbox 1453 1630 1577 1660; x_wconf 82' lang='lat' dir='ltr'>sublime</span> 
     </span>
     <span class='ocr_line' id='line_1_46' title="bbox 994 1684 1128 1723; baseline -0.007 -9"><span class='ocrx_word' id='word_1_248' title='bbox 994 1684 1128 1723; x_wconf 79' lang='lat' dir='ltr'>patebat,</span> 
     </span>
     <span class='ocr_line' id='line_1_47' title="bbox 956 1729 1575 1771; baseline -0.011 -7"><span class='ocrx_word' id='word_1_249' title='bbox 956 1733 1057 1768; x_wconf 82' lang='lat' dir='ltr'>Quum</span> <span class='ocrx_word' id='word_1_250' title='bbox 1072 1744 1146 1768; x_wconf 81' lang='lat' dir='ltr'>mea,</span> <span class='ocrx_word' id='word_1_251' title='bbox 1157 1732 1269 1767; x_wconf 56' lang='lat' dir='ltr'>dixisti,</span> <span class='ocrx_word' id='word_1_252' title='bbox 1284 1731 1404 1771; x_wconf 81' lang='lat' dir='ltr'>percipe</span> <span class='ocrx_word' id='word_1_253' title='bbox 1420 1729 1508 1759; x_wconf 78' lang='lat' dir='ltr'>verba</span> <span class='ocrx_word' id='word_1_254' title='bbox 1520 1740 1575 1768; x_wconf 83' lang='lat' dir='ltr'>pa-</span> 
     </span>
     <span class='ocr_line' id='line_1_48' title="bbox 1000 1789 1065 1812; baseline -0.015 0"><span class='ocrx_word' id='word_1_255' title='bbox 1000 1789 1065 1812; x_wconf 79' lang='lat' dir='ltr'>ter.-</span> 
     </span>
     <span class='ocr_line' id='line_1_49' title="bbox 957 1828 1579 1867; baseline -0.01 -5"><span class='ocrx_word' id='word_1_256' title='bbox 957 1832 1043 1867; x_wconf 71' lang='lat' dir='ltr'>Quod</span> <span class='ocrx_word' id='word_1_257' title='bbox 1068 1832 1140 1861; x_wconf 73' lang='lat' dir='ltr'>mihi</span> <span class='ocrx_word' id='word_1_258' title='bbox 1164 1832 1218 1861; x_wconf 76' lang='lat' dir='ltr'>dus</span> <span class='ocrx_word' id='word_1_259' title='bbox 1242 1832 1309 1866; x_wconf 64' lang='lat' dir='ltr'>wli,</span> <span class='ocrx_word' id='word_1_260' title='bbox 1334 1829 1439 1860; x_wconf 78' lang='lat' dir='ltr'>coelum</span> <span class='ocrx_word' id='word_1_261' title='bbox 1460 1828 1579 1867; x_wconf 76' lang='lat' dir='ltr'>partire</span> 
     </span>
     <span class='ocr_line' id='line_1_50' title="bbox 998 1880 1197 1917; baseline -0.01 -5"><span class='ocrx_word' id='word_1_262' title='bbox 998 1882 1121 1917; x_wconf 81' lang='lat' dir='ltr'>duobus,</span> <span class='ocrx_word' id='word_1_263' title='bbox 1138 1880 1197 1910; x_wconf 68' lang='grc' dir='ltr'>ἃς.</span> 
     </span>
     <span class='ocr_line' id='line_1_51' title="bbox 913 1925 1577 1971; baseline -0.011 -8"><span class='ocrx_word' id='word_1_264' title='bbox 913 1931 1006 1969; x_wconf 88' lang='lat' dir='ltr'>Quod</span> <span class='ocrx_word' id='word_1_265' title='bbox 1021 1931 1093 1962; x_wconf 86' lang='lat' dir='ltr'>ideo</span> <span class='ocrx_word' id='word_1_266' title='bbox 1106 1930 1245 1971; x_wconf 84' lang='lat' dir='ltr'>fingitur,</span> <span class='ocrx_word' id='word_1_267' title='bbox 1264 1927 1340 1969; x_wconf 84' lang='lat' dir='ltr'>quia</span> <span class='ocrx_word' id='word_1_268' title='bbox 1356 1937 1463 1958; x_wconf 88' lang='lat' dir='ltr'>eorum</span> <span class='ocrx_word' id='word_1_269' title='bbox 1477 1925 1577 1957; x_wconf 88' lang='lat' dir='ltr'>stellae</span> 
     </span>
     <span class='ocr_line' id='line_1_52' title="bbox 913 1975 1576 2015; baseline -0.009 -4"><span class='ocrx_word' id='word_1_270' title='bbox 913 1980 960 2011; x_wconf 84' lang='lat' dir='ltr'>ita</span> <span class='ocrx_word' id='word_1_271' title='bbox 975 1991 1008 2011; x_wconf 91' lang='lat' dir='ltr'>se</span> <span class='ocrx_word' id='word_1_272' title='bbox 1024 1980 1152 2015; x_wconf 83' lang='lat' dir='ltr'>habent,</span> <span class='ocrx_word' id='word_1_273' title='bbox 1168 1984 1203 2009; x_wconf 85' lang='lat' dir='ltr'>ut</span> <span class='ocrx_word' id='word_1_274' title='bbox 1217 1976 1383 2008; x_wconf 88' lang='lat' dir='ltr'>occidente</span> <span class='ocrx_word' id='word_1_275' title='bbox 1406 1986 1480 2011; x_wconf 85' lang='lat' dir='ltr'>una,</span> <span class='ocrx_word' id='word_1_276' title='bbox 1495 1975 1576 2006; x_wconf 87' lang='lat' dir='ltr'>oria-</span> 
     </span>
     <span class='ocr_line' id='line_1_53' title="bbox 914 2025 1580 2070; baseline -0.009 -9"><span class='ocrx_word' id='word_1_277' title='bbox 914 2035 964 2061; x_wconf 88' lang='lat' dir='ltr'>tur</span> <span class='ocrx_word' id='word_1_278' title='bbox 989 2030 1107 2067; x_wconf 81' lang='lat' dir='ltr'>altera3</span> <span class='ocrx_word' id='word_1_279' title='bbox 1130 2029 1179 2060; x_wconf 90' lang='lat' dir='ltr'>vel</span> <span class='ocrx_word' id='word_1_280' title='bbox 1207 2027 1283 2070; x_wconf 82' lang='lat' dir='ltr'>quia</span> <span class='ocrx_word' id='word_1_281' title='bbox 1310 2026 1440 2057; x_wconf 83' lang='lat' dir='ltr'>alternis</span> <span class='ocrx_word' id='word_1_282' title='bbox 1468 2025 1580 2056; x_wconf 89' lang='lat' dir='ltr'>diebus</span> 
     </span>
     <span class='ocr_line' id='line_1_54' title="bbox 915 2074 1581 2120; baseline -0.009 -10"><span class='ocrx_word' id='word_1_283' title='bbox 915 2080 1032 2110; x_wconf 84' lang='lat' dir='ltr'>lucent.</span> <span class='ocrx_word' id='word_1_284' title='bbox 1077 2077 1226 2120; x_wconf 81' lang='lat' dir='ltr'>Hyginus</span> <span class='ocrx_word' id='word_1_285' title='bbox 1241 2075 1359 2111; x_wconf 82' lang='lat' dir='ltr'>scribit,</span> <span class='ocrx_word' id='word_1_286' title='bbox 1372 2074 1535 2106; x_wconf 82' lang='lat' dir='ltr'>Castorem</span> <span class='ocrx_word' id='word_1_287' title='bbox 1549 2079 1581 2105; x_wconf 90' lang='lat' dir='ltr'>et</span> 
     </span>
     <span class='ocr_line' id='line_1_55' title="bbox 918 2123 1580 2158; baseline -0.011 1"><span class='ocrx_word' id='word_1_288' title='bbox 918 2128 1082 2158; x_wconf 86' lang='lat' dir='ltr'>Pollucem</span> <span class='ocrx_word' id='word_1_289' title='bbox 1112 2126 1252 2157; x_wconf 87' lang='lat' dir='ltr'>omnium</span> <span class='ocrx_word' id='word_1_290' title='bbox 1282 2124 1412 2154; x_wconf 82' lang='lat' dir='ltr'>fratrum</span> <span class='ocrx_word' id='word_1_291' title='bbox 1442 2123 1523 2154; x_wconf 83' lang='lat' dir='ltr'>inter</span> <span class='ocrx_word' id='word_1_292' title='bbox 1547 2133 1580 2153; x_wconf 89' lang='lat' dir='ltr'>se</span> 
     </span>
     <span class='ocr_line' id='line_1_56' title="bbox 918 2171 1580 2214; baseline -0.011 -6"><span class='ocrx_word' id='word_1_293' title='bbox 918 2176 1146 2208; x_wconf 83' lang='lat' dir='ltr'>amantissimos</span> <span class='ocrx_word' id='word_1_294' title='bbox 1172 2175 1266 2205; x_wconf 86' lang='lat' dir='ltr'>fuisse</span> <span class='ocrx_word' id='word_1_295' title='bbox 1282 2186 1290 2212; x_wconf 90' lang='lat'>;</span> <span class='ocrx_word' id='word_1_296' title='bbox 1313 2173 1397 2214; x_wconf 87' lang='lat' dir='ltr'>quod</span> <span class='ocrx_word' id='word_1_297' title='bbox 1418 2182 1521 2213; x_wconf 88' lang='lat' dir='ltr'>neque</span> <span class='ocrx_word' id='word_1_298' title='bbox 1541 2171 1580 2202; x_wconf 91' lang='lat' dir='ltr'>de</span> 
     </span>
     <span class='ocr_line' id='line_1_57' title="bbox 917 2221 1581 2269; baseline -0.012 -11"><span class='ocrx_word' id='word_1_299' title='bbox 917 2227 1094 2269; x_wconf 81' lang='lat' dir='ltr'>principatu</span> <span class='ocrx_word' id='word_1_300' title='bbox 1110 2224 1349 2258; x_wconf 86' lang='lat' dir='ltr'>contenderunt,</span> <span class='ocrx_word' id='word_1_301' title='bbox 1365 2232 1467 2263; x_wconf 90' lang='lat' dir='ltr'>neque</span> <span class='ocrx_word' id='word_1_302' title='bbox 1483 2221 1581 2251; x_wconf 84' lang='lat' dir='ltr'>ullam</span> 
     </span>
     <span class='ocr_line' id='line_1_58' title="bbox 917 2271 1579 2311; baseline -0.011 -4"><span class='ocrx_word' id='word_1_303' title='bbox 917 2287 982 2307; x_wconf 86' lang='lat' dir='ltr'>rem</span> <span class='ocrx_word' id='word_1_304' title='bbox 997 2276 1062 2307; x_wconf 87' lang='lat' dir='ltr'>sine</span> <span class='ocrx_word' id='word_1_305' title='bbox 1078 2273 1237 2306; x_wconf 87' lang='lat' dir='ltr'>communi</span> <span class='ocrx_word' id='word_1_306' title='bbox 1253 2271 1381 2304; x_wconf 84' lang='lat' dir='ltr'>consilio</span> <span class='ocrx_word' id='word_1_307' title='bbox 1398 2275 1579 2311; x_wconf 85' lang='lat' dir='ltr'>gesserunt:</span> 
     </span>
     <span class='ocr_line' id='line_1_59' title="bbox 917 2319 1581 2368; baseline -0.011 -12"><span class='ocrx_word' id='word_1_308' title='bbox 917 2336 971 2368; x_wconf 90' lang='lat' dir='ltr'>pro</span> <span class='ocrx_word' id='word_1_309' title='bbox 985 2325 1100 2366; x_wconf 86' lang='lat' dir='ltr'>quibus</span> <span class='ocrx_word' id='word_1_310' title='bbox 1111 2323 1220 2354; x_wconf 87' lang='lat' dir='ltr'>officiis</span> <span class='ocrx_word' id='word_1_311' title='bbox 1233 2332 1285 2353; x_wconf 87' lang='lat' dir='ltr'>eos</span> <span class='ocrx_word' id='word_1_312' title='bbox 1299 2320 1424 2363; x_wconf 85' lang='lat' dir='ltr'>Jupiter</span> <span class='ocrx_word' id='word_1_313' title='bbox 1435 2319 1514 2350; x_wconf 85' lang='lat' dir='ltr'>inter</span> <span class='ocrx_word' id='word_1_314' title='bbox 1527 2329 1581 2350; x_wconf 87' lang='lat' dir='ltr'>no-</span> 
     </span>
     <span class='ocr_line' id='line_1_60' title="bbox 918 2371 1341 2405; baseline -0.012 0"><span class='ocrx_word' id='word_1_315' title='bbox 918 2374 1038 2405; x_wconf 81' lang='lat' dir='ltr'>tissima</span> <span class='ocrx_word' id='word_1_316' title='bbox 1053 2373 1154 2404; x_wconf 82' lang='lat' dir='ltr'>sidera</span> <span class='ocrx_word' id='word_1_317' title='bbox 1170 2371 1341 2402; x_wconf 86' lang='lat' dir='ltr'>constituit.</span> 
     </span>
    </p>
   </div>
   <div class='ocr_carea' id='block_1_14' title="bbox 1055 2778 1083 2807">
    <p class='ocr_par' dir='ltr' id='par_1_18' title="bbox 1055 2778 1083 2807">
     <span class='ocr_line' id='line_1_61' title="bbox 1055 2778 1083 2807; baseline 0 -6"><span class='ocrx_word' id='word_1_318' title='bbox 1055 2778 1083 2807; x_wconf 89' lang='lat' dir='ltr'>U</span> 
     </span>
    </p>
   </div>
  </div>
 </body>
</html>
