1760 3172
414 180 725 223 TRISTIUM
758 179 879 221 LIB.
914 179 951 220 I.
986 178 1164 220 ELEG.
1200 179 1264 218 ΙΙ.

1453 180 1536 219 151

148 296 332 343 Nescio
358 313 458 359 quo
476 296 669 343 videam
696 295 884 358 positos
907 301 966 359 ut
992 294 1039 339 in
1065 295 1184 339 orbe
1206 293 1445 348 Tomitas,
1475 296 1536 340 85

214 372 411 419 Exilem
436 373 563 420 facio
588 388 676 436 per
701 388 812 418 mea
836 378 952 417 vota
975 370 1123 416 viam.

149 449 251 496 Seu
276 466 356 497 me
380 450 603 513 diligitis,
632 456 798 496 tantos
824 447 1130 510 compescite
1156 446 1356 501 fluetus,

214 525 480 589 Pronaque
506 526 606 573 sint
629 533 808 573 nostrae
834 523 1038 571 numina
1062 528 1226 570 vestra
1251 523 1370 570 rati:

150 604 252 651 Seu
277 604 435 666 magis
461 603 652 658 odistis,
675 604 830 664 jussae
857 618 935 647 me
961 600 1203 651 advertite
1228 607 1369 646 terrae
1393 618 1403 655 3

218 680 464 744 Supplieii
490 696 605 744 pars
632 686 709 726 est
734 679 783 725 in
809 678 1010 740 regione
1037 676 1151 723 mei.
1480 678 1543 722 90

149 757 312 813 Ferte,
340 758 461 821 quid
486 758 565 804 hie
592 757 720 804 facio
742 758 759 803 ?
797 755 956 818 rapidi
984 770 1095 800 mea
1119 754 1328 799 carbasa
1354 752 1482 798 venti
1509 770 1517 798 ε

216 833 464 881 Ausonios
490 834 613 881 fines
639 849 726 880 cur
752 848 863 879 mea
886 832 996 878 vela
1020 830 1226 876 vident?

153 911 328 958 Noluit
347 911 440 957 hoc
464 911 661 957 Caesar:
702 909 839 971 quid,
863 924 1015 970 quem
1041 907 1181 968 fugat
1207 906 1306 960 ille,
1330 905 1546 952 tenetis?

219 987 483 1050 Adspiciat
506 987 670 1033 vultus
697 986 911 1032 Pontica
934 991 1064 1031 terra
1089 999 1242 1030 meos.

155 1064 222 1111 Et
240 1065 405 1127 jubet,
433 1070 483 1110 et
507 1063 664 1109 merui
687 1058 847 1136 :snee,
875 1077 988 1124 quae
1015 1059 1325 1106 damnaverit
1350 1059 1447 1113 ille,
1484 1060 1546 1104 95

223 1140 447 1188 Crimina
470 1139 670 1187 defendi
696 1139 831 1186 fasve
857 1138 1055 1201 piumve
1082 1143 1217 1200 putO.

157 1217 210 1264 Si
237 1224 403 1264 tamen
429 1222 543 1263 acta
569 1216 704 1263 Deos
730 1231 985 1277 uunquam
1011 1214 1239 1260 mortalia
1264 1212 1455 1265 fallunt,

222 1293 266 1340 A
292 1294 442 1357 culpa
465 1293 658 1340 facinus
685 1292 823 1339 scitis
847 1293 1026 1339 abesse
1053 1307 1179 1337 mea.

198 1488 253 1517 85.
282 1482 441 1526 Tomitas]
467 1486 580 1516 Tomos
608 1486 681 1515 urbs
702 1485 761 1516 suit
787 1485 818 1515 in

155 1534 268 1566 Getico
284 1534 374 1565 litore
389 1547 394 1564 :
420 1534 464 1565 sic
481 1534 577 1571 dicta,
591 1534 739 1576 quoniam
756 1535 820 1565 illic

154 1584 275 1615 lVIedea
288 1584 414 1614 fratrem
429 1584 611 1614 trucidavit.
658 1585 754 1614 MEn.

200 1634 253 1664 86.
278 1633 424 1673 Exilem]
460 1633 610 1664 Heinsius
634 1632 820 1674 interpreta-

157 1690 207 1716 tur
233 1685 373 1719 brevem,
402 1682 667 1724 compendiosam,
691 1682 730 1712 de
757 1692 820 1724 qua

157 1733 384 1775 significatione
409 1738 440 1763 et
458 1737 612 1774 potestate
637 1731 747 1761 merito
763 1730 821 1760 du-

156 1783 237 1814 bitat
252 1782 462 1817 Burmannus,
478 1780 532 1822 qui
548 1779 619 1811 ideo
635 1790 748 1810 novam
764 1779 821 1808 fin-

158 1832 204 1874 git
224 1830 414 1862 lectionem:
448 1829 663 1871 E.rsiliofaci0
683 1840 735 1868 per
759 1839 820 1857 mea

159 1888 228 1912 vota
251 1883 341 1917 viam,
363 1880 394 1911 h.
418 1891 446 1910 e.
470 1890 579 1922 precor
602 1885 633 1910 et
656 1889 765 1913 voveo,
791 1883 824 1908 ut

160 1930 237 1962 mihi
262 1929 312 1961 via
337 1929 378 1959 sit
400 1929 503 1960 facilis
525 1933 557 1959 et
577 1938 674 1970 prona
701 1927 741 1957 ad
763 1927 823 1956 To-

160 1981 266 2016 mitas,
300 1979 353 2010 ubi
390 1978 534 2009 exsulare
562 1977 683 2008 debeo:
714 1976 823 2017 fucere

160 2032 239 2061 viam
261 2034 309 2059 est
324 2039 378 2069 per
394 2027 551 2058 obstantia
572 2026 662 2067 quasi
686 2036 823 2067 perrum—

161 2089 245 2121 pere,
262 2082 294 2108 et
309 2077 436 2108 obvium
455 2076 539 2118 apud
555 2081 692 2106 nostrum
708 2087 715 2112 ;
742 2074 822 2105 adde

162 2129 284 2160 Gesner
299 2127 330 2158 in
342 2126 487 2157 thesauro
503 2126 539 2156 L.
551 2126 587 2156 L.
597 2137 626 2155 v.
639 2127 698 2155 via.
730 2125 824 2155 Fran-

162 2178 229 2209 cius
258 2175 433 2217 corrigebat
460 2176 598 2215 exiguam
627 2176 716 2204 viam.
763 2172 824 2202 Sed

161 2228 266 2259 forsan
289 2225 368 2256 nihil
391 2224 576 2255 mutandum
598 2228 655 2258 est,
671 2222 696 2253 si
720 2223 823 2253 erilem

162 2273 389 2317 interpreteris,
405 2272 632 2307 calamitosam,
658 2276 711 2301 aut
729 2270 824 2301 horri-

163 2324 248 2361 dam,
264 2322 411 2355 sterilem.
457 2322 542 2352 Loca
555 2320 648 2362 hujus
669 2319 825 2361 significa—

164 2372 259 2405 tionis
279 2373 400 2403 dabunt
417 2369 564 2402 Gifanius
583 2369 617 2400 in
632 2369 726 2400 Obss.
742 2370 777 2399 L.
791 2369 825 2399 L.

164 2433 240 2465 pag.
268 2421 339 2451 180.
364 2420 497 2451 Altenb.
528 2420 621 2450 1762.
648 2426 679 2450 et
705 2418 827 2449 Gesner

165 2471 237 2502 libr.
262 2480 355 2500 mem.
370 2480 401 2499 v.
424 2470 518 2504 exilis,
541 2468 592 2498 cui
618 2468 713 2498 etiam
741 2468 828 2497 miles

165 2520 311 2551 videntur
325 2518 457 2560 primum
470 2516 547 2548 dicti
562 2517 611 2548 vel
623 2516 765 2549 homines
778 2516 828 2546 vel

167 2579 262 2599 canes
272 2567 365 2597 valde
377 2566 551 2597 substrictis
565 2568 665 2596 ilibus.
689 2565 759 2595 Hac
771 2575 829 2605 ego

166 2617 267 2659 prima
295 2614 521 2656 significatione
552 2620 663 2650 motus,
697 2619 728 2643 et
757 2613 826 2654 quia

167 2666 264 2696 etiam
284 2664 445 2705 legebatur
463 2663 495 2694 in
510 2663 596 2694 libus
619 2665 712 2699 milii,
729 2663 824 2704 suspi-

888 1497 950 1522 cor,
980 1497 1083 1517 annon
1107 1485 1262 1526 scripserit
1289 1484 1434 1519 Ovidius,
1454 1484 1549 1517 erilis,

891 1537 920 1566 h.
931 1548 961 1567 e.
985 1536 1096 1577 opibus
1112 1540 1143 1565 et
1156 1534 1301 1564 libertate
1315 1534 1461 1563 Romana
1476 1544 1551 1562 exu-

891 1593 951 1617 tus.
1000 1585 1150 1615 HARLrs.

933 1635 987 1665 87.
1021 1635 1079 1664 Seu
1109 1633 1178 1673 men]
1213 1632 1244 1661 Si
1274 1643 1319 1661 me
1347 1631 1443 1661 edidit
1472 1630 1551 1671 Gry-

890 1684 994 1726 phius,
1010 1682 1176 1723 Micyllus,
1194 1687 1224 1711 et
1240 1680 1368 1721 quidam
1387 1679 1452 1710 alii.

933 1734 985 1763 89.
1009 1732 1102 1762 Jusstf
1127 1743 1169 1761 me
1190 1731 1338 1760 advertite
1363 1728 1476 1768 terma]
1504 1728 1553 1758 Sic

891 1781 1006 1823 virgil.
1032 1793 1063 1811 v.
1089 1781 1149 1811 34:
1186 1780 1225 1808 Et
1251 1780 1368 1808 tundam
1397 1779 1456 1807 lteri
1483 1783 1556 1807 notar

890 1834 1098 1862 advertuntur
1113 1840 1222 1859 arente.

934 1882 989 1911 90.
1028 1880 1176 1919 811]ψῖἱοίιῖ
1203 1888 1274 1916 pars
1303 1883 1344 1906 est
1377 1878 1405 1905 in
1438 1877 1556 1915 regione

894 1929 995 1969 mori]
1027 1929 1093 1958 Hac
1117 1929 1238 1969 regione
1260 1925 1400 1966 quinque
1420 1930 1552 1954 veteres.

892 1979 1075 2020 Scripserat,
1100 1982 1189 2017 puto,
1219 1974 1374 2005 Ovidius:
1407 1973 1557 2012 Supplicii

891 2039 961 2067 pars
980 2034 1021 2057 esc
1045 2029 1074 2056 in
1099 2027 1217 2067 regione
1238 2027 1313 2054 mei.-
1339 2023 1397 2053 hoc
1413 2027 1458 2053 est
1474 2021 1555 2063 quod

892 2076 947 2106 lib.
971 2076 1017 2106 iii.
1040 2075 1091 2105 El.
1114 2086 1144 2105 x.
1166 2084 1246 2104 vers.
1266 2073 1317 2102 77.
1344 2070 1444 2101 dicet:

938 2126 1019 2167 Ergo
1035 2131 1096 2155 tam
1120 2125 1205 2165 longe
1227 2128 1329 2162 puteat
1345 2132 1435 2161 quum
1463 2123 1555 2150 mati—

1023 2184 1085 2203 mus
1101 2174 1187 2208 orbis,

981 2222 1054 2252 Haec
1076 2229 1115 2251 es!
1139 2223 1169 2251 in
1194 2232 1307 2260 poenam
1335 2226 1415 2249 terra
1441 2225 1558 2257 reperta

1022 2282 1112 2301 meum
1129 2272 1139 2299 ?
1396 2268 1514 2298 mes.

936 2328 990 2357 92.
1025 2324 1296 2366 Ausoniosfines]
1336 2323 1436 2354 Italiae
1468 2324 1555 2354 fines.

895 2376 935 2405 Vi
962 2375 1046 2405 enim
1070 2374 1267 2416 tempestatis
1288 2372 1502 2403 referebantur
1526 2372 1558 2402 in

895 2424 1020 2455 Italiam
1035 2424 1146 2454 relicto
1161 2421 1254 2465 priori
1270 2432 1372 2452 cursu.

939 2474 993 2503 96.
1019 2473 1104 2503 Olim
1123 2471 1385 2514 legebaturfasre
1406 2473 1557 2511 piumque,

897 2522 971 2563 quia
997 2531 1068 2551 vero
1085 2521 1142 2562 fiis
1168 2521 1251 2551 idem
1278 2525 1336 2555 est,
1362 2519 1445 2560 quod
1464 2522 1560 2559 pium,

898 2572 1098 2601 Burmannus
1122 2569 1216 2609 Regii
1240 2568 1356 2598 codicis
1376 2568 1561 2609 scripturam

898 2619 1015 2660 recepit
1054 2618 1086 2648 in
1125 2624 1245 2649 textum
1266 2630 1270 2645 :

899 2669 1049 2699 HAnLsss.

976 2722 997 2751 L
1014 2722 1032 2750 4

1303 2620 1393 2656 jusve
1406 2619 1537 2657 piunwe.
