1760 3172
373 163 463 204 EX
497 163 707 204 Por-{TO
742 162 861 203 LlB.
895 163 932 203 Ι.
965 164 1157 204 EPIST.
1190 163 1272 205 VI.

1432 165 1518 207 379

143 279 252 326 Nec
278 278 543 341 quisquam
567 277 769 324 meliore
794 276 891 325 fide
916 277 1261 341 complectitur
1285 279 1409 335 illas,

210 355 322 410 Qua
345 355 460 402 sinit
484 355 714 410 officium,
740 354 1031 417 militiaeque
1056 355 1209 402 labor.
1461 360 1518 403 lO

145 432 293 480 Certe
314 448 422 494 ego,
441 447 595 495 quum
615 432 826 495 primum
846 431 984 495 potui
1005 431 1187 478 sentire
1204 432 1323 494 quid
1338 448 1516 489 essem,

209 509 339 556 Nam
363 509 455 556 fuit
479 509 699 556 adtonito
725 524 865 555 mens
890 508 1006 555 mihi
1036 508 1171 554 nulla
1196 508 1295 563 diu,

142 585 251 633 Hoc
277 602 478 649 quoque
502 586 707 633 fortunae
733 586 881 642 sensi,
910 586 1045 648 quod
1070 586 1258 632 amicus
1283 586 1513 634 abesses:

207 662 303 717 Qui
328 663 447 710 mihi
472 663 757 727 praesidium
782 662 967 725 grande
993 654 1185 708 futurus
1211 677 1336 709 eras.

140 739 327 786 Tecum
351 747 469 786 tunc
496 741 702 786 aberant
727 756 872 802 aegrae
899 739 1073 786 solatia
1096 738 1292 793 mentis,
1458 742 1516 786 15

205 815 492 880 Magnaque
517 833 631 880 pars
657 817 831 864 animae
857 817 1150 879 consiliique
1176 815 1289 862 mei.

138 893 207 940 At
231 909 376 950 nunc,
401 894 535 957 quod
561 901 803 957 superest,
825 893 896 940 fer
920 909 1082 956 opem,
1111 908 1298 956 precor,
1325 892 1516 940 eminus

204 970 555 1034 Adloquioque
575 972 693 1034 juva
717 978 922 1035 pectora
945 977 1111 1017 nostra
1134 977 1220 1016 tuo
1242 986 1252 1016 z
1316 970 1512 1031 [unam3

139 1046 278 1103 Quae,
304 1064 403 1094 non
427 1047 655 1096 mendaci
681 1047 721 1095 si
747 1047 1021 1111 quidquam
1046 1047 1206 1093 credis
1233 1045 1408 1102 amico,

204 1123 370 1172 Stulta
393 1125 550 1187 magis
576 1123 691 1180 dici,
719 1140 870 1187 quam
896 1123 1151 1178 scelerata,
1177 1123 1342 1170 decet.
1452 1127 1515 1169 20

138 1201 184 1247 N
190 1217 246 1248 ec
270 1202 393 1258 leve,
421 1218 513 1250 nec
538 1208 717 1257 tutum,
745 1201 943 1265 peccati
969 1217 1079 1263 quae
1107 1200 1170 1246 sit
1196 1200 1348 1262 origo,

204 1277 433 1325 Scribere
454 1297 464 1336 ;
505 1278 705 1325 tractari
728 1279 932 1326 vulnera
956 1284 1124 1324 nostra
1147 1277 1341 1324 timent.

137 1353 501 1418 Qualicumque
526 1356 672 1402 modo
697 1355 816 1401 mihi
843 1355 942 1401 sint
967 1370 1026 1401 ea
1049 1354 1194 1410 facta,
1222 1370 1395 1416 rogare

202 1431 417 1488 Desine3
457 1448 554 1479 non
581 1433 755 1496 agites,
783 1433 824 1479 si
849 1449 949 1496 qua
972 1433 1103 1479 coire
1128 1432 1266 1480 velis.

136 1507 389 1571 Quicquid
415 1508 466 1555 id
497 1516 588 1566 est,
618 1516 675 1556 ut
703 1525 801 1556 non
829 1509 1037 1565 facinus,
1064 1508 1134 1556 sic
1165 1509 1314 1572 culpa
1337 1524 1516 1556 vocan-

333 1585 452 1632 dum
466 1603 475 1634 :

1453 1589 1515 1633 25

202 1661 378 1708 Omnis
403 1678 466 1709 an
489 1661 539 1708 in
564 1678 770 1725 magnos
796 1662 949 1726 culpa
974 1662 1109 1709 Deos
1135 1662 1298 1710 scelus
1324 1663 1433 1710 est?

176 1781 206 1810 9.
234 1779 359 1810 Meliore
377 1780 473 1821 fida]
510 1781 644 1812 Meliore
673 1782 788 1818 animo,

133 1839 227 1869 quam
243 1835 297 1867 tu;
321 1835 374 1859 aut
389 1839 449 1859 non
463 1829 605 1860 vacando
619 1830 718 1871 magis
734 1830 790 1860 ulli

130 1877 187 1913 rei,
206 1888 299 1918 quam
317 1877 459 1919 ingenuis
480 1879 618 1917 artibus;
642 1886 696 1910 aut
717 1879 791 1920 quia

132 1936 185 1956 eas
204 1926 283 1957 bene
304 1926 463 1968 intelligis,
486 1933 518 1958 et
538 1927 671 1958 fideliter
694 1928 789 1958 inter-

130 1975 271 2016 pretaris.

177 2026 231 2056 10.
255 2025 435 2065 Militiaeque
455 2026 562 2066 laban]
587 2027 634 2057 Ex
651 2038 713 2069 quo
732 2027 788 2058 de-

131 2073 234 2114 signat
248 2085 320 2104 eum
334 2074 377 2105 rei
393 2074 533 2105 militaris
549 2075 731 2112 studiosum,
746 2083 788 2112 et,

131 2133 227 2164 quum
241 2134 297 2164 per
315 2123 403 2154 illam
423 2122 510 2159 licet,
525 2123 707 2156 liberalibus
726 2125 788 2156 dis-

130 2171 254 2214 ciplinis
277 2183 402 2214 operam
426 2172 510 2204 dare.
554 2174 649 2204 Men.
691 2175 788 2209 Quam

130 2221 203 2251 sinit
219 2220 358 2262 officium.
403 2221 508 2253 Scribe
527 2222 605 2259 Qua,
618 2228 654 2253 ut
668 2222 708 2254 sit
724 2223 789 2254 dic-

131 2274 198 2300 tum
216 2281 270 2312 pro
289 2276 454 2312 quatenus,
474 2271 531 2302 hoc
553 2282 664 2303 sensu:
689 2283 789 2314 neque

132 2319 298 2360 qnisquam
317 2320 443 2351 meliore
457 2320 518 2351 fide
535 2321 672 2363 sequitur
687 2321 791 2352 studia

131 2367 324 2404 humaniora,
342 2379 435 2410 quam
447 2374 493 2406 tu,
505 2376 656 2412 quatenus
672 2370 704 2401 id
720 2371 787 2412 qui-

131 2416 202 2447 dem
220 2428 276 2459 per
296 2418 430 2450 officium
453 2424 484 2450 et
504 2419 626 2451 labores
638 2420 788 2451 militares

131 2467 187 2497 abs
216 2473 248 2498 te
280 2467 346 2498 fieri
380 2473 492 2510 potest.
548 2469 617 2500 Nisi
653 2469 722 2510 quis
757 2475 789 2500 et

133 2515 242 2552 Quam,
274 2515 384 2547 eodem
419 2516 510 2548 modo
541 2529 596 2560 pro
632 2525 788 2559 quantum.

130 2564 265 2605 positum
280 2565 381 2596 malit.
426 2566 508 2597 ch.

176 2613 226 2644 15.
243 2613 351 2644 Tecum
372 2621 445 2645 tunc
460 2615 612 2655 aberant]
638 2615 707 2646 Hoc
732 2619 789 2651 est,

132 2666 166 2692 tu
181 2672 252 2694 cum
267 2662 329 2693 tuis
344 2663 462 2695 solatiis
476 2664 584 2705 procul
600 2675 677 2696 eras.
702 2665 788 2696 Men-

858 1783 895 1811 tis
909 1792 1004 1822 trgi-cf.
1050 1782 1137 1817 Quas
1158 1791 1235 1811 meae
1247 1781 1352 1811 'menti
1369 1781 1447 1812 tristi
1463 1781 1519 1812 ad-

856 1831 973 1861 laturus
989 1830 1103 1866 sueras,
1121 1829 1146 1861 si
1163 1830 1325 1861 adfuisses.
1364 1860 1373 1875 x

901 1880 951 1909 17.
968 1879 1028 1910 Fer
1040 1891 1129 1920 opem,
1141 1891 1257 1920 precor,
1274 1882 1386 1910 eminus
1398 1880 1517 1921 unam]

856 1929 971 1959 Malim
1000 1941 1106 1965 unum,
1134 1929 1218 1970 quod
1247 1940 1342 1960 unum
1367 1936 1520 1971 superest.

858 1978 975 2008 Hmss.
1022 1978 1158 2009 Eminus.
1187 1978 1300 2009 Procul
1330 1989 1349 2008 a
1376 1988 1448 2009 mea
1472 1989 1520 2010 re-

857 2027 959 2069 gione.

903 2080 952 2110 18.
971 2079 1044 2115 Tuo,
1062 2078 1137 2119 δια]
1161 2078 1236 2109 Tuis
1251 2078 1353 2110 verbis
1370 2085 1400 2109 et
1412 2078 1519 2110 literis.

898 2129 952 2160 26.
985 2129 1072 2160 Bene
1103 2135 1237 2170 occupat
1267 2139 1321 2170 per
1347 2128 1519 2169 interroga-

855 2176 981 2213 tionem,
1001 2182 1034 2207 et
1048 2176 1232 2218 qualitatem
1252 2178 1299 2207 sui
1315 2175 1389 2207 facti
1405 2182 1520 2208 tractat

857 2225 924 2256 loco
939 2225 1139 2261 definitionis,
1158 2224 1241 2266 quia,
1263 2225 1346 2266 quod
1364 2224 1446 2255 facto
1464 2236 1519 2256 no-

856 2284 927 2304 rnen
950 2274 1099 2316 imponat,
1122 2273 1260 2304 nondum
1285 2280 1386 2304 certus
1411 2279 1467 2310 est,
1483 2280 1519 2305 ut

856 2323 1016 2354 Fabricius
1031 2323 1097 2364 jam
1113 2322 1245 2352 monuit.
1283 2322 1386 2352 Omnis
1398 2329 1430 2352 ατ
1442 2333 1517 2353 non-

857 2373 935 2403 nulli
956 2372 1042 2402 editi.
1064 2371 1212 2402 Heinsius
1234 2372 1385 2412 corrigere
1406 2372 1516 2408 voluit,

857 2423 978 2451 ‹uz-deos
993 2421 1059 2451 h.e.
1075 2419 1158 2461 apud
1171 2419 1255 2457 deos,
1269 2426 1324 2450 aut
1339 2420 1514 2451 lubentius:

859 2470 961 2500 Omnis
987 2481 1027 2499 αη
1056 2472 1094 2500 ad
1124 2481 1242 2511 magnos
1275 2470 1364 2509 culpa
1396 2470 1516 2500 scelesta

854 2521 938 2549 deos:
962 2518 1016 2549 sed
1032 2523 1116 2549 recte
1135 2525 1239 2549 censet
1250 2518 1516 2553 Burmannus‚ni-

854 2568 899 2598 hil
915 2578 980 2598 esse
995 2567 1191 2603 mutandum,
1208 2567 1290 2609 quod
1306 2568 1400 2609 culpa
1414 2566 1446 2597 in
1461 2567 1515 2598 ho-

855 2616 953 2648 mines
976 2627 1036 2647 non
1058 2621 1105 2647 est
1127 2627 1249 2658 semper
1270 2617 1382 2651 scelus,
1405 2616 1460 2647 sed
1483 2615 1516 2647 in

856 2667 943 2697 Deos
956 2665 1050 2707 culpa
1060 2664 1153 2696 etiam
1168 2676 1223 2707 pro
1239 2665 1354 2697 scelere
1370 2665 1515 2702 habetur,
