1760 3172
354 170 444 211 EX
478 170 691 211 PONTO
729 170 845 211 LIB.
881 169 972 211 ΙΙΙ.
1006 171 1199 213 EPIST.
1233 171 1325 213 IX.
1448 175 1533 216 477

546 327 978 375 EPISTOLA
1036 329 1135 377 IX.

726 436 956 478 BRUTO.

147 525 308 580 QUOD
332 526 396 573 sit
420 526 470 572 in
494 525 570 573 his
594 526 769 574 eadem
795 527 1058 583 sententia,
1088 526 1260 582 Brute,
1289 528 1485 585 libellis,

214 603 451 650 Carmina
474 603 643 650 nescio
669 619 820 666 quem
847 619 1050 667 carpere
1077 611 1245 650 nostra
1269 605 1419 653 refers
1440 624 1448 654 :

149 679 249 734 Nil,
277 679 387 735 nisi,
415 696 510 735 me,
538 686 671 727 terra
693 679 826 726 fruar
849 687 904 727 ut
928 679 1172 743 propiore,
1199 697 1398 743 rogare;

214 755 295 811 Et,
324 772 475 819 quam
501 755 595 802 sim
620 756 776 803 denso
801 756 994 803 cinctus
1021 757 1081 804 ab
1108 757 1266 813 hoste,
1294 760 1450 822 queri.

149 834 192 880 O
220 850 369 896 quam
395 833 458 881 de
483 833 651 880 multis
677 833 849 880 vitium
876 834 1255 897 reprehenditur
1280 838 1458 884 unum!
1505 842 1533 885 5

216 910 326 958 Hoc
351 918 528 975 peccat
553 911 713 958 solum
740 911 780 958 si
806 927 916 958 mea
942 911 1106 968 Musa,
1133 913 1261 960 bene
1286 921 1379 961 est.

149 988 266 1052 Ipse
289 1005 382 1051 ego
406 988 644 1035 librorum
668 988 813 1035 video
837 988 1022 1036 delicta
1046 1005 1283 1045 meorum,

214 1065 381 1120 Quum
407 1082 497 1113 sua
517 1066 630 1129 plus
650 1067 788 1128 justo
813 1066 1034 1113 carmina
1058 1067 1273 1130 quisque
1298 1069 1489 1131 probet.

146 1143 338 1191 Auctor
361 1160 486 1207 opus
511 1144 709 1191 laudat:
751 1143 821 1190 sic
847 1143 1051 1190 forsitan
1078 1143 1259 1207 Agrius
1285 1145 1402 1192 olim

215 1220 477 1268 Thersiten
502 1220 627 1268 facie
653 1220 837 1268 dixerit
862 1236 972 1267 esse
998 1221 1144 1267 bona.
1481 1227 1538 1270 10

147 1297 178 1344 J
183 1299 403 1346 udicium
425 1305 592 1346 tamen
618 1298 698 1346 hic
724 1305 946 1347 nostrum
973 1315 1070 1345 non
1096 1298 1284 1362 decipit
1307 1315 1466 1358 error3

216 1375 342 1432 Nee,
370 1375 617 1440 quidquid
642 1376 806 1439 genui,
835 1375 1059 1440 protinus
1083 1376 1203 1423 illud
1230 1392 1357 1423 amo.

155 1453 259 1500 Cur
282 1453 447 1516 igitur,
476 1453 516 1501 si
540 1470 620 1501 me
645 1454 838 1502 videam
864 1454 1171 1517 delinquere,
1199 1456 1437 1518 peccem?

218 1530 283 1578 Et
306 1530 465 1594 patiar
490 1530 675 1595 scripto
700 1531 887 1579 crimen
910 1531 1106 1578 inesse?
1143 1547 1302 1593 rogas.

152 1607 268 1654 Non
293 1608 468 1655 eadem
492 1608 617 1656 ratio
642 1616 733 1665 est,
762 1609 944 1656 sentire
970 1615 1021 1656 et
1044 1609 1243 1656 demere
1268 1610 1492 1658 morbos:

219 1685 407 1733 Sensus
432 1685 562 1733 inest
586 1686 810 1743 cunctis;
851 1686 1039 1734 tollitur
1063 1693 1168 1733 arte
1193 1687 1395 1734 malum.
1481 1691 1536 1735 16

151 1762 299 1827 Saepe
323 1762 524 1827 aliquod
549 1764 756 1827 cupiens
781 1765 985 1811 verbum
1010 1770 1219 1819 mutare,
1246 1764 1498 1828 relinquo;

217 1839 247 1887 J
252 1840 472 1887 udicium
496 1841 624 1888 vires
650 1842 1028 1905 destituuntque
1052 1858 1235 1889 meum.

197 1964 223 1993 1.
250 1963 363 1994 Eadem
378 1963 554 2004 sententia]
582 1964 703 1994 Eadem
715 1970 814 1995 mate·
928 1965 978 1995 ll.
1004 1964 1073 1994 Non
1088 1966 1199 2004 decipit
1214 1967 1536 2007 nostrumjudicium]

148 2012 195 2043 ria
209 2022 272 2054 qua
286 2023 360 2044 usus
375 2023 444 2043 sum
459 2012 553 2044 etiam
568 2012 600 2043 in
615 2012 742 2055 reliquis
756 2013 813 2044 hu·
883 2014 955 2044 Non
978 2012 1059 2044 fallit
1080 2024 1184 2044 meum
1204 2013 1370 2055 judicium,
1390 2015 1472 2056 quod
1495 2021 1542 2046 est

145 2061 200 2103 jus
215 2060 318 2103 operis
332 2060 459 2092 libellis.
881 2062 920 2093 de
943 2062 1133 2094 carminibus
1152 2063 1239 2094 meis.
1283 2065 1373 2095 Error
1391 2065 1474 2096 enim
1488 2067 1539 2108 ju-

193 2112 223 2142 7.
264 2111 354 2142 Video
391 2111 528 2152 delicta]
571 2111 673 2142 Video
710 2112 814 2153 plures
881 2112 998 2143 dicium
1032 2118 1168 2143 nostrum
1205 2114 1297 2150 fallit,
1326 2125 1422 2155 quum
1458 2116 1542 2146 mala

150 2170 280 2196 errores,
299 2170 394 2201 quam
417 2171 514 2191 unum
535 2160 624 2191 illud.
674 2161 741 2192 Vidi
768 2172 814 2203 pr.
881 2167 986 2192 nostra
1000 2161 1139 2192 carmina
1152 2162 1235 2193 bona
1250 2173 1316 2194 esse
1332 2162 1496 2199 credimus,
1510 2170 1541 2195 et

152 2207 203 2239 ed.
881 2210 925 2240 sic
940 2220 1087 2240 erramus.

192 2258 224 2288 9.
247 2257 439 2298 Sic-forsitan
453 2258 562 2289 Accius
577 2258 673 2298 olim]
701 2258 815 2298 Agrius
927 2260 975 2289 15.
999 2259 1117 2289 Sentii-e
1132 2265 1161 2288 et
1181 2260 1295 2289 demere
1315 2260 1452 2300 morbos]
1479 2261 1540 2292 Co-

152 2306 322 2348 legendum
333 2306 399 2348 jam
415 2307 536 2337 monuit
557 2307 589 2338 in
609 2307 696 2338 novis
710 2306 814 2337 Lecti·
882 2318 1029 2348 gnoscere
1050 2314 1080 2338 et
1098 2318 1204 2338 curare
1223 2308 1427 2340 infirmitates.
1471 2310 1540 2341 Hoc

150 2355 262 2386 onibus
291 2355 470 2386 Gulielmus
500 2356 666 2392 Cantems,
696 2356 752 2386 lib.
782 2355 815 2386 ii.
884 2362 941 2391 est,
958 2366 1017 2386 non
1033 2367 1158 2397 possum
1172 2367 1305 2388 errorem
1321 2358 1490 2400 corrigere:

150 2414 221 2446 cap.
250 2416 311 2435 xxx
325 2416 334 2443 ;
370 2404 396 2435 is
426 2404 509 2435 enim
536 2404 686 2436 Thersitae
714 2411 813 2446 pater.
1099 2406 1177 2439 (Quia
1193 2408 1328 2437 carmina
1343 2408 1442 2437 laetum

152 2453 268 2485 HEms.
307 2454 433 2485 Merula
445 2453 579 2485 Accium
595 2454 754 2496 intelligit,
773 2454 812 2485 de
967 2455 1045 2485 Sunt
1062 2466 1142 2495 opus,
1159 2462 1186 2485 et
1200 2467 1300 2495 pacem
1316 2460 1421 2487 mentis
1438 2459 1541 2488 habere

152 2513 214 2543 quo
233 2503 319 2534 Pers.
334 2503 399 2534 Sat.
415 2503 442 2533 Ι.
457 2513 535 2534 vers.
551 2505 610 2535 50:
1010 2505 1126 2534 volunt.

323 2564 382 2583 non
397 2560 438 2584 est
454 2553 502 2585 hic
517 2553 675 2584 IliasAcci
928 2554 976 2583 16.
1003 2553 1135 2583 Tollitur
1159 2560 1225 2583 arte
1249 2554 1388 2594 malrum]
1422 2555 1540 2586 Vitium

241 2602 335 2632 Ebria
351 2609 488 2639 veralro,·
883 2602 1028 2633 carminis
1051 2612 1111 2632 non
1134 2603 1253 2644 indiget
1269 2602 1365 2633 solum
1384 2609 1417 2633 ut
1432 2603 1542 2645 depre-

151 2650 208 2681 sed
225 2651 267 2681 ibi
284 2652 352 2682 Atti
370 2651 495 2692 legitur,
511 2657 542 2682 et
556 2651 595 2683 de
610 2652 727 2682 recenti
742 2662 815 2693 poe·
883 2650 1046 2687 hendatur,
1062 2651 1116 2681 sed
1132 2657 1197 2682 arte
1217 2662 1294 2693 opus
1315 2657 1371 2687 est,
1389 2663 1457 2693 quae
1482 2664 1541 2683 non

153 2705 198 2734 ta,
213 2699 267 2740 qui
287 2699 387 2730 Persii
399 2705 537 2742 tempore
554 2700 688 2736 vivebat,
703 2700 752 2740 agi
768 2712 815 2731 os·
884 2706 986 2741 potest
1000 2701 1057 2730 nisi
1074 2710 1092 2730 a
1107 2701 1178 2730 laeto
1194 2700 1296 2730 animo
1313 2701 1476 2741 proficisci.

153 2747 252 2778 tendit
268 2749 484 2780 casaubonus.
930 2750 980 2779 17.
1012 2750 1185 2790 Peliuqm]
1213 2749 1333 2781 Omitto
1345 2750 1462 2780 scilicet
1475 2762 1539 2781 ver«
