1760 3172
304 175 396 216 EX
428 174 639 216 PONTO
675 174 791 215 LIB.
826 174 906 215 IV.
941 175 1131 216 EPIST.
1165 176 1228 216 X.

1373 175 1457 215 513

74 289 180 337 Hos
205 306 313 352 ego,
341 291 427 353 qui
456 291 625 354 patriae
651 290 833 337 faciant
857 290 1052 345 oblivia,
1080 306 1256 337 succos

140 366 290 414 Parte
314 383 436 413 meae
461 367 590 423 vitae,
618 367 657 413 si
684 367 829 413 modo
851 367 1044 421 dentur,
1071 382 1249 414 emam.

1389 370 1453 412 20

76 443 183 491 Nec
209 451 263 490 tu
287 444 555 490 contuleris
580 444 752 490 urbem
780 442 1114 505 Laestrygonis
1139 459 1359 505 unquam

142 520 636 583 Gentibus5'obliqua
661 535 785 582 quas
811 519 917 565 obit
942 518 1072 566 Ister
1097 535 1242 581 aqua.

75 598 122 645 N
127 614 184 646 ec
204 585 577 645 vincet·‘'‘saevum
604 597 823 660 Cyclops
848 596 1041 643 feritate
1067 595 1322 659 Phyacen,

143 675 240 730 Qui
265 682 417 738 quota
440 675 638 722 terroris
663 690 777 738 pars
803 674 928 721 solet
951 689 1059 721 esse
1084 673 1207 719 mei!

78 753 250 816 Scylla
267 752 382 799 feris
402 761 576 799 trunco
595 750 731 814 quod
752 751 900 797 latrat
916 751 977 796 ab
993 749 1193 812 inguine
1208 750 1456 804 monstris,

142 828 414 877 Heniochae
439 829 600 876 nautis
624 829 735 892 plus
760 843 970 874 nocuere
996 834 1142 874 rates.

1396 829 1457 871 26

77 906 185 954 Nec
210 913 353 970 potes
377 906 568 953 infestis
593 905 813 953 conferre
840 905 1130 968 Charybdin
1155 904 1369 958 Achaeis,

141 983 238 1031 Ter
260 984 378 1031 licet
401 990 602 1047 epotum
626 990 700 1030 ter
724 990 888 1029 vomat
912 982 994 1029 illa
1017 982 1215 1029 fretum.

77 1061 174 1116 Qui
200 1076 488 1124 quanquam
513 1061 688 1107 dextra
713 1059 913 1121 regione
937 1059 1165 1106 licentius
1191 1066 1369 1114 errant,

145 1138 386 1185 Securum
410 1138 538 1184 latus
563 1137 654 1184 hoc
681 1153 778 1183 non
804 1145 969 1184 tamen
995 1153 1105 1184 esse
1131 1137 1316 1183 sinunt.

1397 1138 1459 1180 30

78 1213 175 1262 Hic
200 1215 305 1278 agri
329 1214 595 1270 infrendes,
622 1215 701 1261 hic
728 1215 919 1277 spicula
941 1215 1099 1261 tincta
1120 1213 1351 1269 venenisg

145 1290 241 1340 Hic
265 1292 391 1340 freta
412 1293 489 1340 vel
513 1292 666 1356 pediti
691 1291 858 1355 pervia
882 1292 1043 1339 reddit
1066 1292 1242 1354 hyems
1263 1307 1272 1337 :

78 1408 200 1445 pestate
236 1403 359 1434 delatus
395 1403 434 1434 ad
471 1404 677 1445 Lotophagos,
709 1404 738 1433 in

79 1452 219 1484 Africam
260 1452 373 1495 agitur,
406 1453 504 1484 socios
547 1454 739 1495 exploratum

78 1501 192 1532 mittit:
226 1501 280 1543 qui
308 1508 434 1543 gustata
463 1503 539 1539 loto,
565 1513 623 1533 nec
653 1503 740 1544 quic—

79 1561 174 1593 quam
203 1551 388 1588 renuntiare,
417 1562 474 1582 nec
504 1551 603 1582 redire
634 1552 740 1593 cupie-

80 1601 178 1632 bant:
216 1600 279 1631 cibi
315 1600 399 1631 enim
435 1601 590 1632 suavitate
626 1600 741 1637 allecti,

80 1661 206 1681 suorum
220 1649 367 1681 vivebant
386 1649 494 1688 obliti;
518 1661 595 1691 quos
615 1650 744 1691 Ulysses

82 1699 195 1730 invitos
208 1699 248 1730 ad
263 1709 358 1730 naves
367 1699 500 1730 reduxit.

127 1749 180 1779 21.
197 1748 260 1779 Nec
271 1754 306 1778 tu
321 1750 481 1779 contuleris
494 1750 594 1780 urbem
612 1749 741 1790 thstr·y-

81 1798 194 1840 gonis.]
221 1799 322 1829 Fuere
348 1799 555 1841 Loestrygones
579 1799 685 1840 populi
710 1799 741 1829 in

84 1852 224 1878 extremo
243 1847 358 1884 Italiae,
375 1847 514 1878 Siciliam
533 1859 651 1884 versus,
667 1848 742 1879 effe-

84 1896 126 1927 ris
153 1896 309 1936 moribus;
332 1897 373 1928 ad
401 1896 457 1927 hos
481 1897 574 1938 igitur
602 1898 743 1938 pervenit

87 1946 229 1988 Ulysses,
248 1946 394 1988 misitque
411 1946 451 1977 ad
465 1946 660 1988 Antiphaten
672 1947 743 1977 Ma-

85 2005 212 2026 careum
237 2006 309 2026 cum
338 1995 458 2027 duobus
481 1995 590 2026 sociis:
617 1996 670 2037 qui
694 1995 744 2026 vix

86 2054 160 2075 cum
179 2044 275 2075 altero
297 2045 373 2086 suga
387 2043 484 2075 vitam
499 2044 643 2076 servavit.
686 2045 745 2074 Ur-

86 2095 133 2124 bes
143 2094 358 2136 Laestrygones.
382 2095 587 2136 Laestrygonos
598 2094 745 2125 Combia-

86 2153 163 2181 nus;
186 2147 218 2173 et
237 2145 340 2174 urbem
364 2143 507 2174 meliores
529 2142 669 2185 plerique
682 2155 690 2181 3
714 2148 748 2173 ut

86 2192 168 2223 Met.
183 2192 246 2223 xiv.
260 2203 324 2223 ver.
334 2193 408 2223 233.

132 2240 208 2273 Inde
224 2242 313 2273 Lami
326 2248 450 2272 veterem
472 2243 683 2283 szstrygnnis,
700 2243 746 2270 in-

173 2293 252 2330 quit,
272 2293 304 2322 in
320 2293 422 2321 urbem

136 2339 288 2371 Venimus.

90 2390 228 2421 Homero
248 2400 372 2432 quoque
393 2401 454 2421 non
474 2390 534 2420 nisi
554 2389 681 2420 unicum
696 2399 749 2429 op-

91 2438 198 2480 pidum
218 2445 265 2470 est
289 2439 403 2480 Odyss.
422 2451 454 2469 x.
467 2438 549 2480 quod
571 2443 663 2468 vocat
688 2435 752 2467 Λά-

87 2499 150 2529 μου
194 2487 277 2519 αἰπὺ
319 2488 525 2529 πτολίεθρον,
558 2485 752 2524 Τηλέπυλον

94 2537 369 2579 Λαιστρυγονίην.
416 2538 532 2567 ΗΕῙΝΞ.

134 2587 188 2617 22.
224 2586 399 2626 Gentibus]
436 2585 563 2628 Populis
593 2583 752 2626 Scythiam

93 2641 124 2665 et
153 2645 238 2666 oram
271 2635 435 2666 Ponticam
464 2634 652 2669 tenentibus,
677 2643 754 2673 quos

93 2695 148 2726 per
163 2685 278 2715 Istrum
294 2684 448 2725 designat.
488 2685 614 2724 Obliqua
633 2684 753 2712 transit.

95 2734 190 2775 Aqua
204 2733 346 2764 Danubii
362 2745 423 2764 non
439 2739 535 2768 recto,
551 2732 605 2763 sed
620 2733 756 2761 flexuoso

144 2783 241 2813 VOL.
257 2782 302 2812 11.

807 1414 897 1434 cursu
913 1403 1027 1434 labenti
1043 1412 1096 1444 per
1109 1401 1239 1442 populos
1255 1398 1402 1440 Scythiae.

850 1454 902 1483 23.
936 1453 1049 1483 8aeku
1082 1449 1253 1490 Phyacen.]
1291 1449 1466 1478 Immanem

806 1502 896 1533 illum
910 1512 1013 1543 regem
1028 1500 1224 1541 Scytharum.

851 1553 903 1582 24.
929 1552 988 1585 Qui
1012 1557 1100 1591 quota
1125 1550 1246 1579 terroris
1267 1546 1366 1586 pars]
1394 1545 1466 1575 Non

810 1601 848 1631 ad
866 1601 1050 1642 Cyclopem,
1065 1605 1100 1629 ut
1115 1598 1241 1628 Merula
1260 1595 1397 1637 exponit,
1412 1593 1468 1624 sed

810 1650 849 1680 ad
874 1661 956 1685 eum,
984 1649 1023 1679 de
1053 1658 1115 1689 quo
1140 1646 1232 1676 modo
1261 1645 1380 1675 dictum
1410 1649 1467 1678 est,

811 1699 969 1739 Phyacem
980 1696 1187 1731 referendum,
1198 1694 1287 1736 quasi
1300 1693 1385 1724 dicat
1395 1703 1471 1734 poe-

811 1754 853 1783 ta,
869 1747 964 1777 etiam
985 1747 1023 1776 ab
1043 1746 1101 1775 hoc
1120 1743 1253 1774 multum
1273 1742 1395 1772 terroris
1411 1740 1469 1771 sibi

810 1796 913 1838 objici,
942 1802 1064 1838 propter
1091 1792 1281 1824 incursiones
1312 1790 1468 1821 videlicet.

811 1847 936 1877 Mrem„

853 1896 994 1926 26—28.
1020 1892 1212 1932 Haenz'ochcf]
1247 1891 1299 1921 Ab
1325 1889 1471 1930 ἡνίοχοις

811 1945 926 1986 aurigis
939 1943 1077 1975 Castoris
1089 1949 1120 1973 et
1131 1941 1270 1973 Pollucis
1284 1940 1353 1976 orti,
1365 1939 1410 1970 uti
1425 1939 1470 1969 fa-

811 1995 886 2026 bula
901 1994 988 2028 dicit.
1004 1993 1058 2034 qui
1073 1997 1104 2023 et
1116 1990 1227 2023 Achaei
1249 1996 1357 2031 gentes
1372 1988 1405 2019 in
1419 1999 1472 2020 ora

813 2043 905 2075 Ponti
918 2043 1070 2073 immanes
1085 2041 1181 2077 fuere,
1193 2046 1224 2071 et
1239 2038 1341 2070 nautis
1350 2044 1471 2069 tautum

813 2098 939 2129 nocent,
957 2097 1107 2133 quantum
1123 2089 1230 2131 Scylla
1251 2094 1282 2119 et
1297 2086 1475 2128 Charybdis

814 2139 1157 2184 praeternavigantibus.
1184 2149 1214 2168 v.
1242 2136 1332 2167 Mela
1364 2136 1384 2166 i.
1421 2137 1474 2165 21.

816 2192 965 2221 HARLES.
1017 2190 1076 2219 Per
1098 2194 1178 2218 rates
1206 2197 1278 2227 ergo
1308 2186 1477 2216 Heniochus

816 2239 960 2279 designat
985 2243 1078 2278 poeta
1102 2236 1219 2278 piratas
1245 2233 1476 2264 Heniochorum

817 2288 1011 2330 populorum,
1028 2297 1046 2316 a
1067 2285 1181 2327 quibus
1200 2295 1232 2314 se
1253 2282 1382 2314 fortunis
1397 2293 1474 2313 exu-

819 2345 884 2367 tum
900 2335 1019 2372 innuit;
1043 2340 1098 2365 aut
1118 2339 1243 2374 captum
1264 2332 1403 2366 sortasse,
1421 2331 1476 2362 sed

820 2385 954 2427 pecunia
975 2384 1181 2425 redemptum,
1206 2388 1240 2413 ut
1262 2381 1366 2412 statim
1389 2380 1475 2411 dice—

820 2446 899 2466 mus.

865 2486 917 2516 29.
943 2484 1003 2519 Qui
1018 2494 1187 2524 quanquam
1202 2484 1306 2512 dextra
1328 2480 1476 2522 regiona]

823 2535 886 2572 Qui
908 2533 1030 2569 Achaei,
1051 2532 1194 2574 quamvis
1215 2530 1314 2570 magis
1334 2529 1480 2560 infestent

822 2584 965 2614 dextrum
985 2581 1060 2612 litus
1083 2579 1204 2611 Pontici
1229 2579 1332 2614 marm,
1349 2589 1410 2608 non
1435 2583 1480 2608 ta-

822 2642 892 2662 men
911 2631 1089 2671 relinquunt
1110 2629 1261 2659 intactam
1279 2637 1362 2658 oram
1377 2626 1480 2656 Tomi-

823 2688 942 2711 tanam.

956 2780 980 2808 L
998 2790 1013 2807 i,
