1760 3172
478 183 904 228 MEDICAMINA
936 184 1171 228 FACIEI.

1434 190 1517 231 131

127 300 309 348 Certus
326 315 463 347 amor
476 317 669 348 morum
685 307 786 348 est:
815 299 1022 347 formam
1038 301 1361 365 populabitur
1379 311 1516 361 aetas,

194 376 262 425 Et
279 378 494 442 placitus
519 378 655 440 rugis
679 377 845 425 vultus
871 384 1038 426 aratus
1065 378 1174 425 erit.

1453 384 1517 430 46

125 453 346 519 Tempus
372 455 481 511 erit,
510 472 610 518 quo
635 471 721 502 vos
748 456 1009 519 speculum
1033 455 1218 503 Vidisse
1243 456 1452 519 pigebit,

192 530 258 578 Et
280 531 447 579 veniet
469 532 603 594 rugis
628 533 785 578 altera
809 547 1003 587 caussa,
1025 531 1180 579 dolor.

125 608 334 666 Sufficit,
362 616 414 657 et
437 610 639 672 longum
665 609 887 673 probitas
912 609 1149 672 perdurat
1173 610 1224 656 in
1250 626 1438 668 aevum3

190 685 409 749 Fertque
433 703 549 733 suos
575 702 755 734 annos:
784 686 898 732 hinc
919 686 1048 733 bene
1068 687 1257 749 pendet
1275 703 1427 735 amor.
1453 692 1516 736 50

124 761 294 819 Disce,
322 779 430 825 age,
457 779 572 810 cum
596 770 794 810 teneros
821 779 1023 809 somnus
1049 763 1295 810 dimiserit
1320 772 1472 820 artus,

189 839 419 888 Candida
444 857 543 904 quo
567 840 762 904 possint
781 856 867 887 ora
891 840 1048 887 nitere
1073 841 1240 888 modo.

123 915 340 974 Hordea,
367 934 480 980 quae
507 917 684 981 Libyci
711 917 900 964 ratibus
926 918 1107 964 misere
1133 918 1311 975 coloni,

189 992 361 1042 Exsue
385 995 448 1042 de
474 994 617 1057 palea
638 994 1047 1057 tegminibusque
1073 995 1193 1042 suis.

122 1069 222 1117 Par
245 1071 345 1117 ervi
370 1086 603 1118 mensura
627 1071 803 1118 decem
827 1070 1064 1118 madefiat
1089 1071 1152 1118 ab
1178 1072 1281 1119 ovis
1301 1090 1310 1121 :

1452 1078 1479 1122 01

1486 1078 1514 1122 Cn

189 1146 290 1194 Sed
316 1148 572 1195 cumulent
596 1148 747 1195 libras
774 1148 927 1195 ordea
950 1149 1087 1196 nuda
1111 1150 1253 1197 duas,

119 1222 242 1271 Haeo
268 1225 354 1272 ubi
378 1232 611 1272 ventosas
637 1224 819 1272 fuerint
844 1225 1032 1272 siccata
1057 1242 1146 1289 per
1171 1242 1341 1286 auras;

185 1300 343 1349 Lenta
359 1303 483 1365 jube
509 1303 685 1350 scabra
709 1302 904 1365 frangat
929 1303 1085 1350 asella
1108 1304 1260 1352 mola.

120 1376 201 1434 Et,
229 1395 341 1442 quae
367 1380 527 1444 prima
553 1379 739 1427 cadunt
762 1379 918 1427 vivaci
944 1396 1130 1428 cornua
1153 1397 1315 1438 cervo,

187 1455 434 1505 Contere:
474 1457 524 1504 in
549 1457 654 1504 haec
682 1457 826 1504 solidi
853 1465 998 1505 sexta
1022 1458 1131 1506 face
1157 1459 1282 1506 assis
1308 1467 1405 1508 eat.
1450 1464 1514 1508 60

117 1531 333 1597 Jamque
358 1535 444 1582 ubi
469 1535 715 1599 pulvereae
741 1534 924 1582 fuerint
943 1536 1153 1583 confusa
1176 1536 1362 1593 farinae,

183 1610 418 1660 Protinus
444 1613 494 1660 in
519 1613 693 1661 cribris
719 1613 886 1660 omnia
910 1629 1057 1661 cerne
1083 1613 1234 1661 cavis,

158 1798 211 1829 50.
234 1798 350 1839 Perque
362 1811 426 1830 suos
437 1811 530 1830 annos
543 1801 613 1831 hinc
626 1801 696 1831 bene
709 1811 782 1840 pen-

114 1849 164 1878 det
184 1849 295 1890 amora]
328 1850 407 1881 Haec
432 1850 523 1881 nihili
543 1856 625 1881 sunt.
650 1862 708 1882 nec
728 1851 781 1892 ju-

115 1903 189 1928 vant
218 1898 289 1930 libri
314 1906 446 1932 veteres.
490 1900 598 1931 Scribe
624 1900 782 1932 nihilomi-

115 1957 192 1978 nus:

244 1997 384 2040 Longum
412 2000 544 2039 probitas
572 2001 722 2039 perdurat
749 2001 781 2030 in

199 2058 304 2078 (evum.

158 2095 289 2137 Fertque
310 2107 375 2127 suos
399 2107 502 2127 annos.
525 2098 595 2127 hinc
614 2098 684 2128 bene
704 2109 777 2138 pen-

241 2147 292 2176 det
306 2156 398 2176 amor.

115 2193 339 2230 Quintilianus,
365 2193 420 2224 lib.
444 2193 477 2224 ii.
504 2203 574 2235 cap.
598 2195 640 2226 iv.
676 2195 778 2230 Quare

113 2244 185 2273 mihi
208 2245 370 2274 maturitas
391 2254 427 2273 ne
431 2243 562 2285 festinet
576 2245 706 2284 quidem,
725 2258 778 2277 nec

113 2299 209 2323 musta
232 2294 265 2323 rin
289 2294 358 2323 lacu
380 2295 482 2323 statim
504 2300 626 2324 austera
642 2296 712 2325 sint.
736 2298 777 2326 sic

113 2341 329 2383 annosferent.
352 2341 396 2372 ita
412 2349 444 2372 et
458 2343 683 2384 oetatemferre.
728 2344 775 2374 Si-

113 2389 185 2420 mile
207 2389 357 2420 mendum
378 2390 493 2421 insedit
516 2390 642 2422 codices
658 2393 777 2424 Valerii

113 2437 228 2474 Flacci,
241 2439 299 2470 lib.
313 2438 336 2470 i.
352 2450 432 2470 vers.
446 2439 520 2470 767.
537 2440 590 2470 ubi
605 2451 672 2482 pro,
690 2442 776 2473 Talia

101 2485 174 2527 fert
199 2488 389 2528 lacrymans,-
418 2498 578 2529 perperam
600 2501 653 2528 per
677 2491 777 2532 lucry-

111 2546 174 2565 mas
195 2546 277 2566 nunc
292 2535 415 2577 legitur.
448 2536 566 2568 mes.
598 2538 635 2568 In
652 2539 778 2571 Valerio

113 2584 189 2614 nihil
203 2595 271 2615 esse
291 2585 476 2615 mutandum
488 2585 527 2616 ad
539 2586 641 2628 ipsum
653 2589 777 2629 poetam

112 2632 303 2664 docebimus.
332 2633 382 2664 hic
405 2640 510 2665 tamen
535 2634 628 2667 facile
650 2636 777 2669 ferimus

113 2682 375 2713 emendationem.
399 2682 470 2714 vide
485 2694 554 2724 quae
571 2684 644 2714 olim
661 2686 699 2716 ad
716 2687 776 2717 Pe-

112 2730 202 2760 tronii
240 2741 309 2773 cap.
340 2731 391 2762 43.
418 2731 605 2764 notavimus.
642 2734 715 2765 hinc
745 2736 777 2767 in

851 1800 973 1841 glossis,
1012 1801 1251 1842 προσβεβηκὼς
1280 1801 1347 1839 τὴν
1381 1800 1513 1840 ἡλικίαν

851 1851 957 1891 ovifer.
980 1850 1061 1892 lege,
1077 1851 1189 1893 oevifer.
1233 1851 1351 1882 Eoum.

894 1903 945 1932 55.
971 1901 1037 1931 Par·
1051 1901 1141 1941 ervi]
1169 1901 1207 1931 In
1229 1900 1515 1937 Helmaestadiensi,

846 1960 906 1988 par
929 1951 1019 1986 arabi,
1045 1960 1117 1980 cum
1140 1949 1256 1990 glossa,
1278 1951 1371 1980 ordei.
1396 1950 1516 1981 Graecis

850 2010 958 2030 ervum
988 1998 1105 2041 ὄροβος
1132 1999 1263 2035 dictum,
1292 1998 1375 2030 unde
1413 1999 1516 2030 minus

849 2048 921 2079 thus
948 2050 1077 2079 orobiam
1107 2048 1264 2084 dixerunt,
1293 2054 1372 2079 teste
1400 2048 1514 2086 Plinio,

845 2098 899 2129 lib.
926 2099 981 2129 xii.
1010 2100 1059 2130 14,
1083 2100 1122 2129 ab
1146 2099 1211 2129 ervi
1235 2098 1354 2139 figura,
1378 2099 1512 2130 Salmas.

846 2148 957 2178 Exere.
969 2147 1052 2178 Plin.
1069 2158 1140 2189 pag.
1154 2148 1227 2177 361.
1244 2153 1275 2177 et
1289 2146 1372 2177 idem
1391 2147 1513 2178 Plinius

844 2199 975 2227 orobiten
992 2197 1228 2238 Chrysoeollam
1253 2196 1292 2226 ab
1307 2196 1371 2226 ervi
1388 2207 1513 2237 quoque

845 2245 1060 2282 similitudine,
1076 2246 1132 2276 lib.
1148 2244 1257 2276 xxxiii.
1274 2248 1304 2276 5.
1318 2245 1436 2276 dictam
1454 2247 1510 2277 ait.

845 2295 963 2325 I-IfflNs.

889 2345 940 2375 60.
967 2343 1005 2374 In
1031 2344 1113 2384 ham]
1142 2344 1239 2384 Lege,
1256 2346 1289 2374 in
1314 2345 1373 2375 lure
1397 2356 1433 2375 ex
1459 2356 1512 2376 ve-

845 2394 935 2425 tustis
950 2393 1192 2435 exemplaribus.
1216 2395 1249 2424 in
1264 2394 1323 2423 hm·
1336 2394 1440 2434 igitur,
1451 2395 1511 2425 sci-

844 2443 919 2473 licet
933 2454 1058 2473 cornua.
1103 2443 1255 2473 Munus.

889 2492 940 2521 62.
966 2490 1004 2520 In
1029 2493 1160 2521 numeris
1181 2493 1279 2520 omnia
1307 2502 1393 2520 cerne
1418 2491 1508 2531 xvim]

848 2540 884 2571 In
917 2542 1047 2576 mundis,
1082 2540 1159 2581 legit
1198 2540 1358 2570 Domitius
1387 2540 1512 2570 Marius

846 2590 947 2630 Niger
976 2600 1014 2619 ex
1041 2589 1105 2619 suis
1132 2588 1230 2624 libris,
1255 2588 1306 2618 vel
1337 2590 1515 2619 innumeris.

845 2639 930 2681 quod
955 2644 986 2668 et
1012 2638 1065 2668 alii
1093 2637 1192 2668 secuti
1217 2643 1298 2668 sunt.
1323 2639 1356 2667 ins
1382 2640 1516 2669 numeris

845 2689 925 2718 cavis
940 2686 1046 2728 scripti
1063 2687 1157 2717 nostri
1174 2697 1247 2717 cum
1262 2686 1360 2728 prima
1375 2686 1512 2719 editione

846 2742 958 2778 praeter
982 2735 1072 2771 duos,
1092 2735 1157 2777 qui,
1179 2737 1212 2766 in
1239 2737 1370 2767 numeris
1393 2737 1464 2767 suis.
1480 2738 1512 2767 in

923 2790 989 2820 K2
