1760 3172
215 202 299 243 254
604 199 654 239 Ρ.
698 198 911 240 OVIDII
946 197 1228 240 NASONIS

675 409 993 457 ELEGIA
1046 410 1140 457 XI.

217 552 276 598 S1
306 549 418 613 quis
445 566 514 605 es,
544 549 752 596 insultes
779 549 865 611 qui
891 549 1091 596 casibus
1118 549 1341 613 improbe
1367 552 1564 606 nostris,

282 627 472 690 Meque
498 643 653 682 reum,
680 625 849 673 demto
875 625 988 681 fine,
1017 633 1250 673 cruentus
1276 642 1423 689 agas;

218 704 380 752 Natus
408 720 460 751 es
488 720 514 751 e
541 703 776 767 scopulis,
804 703 1020 749 nutritus
1047 703 1174 750 lacte
1201 703 1385 761 ferin03

284 780 349 827 Et
374 781 535 827 dicam
564 780 727 827 silices
754 786 932 843 pectus
959 779 1144 827 habere
1169 787 1328 827 tuum.

215 858 338 913 Quis
364 859 546 920 gradus
571 858 790 913 ulterior,
819 873 918 920 quo
945 874 997 904 se
1023 864 1109 904 tua
1134 858 1352 920 porrigat
1377 857 1463 911 ira,
1580 860 1609 904 5

284 935 496 983 Restat?
535 934 758 997 quidque
785 933 907 980 meis
935 934 1096 981 cernis
1122 934 1299 981 abesse
1325 933 1469 980 malis
1491 933 1508 980 ἲ

219 1012 443 1059 Barbara
467 1027 545 1058 me
571 1011 738 1066 tenu&
767 1017 817 1057 et
842 1010 1093 1074 inhospita
1118 1010 1265 1057 litora
1289 1009 1454 1066 Ponti,

285 1089 518 1151 Cumque
545 1104 634 1134 suo
663 1087 825 1134 Borea
852 1086 1082 1133 Maenalis
1108 1103 1223 1134 ursa
1246 1087 1396 1133 videt.

219 1165 371 1212 Nulla
396 1164 516 1211 inihi
541 1180 658 1210 cum,
683 1171 831 1225 gente
857 1162 961 1210 fera
986 1164 1286 1211 commercia
1311 1163 1490 1225 linguae
1511 1180 1520 1211 :

286 1242 469 1288 Omnia
495 1241 693 1288 solliciti
721 1247 835 1287 sunt
860 1241 971 1287 loca
996 1240 1147 1304 plena
1171 1247 1351 1288 metus.
1555 1243 1614 1288 lO

219 1319 391 1382 thue
417 1318 569 1381 fugax
597 1317 753 1365 avidis
782 1334 957 1365 cervus
984 1318 1261 1381 deprensus
1287 1319 1350 1365 ab
1376 1317 1521 1373 ursis,

286 1396 527 1443 Cinctave
553 1395 800 1442 montanis
828 1402 882 1442 ut
908 1403 1058 1458 pavet
1084 1411 1213 1457 agna
1237 1395 1396 1459 lupis3

219 1474 303 1520 Sic
330 1489 440 1534 ego,
469 1472 724 1534 belligeris
752 1487 781 1518 a
805 1472 1041 1534 gentibus
1068 1472 1289 1535 undique
1317 1479 1505 1536 septus,

282 1550 323 1596 T
328 1566 506 1605 erreor,
535 1550 679 1596 hoste
705 1566 873 1597 meum
899 1565 1043 1613 paene
1069 1556 1327 1612 premente
1354 1550 1502 1596 latus.

218 1628 391 1690 thue
418 1627 483 1674 sit
507 1627 745 1689 exiguum
771 1643 946 1690 poenae,
977 1627 1112 1690 quod
1140 1627 1353 1689 conjuge
1380 1642 1510 1682 cara,
1558 1630 1614 1674 15

286 1705 434 1759 Quod
462 1704 623 1767 patria
647 1720 809 1760 careo,
838 1704 1233 1768 pignoribusque
1258 1704 1410 1761 meis;

220 1782 292 1829 Ut
318 1782 447 1828 mala
471 1782 608 1828 nulla
632 1781 803 1837 feram,
832 1782 927 1828 nisi
953 1782 1138 1828 nudam
1167 1780 1383 1827 Caesaris
1410 1780 1560 1838 iram-3

288 1859 437 1905 Nuda
461 1874 636 1922 parum
664 1859 807 1906 nobis
836 1858 1051 1905 Caesaris
1077 1859 1149 1905 ira
1173 1857 1288 1904 mali
1315 1858 1425 1904 est?

222 1935 289 1983 Et
313 1943 482 1982 tamen
508 1942 585 1982 est
611 1935 810 1998 aliquis,
840 1935 925 1998 qui
951 1935 1156 1982 vulnera
1183 1934 1338 1981 cruda
1364 1940 1613 1990 retractet,

289 2012 460 2059 Solvat
484 2018 534 2059 et
560 2029 609 2059 in
635 2028 797 2059 mores
824 2027 910 2059 ora
934 2012 1121 2059 diserta
1144 2026 1299 2059 meos.
1552 2014 1616 2057 20

267 2203 290 2232 l.
316 2202 347 2231 St
377 2204 441 2242 quis
470 2202 524 2242 es.]
563 2202 704 2242 Quisquis
733 2213 771 2237 es,
796 2207 883 2243 puto,
997 2203 1027 2232 8.
1056 2202 1195 2232 Maenalis
1223 2201 1326 2241 ursm]
1363 2200 1444 2232 Ursa
1468 2200 1618 2231 Arcadia.

217 2252 382 2293 scripserat
395 2251 519 2283 Noster.
544 2252 660 2282 Ili-ass.
706 2252 746 2281 Et
758 2262 812 2282 cur
825 2262 884 2282 non
954 2251 1085 2281 Callisto
1109 2250 1206 2286 enim,
1232 2260 1301 2291 quae
1327 2254 1435 2291 postea
1458 2248 1490 2279 in
1514 2259 1617 2279 ursam

219 2301 250 2330 Si
266 2303 340 2340 quis,
352 2307 386 2331 ut
402 2299 561 2341 eleganter
576 2299 806 2342 praecedentem
822 2299 883 2330 ele·
953 2305 1075 2330 mutata
1088 2299 1215 2334 dicitur,
1234 2299 1293 2329 fuit
1309 2309 1346 2329 ex
1365 2298 1513 2329 Arcadia.
1540 2298 1619 2328 Par-

219 2349 302 2389 giam
334 2349 511 2380 inchoavit?
549 2349 654 2379 invide
676 2360 731 2389 pro
758 2350 885 2388 ιἰημιῚιΙιε
955 2350 1048 2379 rhasis
1066 2349 1126 2379 duo
1147 2354 1290 2385 veteres;
1315 2348 1359 2378 sic
1376 2348 1460 2378 Fast.
1476 2347 1517 2378 iv.
1536 2347 1616 2377 Par—

220 2410 299 2429 unus
315 2399 425 2429 codex.
955 2399 1085 2429 rhasides
1107 2399 1220 2433 stellae,·
1246 2403 1277 2427 et
1300 2397 1380 2427 Met.
1404 2396 1436 2426 ii.
1458 2396 1618 2426 Parrhasis

263 2450 293 2478 2.
317 2448 356 2478 Et
372 2459 420 2478 rue
437 2453 586 2489 perpetuo
602 2447 743 2478 adcuses.
953 2449 1084 2483 erubuit,
1101 2446 1141 2477 de
1157 2446 1215 2477 hac
1235 2446 1310 2487 ipsa.
1357 2445 1475 2476 Hmws.

264 2500 293 2527 5.
328 2498 402 2532 Quis
429 2499 545 2539 gradus
585 2499 712 2527 ulterior·
747 2497 880 2537 restaffl]
1001 2496 1049 2526 19.
1074 2496 1205 2525 Vulnera
1223 2497 1317 2525 cruda
1334 2493 1510 2533 retractam]
1538 2492 1618 2522 Vul-

219 2547 312 2582 Quod
327 2546 413 2577 aliud
430 2545 548 2576 malum
562 2552 714 2587 superest,
729 2546 811 2587 quod
826 2546 884 2576 ira-
954 2556 1022 2580 nus,
1039 2544 1123 2586 quod
1140 2544 1276 2574 nondum
1294 2543 1400 2579 coivit,
1415 2547 1553 2573 renovat.

220 2601 269 2626 tus
286 2595 360 2625 mihi
377 2595 487 2637 cupias
503 2595 644 2626 accidere
660 2597 670 2624 ἲ
998 2595 1049 2624 20.
1073 2592 1136 2630 Qui
1153 2593 1183 2623 in
1195 2592 1384 2624 adcusandis
1395 2591 1532 2622 moribus
1542 2590 1619 2621 meis

264 2645 292 2674 7.
318 2644 498 2684 Intimpi'tu]
529 2648 646 2675 Pontus
658 2644 819 2676 dicebatur
832 2655 885 2675 an·
955 2642 1100 2673 ostendat
1121 2641 1345 2683 eloquentiam.
1366 2640 1447 2671 conf.
1469 2650 1499 2670 e.
1517 2639 1618 2669 Ponto

221 2694 314 2734 tiqui>v
342 2694 469 2730 ἄξενος,
498 2693 705 2735 inhospitalis.
736 2695 818 2725 conf.
842 2693 887 2724 iii.
956 2690 976 2721 i·
993 2692 1023 2721 2·
1044 2692 1113 2721 104-
1159 2691 1308 2720 HARLES·

221 2744 251 2773 3.
266 2743 321 2778 27,
338 2744 391 2773 28.
438 2742 588 2773 Hunis.
