1760 3172
470 180 659 223 ARTIS
691 178 1048 220 AMATORIAE
1081 177 1201 219 LIB.
1235 179 1299 219 ΙΙ.
1521 179 1576 218 15

188 296 296 344 Nec
321 296 571 344 dominam
590 295 745 358 jubeo
771 294 988 358 pretioso
1014 309 1218 340 munere
1243 293 1399 340 dones
1420 312 1427 341 :

255 373 430 429 Parva,
457 374 545 420 sed
571 389 598 420 e
624 372 786 436 parvis
812 370 1021 417 callidus
1047 376 1164 433 apta
1187 370 1320 416 dato.

190 451 322 497 Dum
346 452 474 498 bene
499 450 637 497 dives
666 465 799 511 ager,
827 449 946 495 dum
972 447 1094 494 rami
1120 447 1338 510 pondere
1364 453 1561 501 nutant;

253 527 460 575 Adferat
483 528 532 574 in
558 527 754 574 calatho
780 525 965 572 rustica
989 525 1120 572 dona
1143 540 1283 588 puer.

189 605 324 652 Rure
350 604 635 651 suburbano
662 602 846 666 poteris
871 602 961 649 tibi
987 601 1152 666 dicere
1178 601 1352 655 missa;

1477 604 1573 647 265

255 681 348 728 Illa
370 682 447 728 vel
471 681 520 727 in
549 680 701 727 Sacra
725 679 824 726 sint
847 678 963 726 licet
988 685 1121 726 emta
1145 677 1255 725 Via.

188 758 394 806 Adferat
418 764 503 804 aut
526 773 663 812 uvas,
692 764 777 804 aut
801 773 926 819 quas
952 756 1221 819 Amaryllis
1248 756 1469 810 amabat3

253 835 321 883 At
343 852 474 882 nunc
500 842 760 882 castaneas
786 851 884 881 non
909 840 1042 881 amat
1068 833 1151 880 illa
1175 848 1346 879 nuces.

188 913 320 968 Quin
345 913 494 960 etiam
519 913 765 975 turdoque
790 912 922 967 licet,
950 911 1208 973 missaque
1233 909 1483 964 columb-21,

256 989 327 1037 Te
352 1005 621 1037 memorem
646 989 858 1036 dominae
884 987 1151 1035 testificere
1174 993 1290 1033 tuae.

1478 989 1575 1031 270

189 1066 418 1130 Turpiter
442 1066 518 1113 his
543 1066 722 1113 emitur
747 1081 861 1129 spes
887 1064 1076 1119 mortiS‚
1105 1070 1155 1110 et
1179 1064 1300 1110 orba
1324 1070 1571 1109 senectus,

256 1142 335 1189 Ah
360 1150 582 1206 pereant,
610 1159 698 1206 per
723 1159 849 1206 quos
875 1157 1082 1188 munera
1105 1141 1292 1188 crimen
1317 1140 1530 1186 habent!

191 1219 323 1274 Quid
339 1220 429 1267 tibi
441 1220 728 1283 praecipiam
743 1227 940 1268 teneros
951 1235 1155 1282 quoque
1171 1218 1365 1265 mittere
1375 1217 1576 1264 versus?

257 1296 354 1344 Hei
380 1297 526 1344 mihi!
565 1314 661 1344 non
688 1297 898 1344 multum
924 1312 1123 1343 carmen
1148 1295 1346 1342 honoris
1372 1294 1540 1341 habet.

192 1374 427 1421 Carmina
450 1374 737 1422 laudantur:
779 1373 866 1420 sed
888 1388 1094 1420 munera
1117 1387 1299 1433 magna
1323 1377 1574 1434 petuntur.

257 1451 541 1498 Dummodo
567 1451 630 1498 sit
653 1451 807 1504 dives,
834 1450 1074 1496 barbarus
1101 1449 1208 1512 ipse
1233 1449 1415 1512 placet.

1480 1451 1576 1494 276

192 1528 356 1575 Aurea
379 1544 510 1574 nunc
535 1543 650 1574 vere
675 1533 791 1573 sunt
815 1527 998 1573 secula.
1039 1526 1279 1589 plurimus
1306 1541 1424 1572 auro

256 1605 407 1652 Venit
431 1606 610 1652 honos:
652 1621 770 1651 auro
797 1604 1088 1651 conciliatur
1113 1619 1264 1650 amor.

193 1681 309 1745 Ipse
333 1682 451 1729 licet
476 1681 638 1728 Musis
663 1682 831 1729 venias
857 1681 1137 1736 comitatus,
1166 1679 1412 1735 Homere;

260 1759 314 1806 Si
339 1759 459 1806 nihil
484 1759 737 1815 adtuleris,
764 1759 876 1815 ibis,
906 1758 1141 1813 Homere,
1169 1757 1316 1804 foras.

190 1929 322 1960 dominae
345 1929 526 1960 cubiculum
550 1935 662 1966 servat,
678 1937 781 1972 posset
804 1931 851 1961 in-

190 1978 301 2020 telligi.
348 1979 466 2009 BURM.

233 2029 308 2059 268.
331 2028 373 2057 At
397 2039 479 2058 mmo
500 2033 652 2059 castaneas
675 2039 756 2058 nunc
771 2035 851 2058 ωηατ

190 2078 246 2108 illa
261 2076 376 2117 nucea]
401 2076 522 2117 Argute
538 2077 700 2109 avaritiam
716 2082 804 2108 notat
820 2077 851 2108 in

190 2126 305 2168 puellis
337 2125 384 2157 sui
412 2126 533 2157 saeculi.
580 2126 723 2169 Respicit
747 2132 852 2158 autem

191 2176 246 2207 illa
258 2176 373 2218 virgil.
388 2177 500 2218 Eclog.
515 2176 548 2207 ii.
563 2178 616 2208 52.

237 2225 455 2267 castaneasque
473 2237 574 2262 nuces,
589 2237 652 2256 mea
675 2237 747 2266 quas
761 2226 852 2256 Ama-

276 2276 366 2315 ryllis
378 2276 509 2305 amabat.
690 2275 809 2305 HE1Ns.

235 2324 308 2354 269.
333 2324 482 2364 Missaque
503 2324 638 2364 corona]
666 2325 716 2355 De
741 2334 853 2355 corona

192 2373 350 2404 turdorum
361 2373 431 2415 capi
445 2384 534 2415 posse
545 2373 695 2405 Heinsius
709 2373 852 2415 conjece-

191 2427 250 2458 rat,
274 2428 309 2453 ut
334 2422 431 2453 Mart.
452 2422 518 2454 xiii.
544 2424 596 2454 51.
641 2422 705 2454 Ubi
728 2422 853 2458 lemma,

192 2474 351 2502 turdorum
365 2483 472 2502 corona
481 2484 490 2502 s

238 2521 330 2552 Texta
358 2523 430 2552 rosis
446 2521 579 2563 fortasse
604 2523 668 2559 tibi,
692 2523 738 2553 vel
762 2523 855 2552 divite

320 2573 437 2608 nard03

278 2620 319 2650 At
346 2621 419 2650 mihi
444 2622 480 2651 de
506 2622 605 2651 turdis
622 2620 717 2662 facta
746 2633 853 2652 corona

315 2669 426 2708 placet.

192 2717 232 2747 Et
248 2715 293 2748 iii.
309 2718 403 2760 Epig.
422 2719 475 2748 47.

1482 1759 1579 1802 ‘280

962 1930 1032 1960 Illic
1047 1941 1183 1960 coronam
1194 1929 1359 1970 pinguibus
1377 1939 1499 1969 gravem
1518 1935 1581 1958 tur-

919 1979 990 2019 dia]
1021 1979 1081 2009 Sed
1098 1979 1171 2019 quia
1186 1977 1237 2008 hic
1249 1978 1288 2008 de
1300 1975 1404 2019 parvis
1416 1982 1447 2007 et
1463 1977 1583 2007 rusticis

919 2028 1100 2059 muneribus
1118 2027 1194 2068 agit,
1213 2026 1348 2068 praetuli,
1369 2026 1451 2067 quod
1467 2026 1498 2057 in
1514 2037 1582 2069 sep—

920 2083 983 2108 tem
999 2076 1120 2119 seriptis
1139 2082 1253 2112 exstat,
1268 2078 1410 2116 missaque
1429 2077 1582 2107 columba:

920 2127 979 2157 hoc
995 2126 1078 2157 enim
1094 2125 1289 2168 aptissimum
1305 2125 1457 2156 Venereis
1474 2126 1583 2156 amori—

920 2176 979 2207 bus
994 2186 1106 2207 munus
1120 2187 1128 2213 ;
1149 2181 1183 2205 ut
1200 2174 1375 2205 notavimus
1388 2175 1427 2205 ad
1448 2175 1585 2206 Petronii

921 2237 990 2267 cap.
1005 2225 1114 2256 lxxxv.
1132 2224 1247 2266 quibus
1260 2224 1341 2255 adde
1350 2224 1482 2255 Theocr.
1499 2225 1583 2266 Idyl.

922 2286 953 2305 v.
992 2274 1074 2305 “Osca
1104 2274 1133 2305 οἱ
1161 2275 1223 2305 τὰν
1252 2273 1383 2315 φάσσαν
1412 2273 1525 2305 ἔδωκα.
1555 2280 1586 2305 et

922 2334 991 2365 quae
1007 2323 1050 2353 ibi
1066 2323 1239 2353 Meursius.
1285 2323 1401 2352 BunM.

964 2373 1037 2402 271.
1072 2372 1196 2402 Emitur
1219 2371 1311 2411 spes.]
1352 2371 1586 2408 Terentianum,

922 2433 960 2453 ex
986 2421 1124 2463 Adelph.
1150 2421 1183 2452 ii.
1210 2422 1264 2451 21.
1298 2432 1373 2460 spem
1400 2423 1498 2459 pretio
1526 2433 1583 2452 71011

922 2483 995 2502 emo.
1030 2471 1081 2501 Ita
1095 2473 1154 2511 spei
1170 2472 1257 2501 emtio
1272 2470 1355 2512 apud
1366 2470 1475 2501 JCtos.
1487 2470 1509 2501 1.
1522 2470 1587 2501 viii.

922 2525 1001 2551 sect.
1017 2520 1040 2551 i.
1064 2519 1098 2550 ff.
1119 2519 1159 2550 de
1183 2524 1281 2550 contr.
1303 2519 1409 2560 Empt.
1426 2520 1497 2549 orba.
1520 2531 1587 2550 vero

922 2576 1056 2600 senectus
1080 2568 1206 2611 respicit
1225 2573 1400 2609 captatores
1423 2567 1588 2599 haeredita-

922 2626 999 2655 tum,
1016 2618 1069 2660 qui
1082 2619 1172 2648 orbos
1186 2617 1343 2659 praecipue
1359 2617 1505 2648 colebant
1519 2630 1525 2648 ;
1549 2618 1587 2648 de

923 2669 1036 2710 quibus
1062 2668 1184 2709 egregie
1209 2667 1310 2697 multa
1326 2666 1489 2698 Petronius
1514 2677 1587 2709 cap.

923 2717 1004 2748 cxvi.
1020 2722 1051 2748 et
1066 2727 1157 2758 seqq.
1204 2716 1320 2746 Romu.
