1760 3172
386 160 694 205 TRISTIUM
727 160 847 201 LIB.
881 159 973 202 ΙΙΙ.
1007 161 1187 204 ELEG.
1221 163 1275 203 V.

1442 163 1529 205 237

140 281 263 328 Sum
282 294 500 343 quoque,
520 277 701 332 Chare,
721 275 819 322 tuis
845 275 1081 322 defensus
1105 277 1291 324 viribus
1317 278 1525 326 absens:

206 355 317 404 Scis
344 356 581 410 Charum,
607 354 709 400 veri
734 352 946 399 nominis
972 368 1083 399 esse
1106 353 1233 400 loco.

138 433 404 496 Multaque
430 439 672 496 praeterea
696 429 946 477 manifesti
972 430 1116 492 signa
1138 429 1317 477 favoris

205 509 502 558 Pectoribus
527 515 674 555 teneo
700 523 798 554 non
824 505 1020 553 abitura
1042 506 1185 553 meis.

1466 510 1531 554 20

140 587 205 633 Di
230 587 321 634 tibi
346 602 495 650 posse
519 592 631 632 tuos
656 585 878 631 tribuant
902 582 1170 651 defendere
1196 599 1410 648 semper,

209 665 348 719 Quos
375 664 426 710 in
450 662 658 710 materia
681 661 992 726 prosperiore
1011 661 1183 723 juves!

141 741 194 788 Si
220 748 388 788 tamen
411 740 613 795 interea,
637 738 758 801 quid
783 737 833 783 in
858 737 934 783 his
961 753 1053 799 ego
1078 737 1302 800 perditus
1328 738 1441 795 oris,

206 817 354 872 Quod
377 824 427 864 te
453 816 693 864 credibile
719 821 798 862 est
823 830 1063 878 quaerere,
1093 814 1290 877 quaeris,
1319 816 1498 878 agam?

141 897 243 959 Spe
265 894 435 941 trahor
459 893 658 955 exigua,
686 908 838 956 quam
860 899 915 938 tu
940 891 1060 938 mihi
1085 892 1285 940 demere
1312 894 1429 951 noli,
1468 896 1531 942 25

209 970 393 1018 Tristia
414 970 557 1017 leniri
582 970 787 1017 numina
813 986 961 1033 posse
989 969 1102 1016 Dei.

139 1049 239 1096 Seu
262 1056 451 1096 temere
476 1056 734 1112 exspecto,
759 1048 861 1095 sive
886 1047 936 1094 id
962 1047 1251 1109 contingere
1276 1047 1348 1094 fas
1375 1055 1478 1104 est;

204 1125 281 1172 Tu
306 1125 444 1182 mihi,
472 1125 798 1190 quodcupio,
825 1125 914 1181 fas,
942 1141 1132 1189 precor,
1160 1141 1270 1172 esse
1296 1126 1469 1188 proba.

139 1201 367 1265 Quaeque
390 1201 482 1248 tibi
506 1202 689 1264 linguae
714 1210 791 1249 est
815 1202 1062 1259 facundia,
1090 1201 1259 1248 confer
1283 1201 1334 1248 in
1358 1202 1497 1258 illud,

207 1278 279 1325 Ut
303 1279 484 1325 doceas
509 1285 678 1325 votum
705 1295 851 1342 posse
876 1279 1040 1326 valere
1064 1295 1248 1325 meum.

1468 1282 1533 1326 30

139 1355 252 1410 Quo
277 1355 390 1419 quis
411 1355 545 1402 enim
569 1357 744 1419 major,
771 1356 930 1418 magis
957 1364 1034 1403 est
1059 1356 1318 1419 placabilis
1344 1356 1444 1412 irae,

207 1432 274 1479 Et
296 1431 468 1480 faciles
493 1440 658 1479 motus
683 1449 825 1480 mens
851 1448 1093 1495 generosa
1117 1432 1280 1496 capit:

140 1508 364 1573 Corpora
387 1509 703 1572 magnanimo
729 1509 850 1556 satis
877 1516 954 1557 est
979 1516 1256 1572 prostrasse
1282 1509 1442 1566 leoni;

206 1585 384 1647 Pugna
407 1602 553 1632 suum
577 1585 744 1642 finem,
773 1602 929 1650 quum
949 1587 1088 1648 jacet
1113 1586 1288 1642 hostiS,
1316 1586 1485 1633 habet.

139 1661 208 1709 At
229 1662 393 1726 lupus,
421 1669 472 1709 et
496 1669 668 1726 turpes
695 1663 884 1710 instant
908 1663 1232 1710 morientibus
1259 1663 1374 1720 ursi,

1469 1667 1532 1712 35

209 1738 276 1785 Et
300 1755 633 1802 quaecumque
659 1740 817 1787 minor
842 1740 1100 1788 nobilitate
1127 1740 1227 1787 fera
1255 1747 1347 1788 est.

140 1926 202 1952 vet.
217 1926 249 1951 et
260 1920 382 1952 Bersm.
405 1932 422 1952 e
443 1921 514 1953 MS.
527 1928 558 1953 et
580 1922 702 1953 Fabrie.
726 1922 801 1953 reti-

141 1969 225 2000 nuit:
242 1979 278 2000 ac
289 1970 394 2011 plures
403 1970 449 2000 ita
459 1971 573 2012 legere,
581 1978 686 2001 monet
695 1972 803 2002 Burm.

141 2018 302 2060 Singultus
314 2018 435 2061 proprie
451 2019 648 2050 Gallinarum
664 2019 802 2056 est‚inde

140 2066 181 2097 ad
203 2067 360 2099 hominem
382 2069 576 2099 transfertur.
600 2068 639 2098 cf.
663 2068 683 2098 i.
700 2069 730 2099 3.
752 2069 804 2099 42.

140 2115 288 2148 HAnmss.

192 2166 240 2196 17.
286 2166 402 2197 Probat
439 2166 640 2197 Burmannus
677 2167 804 2208 Micylli

140 2214 359 2256 suspicionem,
382 2214 434 2245 hic
458 2215 590 2245 indicari
616 2215 739 2251 Garun,
765 2216 805 2246 ad

141 2274 236 2305 quern
263 2264 379 2306 scripta
403 2264 494 2305 Eleg.
524 2264 588 2295 xiV.
614 2265 669 2295 lib.
699 2264 741 2295 iv.
766 2276 805 2295 ex

141 2312 251 2348 Ponto,
262 2318 304 2349 et,
315 2323 355 2343 ne
370 2312 447 2354 quid
462 2312 560 2354 ipsius
575 2313 708 2344 nominis
724 2314 804 2355 posi-

140 2361 183 2392 tio
205 2361 252 2392 illi
274 2370 409 2398 noceret,
424 2362 483 2393 hac
507 2373 597 2392 usum
621 2373 686 2393 esse
708 2363 807 2403 figura

142 2416 282 2452 poetam:
309 2418 341 2441 et
360 2410 510 2441 Heinsius
534 2411 621 2442 aliud
645 2411 807 2442 detexerat

77 2492 81 2495 ,
141 2459 292 2490 indicium
307 2459 340 2489 in
355 2469 418 2490 ver.
429 2460 482 2489 42.
495 2469 557 2501 quo
572 2460 723 2490 adludere
740 2469 805 2490 cre-

143 2507 239 2539 debat
262 2508 303 2539 ad
321 2507 516 2550 Apotheosin
538 2508 696 2544 Herculis,
711 2519 806 2550 quam

144 2557 245 2588 Carus
269 2557 445 2599 scripserat,
466 2558 511 2588 uti
529 2563 617 2599 patet
640 2568 678 2589 ex
702 2557 742 2588 iv.
767 2568 806 2588 ex

143 2607 245 2637 Ponto
260 2606 325 2637 xvi.
343 2606 374 2636 7.
421 2606 570 2636 HARLES.

185 2656 239 2686 27.
263 2655 322 2686 Fas
336 2655 407 2695 est.]
432 2655 502 2685 h.e.
515 2655 580 2685 fieri
595 2661 708 2696 potest.
748 2654 807 2685 Fas

143 2714 227 2740 vero,
243 2704 332 2746 quasi
345 2703 452 2745 fatum
475 2716 493 2734 a
513 2705 571 2734 diis
584 2704 630 2734 vel
645 2704 805 2735 sacerdoti-

872 1925 934 1959 bus,
949 1929 983 1954 ut
1008 1922 1051 1953 ait
1072 1922 1192 1957 Festus,
1208 1921 1326 1963 proprie
1345 1922 1385 1952 ad
1411 1921 1485 1952 deos
1508 1928 1540 1953 et

871 1971 1053 2013 religionem
1068 1971 1222 2012 pertinet;
1247 1982 1275 2001 v.
1291 1981 1383 2013 supra
1402 1970 1423 2001 i.
1440 1972 1470 2001 2.
1485 1971 1540 2002 96.

862 2024 919 2061 jus
931 2021 970 2052 ad
985 2020 1138 2051 homines.
1185 2020 1303 2052 Just'm.
1315 2026 1420 2051 tamen
1436 2021 1490 2051 39.
1508 2022 1540 2052 3.

873 2071 902 2100 8.
927 2081 1078 2101 commune
1104 2070 1280 2100 bellantium
1299 2070 1358 2111 fas
1380 2068 1469 2105 dixit,
1494 2070 1538 2100 sic

874 2130 997 2160 quoque
1030 2118 1124 2150 ovid.
1161 2118 1256 2149 Trist.
1273 2118 1305 2149 ii.
1321 2119 1394 2149 205.
1411 2124 1443 2148 et
1464 2118 1540 2149 alibi

874 2179 945 2199 cum
972 2168 1052 2198 aliis.
1103 2168 1153 2198 Ob
1179 2168 1268 2198 illam
1289 2168 1421 2209 primam
1449 2178 1539 2199 caus·

872 2227 938 2247 sam
969 2217 1064 2247 exiam
1090 2216 1121 2247 h.
1147 2217 1168 2247 l.
1194 2222 1287 2257 poeta
1313 2216 1352 2246 de
1382 2216 1538 2257 Augusto,

872 2272 1031 2307 tamquam
1061 2265 1133 2301 deo,
1159 2265 1218 2295 isto
1246 2264 1344 2295 utitur
1371 2265 1537 2296 vocabulo.

873 2314 1022 2345 HARLrs.

917 2364 969 2394 31.
994 2364 1059 2398 Quo
1074 2366 1194 2404 quisque
1210 2370 1251 2393 est
1268 2365 1374 2402 mqjor,
1390 2364 1485 2404 magis
1497 2370 1539 2394 est

871 2414 1029 2452 placabilis
1052 2412 1131 2452 irae]
1167 2412 1233 2446 Quo
1256 2414 1321 2452 quis
1344 2414 1421 2441 enim
1445 2414 1540 2451 mqjm·

875 2468 1004 2492 venuste
1018 2461 1153 2502 optimus
1168 2461 1343 2492 Vaticanus
1359 2466 1390 2490 et
1406 2466 1468 2491 tres
1486 2461 1540 2491 alii

875 2521 913 2541 ex
928 2510 1125 2540 melioribus:
1153 2520 1206 2551 pro
1221 2513 1271 2540 ἱνα)
1287 2509 1453 2551 Gottorph.
1471 2512 1539 2548 ἱνα,-

875 2559 956 2599 lego,
973 2561 1065 2599 magis
1084 2559 1135 2589 hoc·
1155 2559 1314 2597 placabilis
1331 2560 1375 2588 ἱνιι
1391 2565 1452 2595 θεῖς
1476 2558 1538 2595 vel,

875 2611 968 2649 magis
983 2609 1063 2638 huic.
1097 2607 1155 2638 Irae
1173 2607 1272 2649 magis
1285 2607 1460 2650 placabilis,
1472 2618 1538 2650 pro,

874 2655 1093 2698 placabilioris.
