1760 3172
369 173 460 214 EX
493 173 705 216 PONTO
739 174 858 215 LIB.
894 174 956 214 ΙΙ.
991 174 1182 216 EPIST.
1217 175 1307 216 XI.

1448 177 1532 218 4:139

149 286 291 344 Quae,
318 304 379 335 ne
405 288 658 336 dissimilis
683 289 774 336 tibi
799 290 864 336 sit
888 290 1150 352 probitate,
1178 291 1394 348 laborat3

217 364 384 427 Seque
409 365 481 412 tui
509 366 607 413 vita
627 366 880 428 sanguinis
906 382 1016 413 esse
1042 367 1234 429 probat.

147 440 296 504 Ergo,
325 443 459 505 quod
484 442 643 490 fuerat
668 442 879 489 stimulis
905 442 1096 489 factura
1121 443 1226 490 sine
1252 444 1378 500 ullis,

213 518 417 566 Plenius
443 527 694 568 auctorem
719 527 768 567 te
796 535 997 583 quoque
1023 526 1171 567 nacta
1195 520 1328 567 facit.
1464 525 1527 567 20

145 595 291 653 Acer,
318 603 368 644 et
393 598 454 644 ad
479 598 656 661 palmae
682 613 770 661 per
795 614 848 645 se
873 613 1107 657 cursurus
1133 598 1359 653 honores,

214 673 268 720 Si
291 681 459 722 tamen
484 675 709 731 horteris,
736 674 908 721 fortius
935 674 1027 720 ibit
1051 690 1229 736 equus.

146 749 306 807 Adde,
334 752 469 814 quod
493 752 715 799 absentis
741 768 859 799 cura
882 751 1117 798 mandata
1141 751 1274 798 fideli

213 826 436 885 Perficis,
464 836 513 876 et
537 829 725 876 nullum
750 829 876 876 ferre
901 828 1115 891 gravaris
1142 845 1282 875 onus

148 903 191 950 O
214 904 429 953 referant
446 914 628 969 grates,
651 906 886 970 quoniam
912 923 1008 954 non
1035 922 1300 969 possumus
1327 907 1436 970 ipsi,
1465 911 1526 953 25

214 981 278 1028 Di
301 982 417 1030 tibi!
456 983 542 1046 qui
566 983 796 1039 referent,
825 984 865 1030 si
891 983 974 1047 pia
997 983 1130 1030 facta
1153 983 1340 1031 vident.

147 1059 470 1123 Sufficiatque
495 1060 578 1107 diu
604 1077 783 1125 corpus
810 1076 1010 1123 quoque
1036 1061 1253 1107 moribus
1279 1061 1402 1116 istis,

210 1136 438 1184 Maxima
464 1137 689 1185 Fundani
713 1138 882 1200 gloria,
912 1136 1058 1193 Rufe,
1087 1137 1193 1184 soli.

191 1281 239 1311 17.
257 1281 329 1316 Quae
347 1292 382 1312 ne
396 1283 545 1312 dissimilis
558 1283 611 1312 tibi
627 1282 692 1322 sm]
721 1282 797 1319 Quae

143 1339 213 1360 mea
228 1340 315 1367 uxor,
331 1336 365 1361 ut
380 1341 480 1361 mores
495 1337 562 1362 tuos
577 1330 725 1362 imitetur.

190 1378 240 1409 18.
267 1379 335 1410 Essa
364 1383 409 1411 tui
436 1380 619 1421 sanguinis]
656 1381 731 1411 Esse
756 1380 799 1411 tui

143 1427 276 1469 generis.
331 1429 409 1459 Vita.
447 1429 530 1459 Vitae
559 1430 733 1465 honestate,
771 1436 799 1461 et

142 1483 225 1509 recte
240 1477 384 1516 vivendo,
400 1484 435 1510 ut
450 1484 483 1509 tu
500 1479 587 1510 facis.

189 1528 239 1558 19.
265 1527 336 1559 Sine
362 1529 433 1559 ullis
455 1530 611 1570 stimulis]
638 1528 710 1560 Sine
736 1535 799 1565 tuo,

143 1583 196 1609 aut
212 1577 397 1619 cujusquam
412 1589 505 1609 suasu
523 1585 552 1609 et
568 1579 750 1610 hortamine.

185 1629 238 1658 21.
254 1629 303 1658 Ad
325 1629 445 1659 honores
467 1629 599 1669 palmea]
628 1628 679 1659 Ad
703 1630 799 1660 victo-

142 1677 219 1708 riam
235 1678 385 1710 curulem.

911 1282 963 1311 23.
982 1281 1132 1311 Mandata
1155 1280 1307 1320 absentis]
1333 1281 1411 1318 Quae
1440 1291 1457 1310 a
1480 1292 1527 1310 me

869 1331 997 1361 absente
1014 1330 1070 1360 tibi
1086 1330 1282 1361 mandantur.

910 1381 964 1411 26.
990 1380 1088 1420 Sipia
1104 1380 1197 1421 fucta
1220 1380 1346 1420 vident]
1374 1379 1404 1408 Si
1422 1379 1527 1410 vident

868 1441 936 1471 quae
954 1441 971 1460 a
988 1436 1016 1460 te
1032 1430 1082 1471 pie
1099 1441 1152 1472 pro
1168 1441 1216 1460 me
1233 1434 1392 1470 geruntur.

911 1479 1209 1519 2705'14fficn1m121u]
1228 1478 1291 1509 Diu
1307 1478 1397 1508 duret
1413 1482 1443 1507 et
1456 1478 1527 1508 sub-

869 1528 1031 1559 ministret.

913 1579 965 1608 28.
982 1578 1042 1607 Soli
1060 1577 1232 1617 Fundani]
1258 1576 1357 1606 Fundi
1380 1575 1528 1617 oppidum

871 1626 928 1657 fuit
943 1626 1137 1668 Campaniae,
1155 1626 1255 1667 patria
1276 1626 1367 1667 hujus
1387 1624 1472 1660 Rufi,
1489 1624 1528 1654 ad

870 1687 962 1718 quem
979 1676 1085 1707 scribit
1101 1676 1244 1707 Ovidius.
