1760 3172
414 168 723 212 TRISTIUM
757 168 875 209 LIB.
912 168 992 208 IV.
1027 169 1207 210 ELEsJu
1243 169 1331 209 111.
1488 170 1572 209 279

179 286 412 333 Vultibus
439 285 523 332 illa
546 284 661 340 tuis,
686 291 927 346 tanquam
954 283 1228 346 praesentis,
1256 283 1478 339 inhaeret‚

244 363 419 426 Teque
444 370 636 410 remota
659 361 848 425 procul,
877 360 918 407 si
943 360 1090 406 modo
1113 360 1245 414 vivit,
1274 368 1424 407 amat.
1507 366 1570 407 20

181 439 395 502 Ecquid,
423 446 479 486 ut
502 438 729 485 incubuit
749 439 886 500 justo
914 453 1053 484 1110115
1080 452 1213 498 aegra
1233 436 1405 491 dolori,

246 515 394 563 Lenis
419 516 482 562 ab
508 514 762 562 admonito
787 521 989 577 pectore
1016 528 1219 559 somnus
1245 513 1384 559 abit?

179 592 320 639 Tunc
343 593 563 639 subeunt
587 608 735 647 curae,
762 591 882 637 dum
907 597 957 637 te
983 591 1248 652 lectusque
1274 591 1515 653 locusque

246 653 523 731 Tangitfet
547 669 755 716 oblitam
780 685 879 715 non
905 668 1022 714 sinit
1047 683 1158 714 esse
1184 667 1316 714 mei?

182 746 249 793 Et
272 746 478 794 veniunt
501 754 669 801 aestus,
697 753 748 792 et
772 762 870 792 nox
897 745 1140 792 immensa
1164 744 1392 790 videtur?
1511 749 1572 791 25

249 823 504 886 Fessaque
523 823 704 886 jactati
731 823 953 886 corporis
979 839 1093 869 ossa
1117 822 1321 869 dolent?

183 901 298 949 Non
322 901 557 964 equidem
583 886 925 977 dubitoquuin
950 901 1057 947 haec
1083 908 1134 947 et
1158 907 1338 947 caetera
1363 900 1498 953 fiant,

249 978 453 1041 Detque
476 985 592 1024 tuus
618 977 743 1024 casti
770 977 912 1038 signa
936 976 1120 1023 doloris
1148 992 1311 1032 amor;

182 1055 292 1103 Nec
316 1055 537 1103 cruciere
562 1055 742 1110 minus,
771 1071 923 1117 quam
949 1070 1103 1116 quum
1130 1053 1372 1100 Thebana
1400 1070 1573 1099 cruen-

250 1133 472 1181 Hectora
495 1133 787 1181 Thessalico
805 1133 930 1179 vidit
955 1132 1017 1179 ab
1043 1147 1139 1179 axe
1166 1131 1287 1194 rapi.
1447 1131 1576 1191 [tum

184 1211 318 1266 Quid
341 1218 510 1259 tamen
536 1212 644 1275 ipse
677 1227 867 1275 precer,
895 1209 1070 1257 dubito
1089 1227 1098 1265 ;
1118 1223 1232 1273 fnec
1268 1207 1434 1254 dicere
1464 1224 1576 1270 pos-r

252 1288 521 1336 Adfectum
549 1304 700 1351 quleJn
725 1295 774 1335 te
800 1287 981 1335 mentis
1007 1285 1190 1333 habere
1215 1285 1377 1331 velim.
1425 1285 1574 1345 [sum,
1642 1311 1660 1326 v2

184 1364 361 1413 Tristis
387 1366 474 1412 es?
500 1365 745 1427 indignor,
774 1364 909 1427 quod
936 1379 1046 1410 sum
1071 1362 1161 1409 tibi
1188 1378 1341 1409 causa
1359 1361 1544 1407 doloris
1565 1379 1574 1408 ι

254 1442 369 1489 Νο11
394 1442 481 1489 es?
519 1449 573 1489 ut
597 1441 781 1489 amisso
807 1442 1021 1504 conjuge
1047 1440 1201 1502 digna
1224 1439 1368 1486 fores.

185 1519 262 1566 Tu
286 1535 401 1567 vero
426 1527 513 1566 tua
537 1520 719 1566 damna
743 1520 871 1575 dole,
895 1518 1160 1565 mitissima
1184 1517 1386 1579 conjux',
1516 1518 1578 1561 35

254 1596 474 1660 Tempus
498 1603 551 1661 et
576 1612 605 1643 a
630 1596 810 1643 nostris
836 1596 983 1658 exige
1009 1595 1152 1642 triste
1178 1593 1349 1645 malis;

189 1672 377 1736 Fleque
401 1689 539 1720 meos
565 1689 741 1720 casus:
778 1680 855 1721 est
880 1672 1112 1735 quaedam
1137 1671 1256 1717 flere
1282 1669 1540 1732 voluptas;

256 1750 505 1814 Expletur
529 1751 763 1815 lacrymis
790 1750 1110 1813 egeriturque
1136 1749 1292 1795 dolor.

188 1827 358 1891 Atque
384 1828 572 1875 utinam
598 1827 818 1890 lugenda
841 1826 931 1874 tibi
961 1842 1061 1872 non
1086 1826 1204 1880 vita,
1233 1824 1321 1871 sed
1344 1831 1478 1870 esset

257 1905 395 1952 Mors
421 1921 533 1953 mea
549 1905 590 1977 35³
600 1911 760 1952 morte
786 1904 914 1952 fores
942 1904 1047 1950 sola
1073 1902 1246 1950 relicta
1270 1900 1406 1948 mea!
1518 1902 1583 1944 40

191 1982 407 2047 Spiritus
432 1982 512 2029 hic
539 1999 627 2046 per
651 1990 700 2029 te
727 1982 912 2045 patrias
939 1982 1129 2028 exisset
1154 1979 1203 2025 in
1230 1994 1403 2033 auras;

258 2059 573 2124 Sparsissent
598 2061 830 2123 lacrymae
858 2066 1062 2123 pectora
1086 2067 1259 2104 nostra
1283 2054 1403 2119 piae!

233 2245 287 2275 25.
303 2244 385 2274 Num
404 2246 524 2275 veniunt
541 2245 686 2285 questus]
713 2244 852 2275 Scribere
911 2242 1026 2284 jin-es]
1058 2240 1144 2270 Fleas
1162 2238 1271 2280 priscae
1295 2235 1447 2266 editiones
1468 2240 1497 2263 et
1518 2233 1585 2274 qui-

187 2294 279 2336 jubet
296 2294 409 2325 Heius.
427 2294 574 2336 quoniam
594 2294 633 2325 de
656 2299 734 2325 aestu
757 2293 852 2324 animi
921 2293 994 2323 dam
1007 2290 1114 2331 scripti
1127 2301 1133 2325 3
1147 2287 1328 2328 unxisset-es.
1354 2285 1489 2315 Carmen
1501 2294 1586 2313 men-

188 2343 255 2384 jam
281 2343 380 2384 egerit
403 2349 436 2375 et
459 2350 577 2384 questus
605 2344 706 2374 fuerat
729 2343 761 2374 in
784 2342 853 2374 cod.
922 2341 1042 2372 dosum.
1068 2339 1130 2368 Illa
1145 2343 1249 2367 autem
1265 2335 1371 2365 Tristis
1387 2344 1413 2362 es
1426 2338 1456 2362 et
1477 2332 1543 2361 Non
1559 2342 1587 2361 es

193 2391 356 2423 Barberin.
389 2393 538 2423 Nondum
558 2393 654 2434 plane
677 2391 851 2423 adsentior:
923 2402 976 2432 pei·
994 2386 1268 2428 interrogationem
1284 2384 1374 2424 lege:
1401 2382 1425 2412 si
1442 2380 1518 2422 qnid
1539 2381 1585 2411 vi-

193 2451 274 2472 curae
289 2441 374 2472 enim
390 2447 422 2473 et
437 2448 530 2474 aestus
543 2442 574 2473 h.
585 2442 607 2473 l.
623 2442 771 2473 differunt
781 2448 811 2473 et
824 2441 854 2471 vi
922 2439 991 2474 deo,
1008 2442 1039 2468 et
1058 2437 1115 2467 hoc
1140 2441 1171 2466 01
1194 2433 1337 2475 superius
1358 2430 1513 2462 distichon
1534 2429 1584 2460 hic

193 2496 225 2520 et
239 2490 350 2530 gradu.
383 2491 535 2522 HARLES.
923 2489 1026 2519 denuo
1042 2486 1202 2517 inculcata
1217 2489 1289 2514 sunt
1305 2483 1344 2513 ab
1361 2481 1465 2511 aliena
1481 2489 1588 2509 manu.

236 2540 290 2570 29.
321 2540 486 2581 Thebarum]
525 2540 754 2576 Andromache,
793 2540 857 2570 filia
925 2538 1043 2568 Hfixxs.

194 2588 344 2624 Eetionis,
358 2589 538 2620 Thebarum
556 2589 586 2620 in
603 2589 717 2620 Cilicia
731 2589 821 2630 regis.
969 2587 1021 2616 41.
1036 2586 1095 2615 Pei·
1109 2584 1162 2623 te.]
1184 2584 1270 2613 Bene
1287 2581 1331 2611 sic
1347 2578 1471 2620 scripsit
1487 2583 1588 2619 Poeta·

237 2638 290 2668 30.
320 2639 365 2668 Ab
393 2650 447 2669 are
478 2639 668 2679 Thessalica]
706 2639 736 2669 A
766 2648 857 2668 curru
925 2635 1057 2677 Cognati
1094 2633 1178 2664 enim
1211 2636 1379 2674 praesentes
1414 2626 1590 2658 moribundi

197 2685 331 2717 Achillis
343 2687 497 2718 Thessali.
532 2688 625 2718 Men.
923 2685 1064 2727 spiritum
1094 2694 1145 2714 ore
1172 2681 1384 2723 excipiebant,
1411 2678 1588 2718 osculisque

240 2736 292 2767 34.
310 2736 376 2766 Non
393 2739 442 2767 es?
460 2743 491 2767 nt
506 2738 608 2767 amisso
623 2739 748 2777 conjuge
764 2738 855 2777 digua
926 2734 1061 2764 animam
1079 2730 1253 2761 moribundi
1271 2729 1359 2771 quas-i
1378 2728 1541 2767 suggebant.
1558 2738 1589 2755 v.

1055 2781 1115 2810 Ti
