1760 3172
409 148 718 190 TRISTIUM
752 148 872 188 LIB.
909 147 962 187 V.
997 146 1177 189 ELEG.
1211 146 1348 187 VIII.

1497 146 1581 187 331

191 264 238 311 Ν
243 280 300 312 ec
326 265 507 312 metuis
525 263 685 318 ¹dubio
710 262 918 310 fortunae
943 261 1121 308 stantis
1147 261 1197 308 in
1223 262 1342 308 orbe

257 340 553 397 Numen,set
576 355 741 386 exosae
767 339 919 386 verba
943 338 1160 400 superba
1186 337 1343 384 Deae?

190 416 377 479 Exiget
400 396 489 464 als!
528 416 707 478 dignas
732 416 886 462 ultrix
913 414 1228 462 Rhamnusia
1250 414 1450 477 poenas!

255 493 498 557 Imposito
523 494 688 540 calcas
715 492 837 555 quid
862 507 974 539 mea
992 490 1095 538 fata
1118 490 1282 554 pede?

1527 495 1585 537 lo

188 569 303 617 Vidi
329 586 439 632 ego,
467 569 774 631 navifragum
800 568 889 635 qui
913 568 1105 621 riserat,
1133 583 1335 629 aequore
1361 568 1516 629 mergi
1537 586 1546 623 ;

256 646 338 702 Et,
366 662 640 708 nunquam,
667 645 789 701 dixi,
812 644 995 708 justior
1010 644 1155 690 'unda
1179 643 1287 690 fuit.

187 722 320 770 Vilia
344 723 430 792 qui
455 723 709 786 quondam
733 721 928 768 miseris
955 720 1194 767 alimenta
1218 728 1441 782 negarat,

255 799 304 846 N
308 816 404 846 unc
429 799 713 847 mendicato
739 797 961 862 pascitur
987 797 1095 860 ipse
1121 797 1251 844 cibo.

189 875 431 923 Passibus
458 875 705 938 ambiguis
726 875 924 922 fortuna
945 874 1176 921 volubilis
1203 880 1349 929 errat,

1528 877 1584 921 lo

255 952 322 1000 Et
345 960 514 1000 manet
537 953 586 998 in
612 953 749 999 nullo
775 959 912 999 certa
936 958 1192 1014 tenaxque
1218 951 1326 997 loco
1350 967 1358 997 :

189 1029 292 1078 Sed
307 1030 455 1077 modo
477 1031 594 1076 laeta
612 1036 798 1084 manet,
815 1028 981 1074 vultus
1002 1027 1152 1074 modo
1174 1027 1327 1074 sumit
1346 1027 1554 1073 acerbos
1571 1045 1580 1080 ;

256 1106 322 1154 Et
344 1113 539 1154 tantum
565 1112 802 1153 constans
829 1104 878 1150 in
903 1104 1108 1151 levitate
1135 1120 1226 1150 sua
1250 1110 1345 1150 est.

189 1183 296 1231 Nos
322 1200 526 1247 quoque
550 1183 825 1238 floruimus,
853 1182 942 1229 sed
967 1182 1060 1229 flos
1087 1188 1194 1229 erat
1218 1181 1299 1228 ille
1326 1180 1548 1227 caducus
1571 1200 1581 1236 ;

256 1260 581 1324 Flammaque
606 1261 669 1307 de
695 1259 882 1323 stipula
906 1267 1091 1315 nostra,
1119 1259 1389 1321 brevisque
1414 1258 1523 1304 fuit.

190 1337 330 1386 Neve
356 1345 524 1386 tamen
549 1344 656 1385 tota
680 1336 850 1401 capias
875 1336 979 1384 fera
1003 1337 1186 1399 gaudia
1210 1342 1408 1389 mente;

1523 1339 1579 1381 21

256 1415 372 1463 Non
398 1423 474 1464 est
498 1415 732 1480 placandi
759 1431 875 1479 spes
901 1415 1021 1461 mihi
1048 1414 1185 1461 nulla
1211 1412 1337 1460 Dei:

229 1643 261 1673 9.
279 1641 494 1683 Rhamnusia]
512 1642 580 1673 h.e.
594 1642 749 1677 Nemesis,
762 1642 850 1683 quasi

188 1691 375 1733 indignatio,
409 1702 428 1723 a
457 1693 653 1734 νεμεσᾶσθαι
681 1693 851 1733 indignari,

186 1739 283 1776 dicta,
307 1740 392 1781 quod
420 1740 628 1771 insolentibus
657 1746 688 1771 et
712 1740 853 1781 superbis

186 1788 379 1831 indignetur,
399 1800 435 1820 ac
460 1800 532 1831 spes
550 1789 727 1820 moderatas
747 1789 852 1830 prohi-

185 1838 260 1869 beat
292 1848 329 1869 ac
361 1838 483 1881 puniat.
517 1838 706 1868 Rhamnusia
739 1844 852 1868 vocata

186 1892 233 1918 est
249 1887 497 1923 aRhamnunte,
512 1887 628 1918 Atticae
642 1897 741 1928 pago:
766 1887 850 1917 Pau-

186 1936 325 1973 saniae,i.
336 1947 364 1967 e.
375 1938 428 1968 33.
440 1937 536 1967 verba
546 1947 584 1967 ex
594 1936 851 1978 interpretatione

185 1984 237 2016 hic
252 1990 402 2027 repetam.
446 1985 476 2016 A
489 1985 678 2029 Marathone
694 1984 797 2016 stadia
808 1985 851 2016 lx.

187 2034 328 2077 Oropum
353 2046 461 2067 versus
488 2046 543 2077 per
566 2034 642 2065 litus
670 2036 851 2077 progressis,

186 2083 353 2115 Rhamnus
376 2085 521 2121 occurrit,
548 2084 600 2115 ubi
630 2090 661 2115 et
690 2084 852 2115 hominum

186 2138 260 2164 sunt
287 2133 371 2165 aedes
401 2139 433 2164 et
460 2133 606 2164 Nemesis
635 2133 702 2164 deae
728 2133 850 2164 fanum.

186 2181 266 2212 Haec
281 2193 313 2213 se
329 2182 458 2213 deorum
479 2193 543 2213 una
564 2182 701 2213 maxime
715 2182 851 2213 insolen-

185 2229 315 2263 tioribus
329 2231 508 2263 hominibus
523 2231 758 2273 implacabilem
773 2242 852 2272 prae-

185 2279 250 2317 bet,
267 2286 299 2311 et
316 2281 384 2323 ejus
401 2281 434 2311 in
448 2280 556 2323 primis
577 2280 624 2311 ira
643 2281 793 2311 barbaros
812 2281 851 2312 ad

185 2329 409 2360 Marathonem
425 2329 566 2360 adflictos
580 2334 703 2371 putant.
744 2330 852 2366 Quum

186 2378 269 2410 enim
289 2378 336 2410 illi
359 2379 601 2410 Atheniensium
620 2389 695 2421 opes
715 2385 853 2410 contem-

186 2434 308 2465 nerent,
325 2428 453 2459 Parium
472 2438 616 2464 marmor,
635 2438 672 2458 ac
692 2428 717 2458 si
733 2428 852 2459 hostem

182 2478 250 2519 jam
265 2477 425 2514 vicissent,
442 2477 573 2519 trophaei
587 2476 726 2518 erigendi
742 2487 853 2508 caussa

186 2526 219 2558 in
241 2526 309 2558 haec
333 2527 404 2558 loca
427 2527 656 2569 deportandum
680 2531 848 2557 curarunt:

187 2587 225 2607 ex
250 2586 287 2607 eo
308 2575 440 2606 Phidias
458 2575 604 2607 Nemesis
625 2575 747 2616 signum
765 2574 850 2610 fecit,

187 2626 219 2656 in
243 2625 333 2667 cujus
361 2624 464 2666 capite
493 2635 607 2655 corona
629 2635 736 2655 cervos
759 2624 852 2655 habet

188 2681 218 2705 et
241 2673 377 2705 victoriae
399 2673 513 2715 sigilla,
536 2673 614 2714 ipsa,
640 2673 718 2703 laeva
743 2672 855 2703 fraxini

921 1651 1052 1676 ramum,
1065 1640 1176 1671 dextra
1187 1638 1325 1681 phialam
1343 1644 1441 1669 tenet.
1477 1639 1587 1669 HARL.

968 1691 1017 1720 14.
1033 1689 1093 1720 Ille
1107 1689 1195 1728 ciba]
1213 1688 1279 1728 Ipse
1298 1688 1452 1718 meliores.
1481 1688 1585 1718 HnrN-

921 1751 1001 1770 sms.

967 1789 1017 1818 17.
1041 1788 1099 1818 Sed
1113 1788 1197 1817 modo
1222 1788 1289 1816 [crta
1313 1785 1440 1826 manet]
1468 1785 1499 1815 Si
1523 1795 1588 1815 ma-

920 1843 973 1867 net
987 1837 1073 1872 laeta,
1094 1846 1156 1866 non
1174 1840 1221 1866 est
1240 1836 1440 1865 inconstans:
1466 1833 1588 1875 irrepsit

919 1886 978 1917 hoc
1012 1886 1142 1916 verbum
1179 1895 1217 1915 ex
1251 1883 1443 1926 praecedenti
1476 1893 1585 1913 versu:

919 1946 978 1966 nec
1005 1941 1111 1966 tamen
1139 1934 1214 1965 satis
1244 1933 1336 1964 video
1365 1933 1440 1975 quid
1470 1942 1526 1974 pro
1553 1943 1588 1962 eo

921 1984 1035 2015 debeat
1055 1982 1161 2025 reponi
1177 1995 1185 2021 3
1209 1982 1268 2013 nisi
1288 1982 1378 2018 forte,
1403 1983 1470 2012 Iaeta
1491 1983 1586 2012 venit.

921 2035 1041 2064 mes.

963 2083 1016 2114 20.
1042 2082 1069 2112 F
1072 2081 1267 2122 [animaque]
1304 2084 1503 2111 Burmannus
1524 2090 1589 2110 mo-

921 2138 987 2168 net,
1028 2132 1165 2162 GronOV.
1205 2131 1246 2161 iv,
1283 2130 1350 2160 obs.
1384 2130 1415 2159 3.
1453 2135 1588 2164 notasse,

910 2182 1070 2222 flainmum
1085 2180 1135 2211 hic
1151 2190 1206 2222 pro
1227 2178 1334 2209 lucida
1359 2183 1389 2208 et
1411 2177 1589 2219 splendenti

921 2232 1044 2262 fortuna
1061 2229 1149 2264 fumi,
1175 2234 1206 2259 et
1229 2228 1403 2258 Pindarum
1427 2225 1535 2267 φλέγω
1557 2231 1589 2256 et

920 2279 987 2321 ejus
1011 2276 1191 2319 compositis
1217 2287 1253 2306 eo
1278 2286 1370 2306 sensu
1392 2273 1507 2316 saepius
1532 2274 1588 2305 uti.

920 2328 1020 2369 Atqui
1036 2328 1103 2357 haec
1114 2325 1296 2368 μετάβασις
1308 2323 1477 2365 allegoriae,
1490 2334 1588 2365 quum

921 2378 1077 2408 fortunam
1098 2381 1190 2406 antea
1211 2385 1282 2405 cum
1301 2374 1386 2408 flore,
1408 2383 1491 2403 nunc
1516 2383 1587 2403 cuin

919 2426 1046 2456 flamma
1070 2428 1240 2465 comparat,
1258 2433 1314 2453 nos
1338 2421 1439 2452 minus
1462 2431 1587 2451 movere

920 2474 1024 2508 debet,
1042 2472 1116 2514 quia
1140 2471 1245 2503 Graeci
1267 2471 1368 2507 ἄνθος
1387 2480 1442 2510 pro
1461 2479 1498 2499 eo
1514 2469 1587 2510 poni

921 2523 1033 2556 solent,
1055 2519 1211 2562 quidquid
1234 2519 1266 2549 in
1290 2530 1346 2549 suo
1369 2528 1482 2559 genere
1505 2529 1586 2560 prae-

921 2579 1007 2603 stans
1022 2577 1069 2601 est
1084 2576 1115 2600 et
1130 2569 1314 2611 perfectum,
1330 2573 1361 2598 et
1377 2578 1431 2609 pro
1447 2567 1588 2608 quolibet

922 2620 1057 2651 maxime
1071 2619 1252 2650 lucescente
1265 2623 1296 2648 et
1312 2617 1467 2647 emicante
1484 2628 1489 2645 z
1515 2616 1586 2646 hinc

923 2670 1091 2713 reperimus
1108 2669 1210 2705 ἄνθος
1227 2668 1339 2709 πυρός.
1386 2667 1535 2696 ΗΑιιιι,ε.
