1760 3172
447 171 636 213 ARTIS
668 169 1024 212 AMATORIAE
1056 169 1176 211 LIB.
1211 170 1275 211 ΙΙ.
1500 173 1552 211 11

165 287 333 335 Sensit
356 293 406 335 et
430 285 598 350 Hylaei
623 292 912 333 contentum
939 286 1138 332 saucius
1165 301 1333 332 arcum
1355 304 1364 333 :

231 364 333 411 Sed
361 371 529 411 tamen
554 363 648 409 hoc
674 378 789 409 arcu
816 361 975 409 notior
999 362 1124 409 alter
1148 369 1270 409 erat.

163 440 279 488 Non
303 448 352 488 te
380 439 641 487 Maenalias
668 446 912 487 armatum
937 439 1176 486 scandere
1203 438 1366 491 silvas,

229 517 277 563 N
282 533 338 564 ec
358 518 512 580 jubeo
537 517 664 564 collo
690 517 814 563 retia
837 515 962 562 ferre
985 522 1088 562 tuo.

160 593 373 641 Pectora
397 610 488 642 nec
513 594 677 641 missis
697 594 853 656 jubeo
878 593 1101 663 praebere
1127 591 1338 654 sagittis.
1459 595 1549 639 190

1524 596 1546 617 Γ

225 670 361 718 Artis
387 678 531 719 erunt
554 677 700 718 cauto
726 670 893 717 mollia
910 670 1055 732 jussa
1078 684 1218 715 meae.

161 748 300 796 Cede
324 749 648 813 repugnanti3
688 747 914 796 cedendo
938 746 1094 794 victor
1119 745 1297 792 abibis.

226 826 326 874 Fac
352 827 516 882 modo,
543 842 669 889 quas
695 832 862 889 partes
887 824 972 871 illa
990 823 1204 887 jubebit,
1233 838 1369 885 agas.

160 902 366 966 Arguet,
394 903 613 966 arguit03
655 903 902 967 quidquid
927 902 1106 966 probat
1131 901 1229 955 illa,
1257 900 1494 964 probato:

226 979 374 1034 Quod
398 980 546 1035 dicet,
575 980 740 1027 dicas:
782 979 915 1042 quod
942 984 1093 1040 negat
1117 977 1215 1032 illa,
1244 992 1413 1038 neges.
1453 980 1550 1022 ‘200

162 1055 363 1112 Riserit,
391 1056 590 1104 adride:
631 1057 671 1103 si
697 1055 851 1111 flebit,
879 1055 997 1102 flere
1023 1060 1290 1101 memento.

226 1132 459 1196 Imponat
482 1133 618 1195 leges
643 1133 861 1180 vultibus
887 1132 970 1178 illa
994 1131 1108 1178 tuis.

162 1209 262 1257 Seu
286 1210 441 1265 ludet,
468 1226 801 1273 numerosque
828 1225 977 1256 manu
996 1207 1210 1272 jactabit
1235 1207 1479 1259 eburnos;

224 1285 301 1332 Tu
326 1286 454 1333 male
473 1287 678 1350 jactato,
705 1293 759 1333 tu
786 1286 914 1333 male
933 1287 1072 1348 jacta
1095 1285 1228 1331 dato.

161 1358 261 1410 Seu
283 1364 441 1426 jacies
465 1364 607 1419 talos,
634 1364 816 1411 victam
842 1380 904 1410 ne
929 1378 1076 1426 poena
1100 1367 1354 1424 sequatur,

1449 1363 1545 1407 205

228 1439 468 1487 Damnosi
492 1440 641 1487 facito
668 1447 802 1487 stent
825 1440 915 1487 tibi
943 1455 1075 1502 saepe
1101 1454 1250 1485 canes
1271 1454 1279 1484 :

204 1623 276 1653 191.
299 1622 396 1653 Sensit
417 1630 447 1654 et
471 1622 530 1653 Ilei
553 1629 726 1654 contentum
745 1633 816 1653 san-

158 1674 223 1703 cius
246 1672 378 1713 arcum]
411 1673 461 1703 Ita
483 1671 612 1714 quidem
638 1672 670 1703 in
693 1672 818 1703 Aldinis

159 1720 284 1762 legitur,
310 1721 366 1752 sed
391 1721 481 1752 salso.
536 1721 639 1761 Hylaei
663 1721 745 1752 enim
770 1721 815 1751 le-

159 1770 319 1811 gendum3
343 1770 375 1801 id
393 1770 476 1811 quod
491 1781 529 1801 ex
550 1770 747 1801 Callimacho
762 1780 817 1812 pa-

158 1824 214 1855 tet,
228 1819 344 1861 hymno
359 1819 392 1849 in
406 1818 557 1854 Dianam,
573 1830 654 1849 vers.
670 1820 746 1850 221.
763 1819 817 1850 ubi

157 1867 196 1898 de
220 1868 333 1909 Hylaeo
352 1874 384 1898 et
405 1867 528 1898 Rhoeco
549 1868 705 1899 centauris
720 1869 818 1909 (quos

157 1916 319 1954 Atalanta,
332 1927 368 1948 eo
383 1916 467 1958 quod
480 1916 542 1947 vim
554 1917 666 1948 inferre
677 1917 737 1948 sibi
748 1923 816 1948 ten-

158 1971 286 2002 tassent,
301 1966 422 2007 sagittis
436 1966 589 2005 confecit)
605 1966 636 1996 in
652 1966 734 1996 hunc
751 1977 816 1996 mo-

158 2015 234 2047 dum
248 2016 362 2057 legitur
376 2028 382 2045 z
409 2015 481 2048 οὐδὲ
496 2017 556 2057 μὲν
570 2015 702 2048 ’Υλαῖόν
716 2028 747 2047 τε
762 2016 816 2047 καὶ

159 2067 286 2107 ἄφρονα
295 2064 423 2097 Ῥοῖκον
433 2065 540 2096 ἔολπα
552 2064 696 2106 Οὐδέπερ
708 2065 816 2106 ἐχθαί-

157 2126 290 2157 ροντας,
307 2114 343 2146 ὲν
364 2113 428 2145 ἀΐδι
443 2114 655 2156 μωμήσεσθαι
671 2115 819 2150 Τοξότιν·

158 2164 196 2194 οὐ
207 2163 268 2206 γάρ
281 2170 356 2205 σφιν
367 2163 508 2205 λαγόνες
522 2162 818 2204 συνεπιψεύσονται

158 2211 253 2244 Τάων
270 2212 440 2250 Μαιναλίη
455 2213 534 2243 νᾶεν
549 2212 638 2253 φόνῳ
650 2211 817 2254 ἀκρώρεια.

158 2260 368 2302 Intelligimus
388 2266 493 2291 autem
508 2260 570 2296 hic,
586 2261 718 2291 Poetam
736 2260 816 2291 illud

158 2311 291 2342 voluisse
316 2309 502 2351 significare,
524 2309 556 2340 in
582 2309 715 2350 gratiam
736 2309 816 2340 Ata-

157 2360 251 2390 lantae
268 2359 484 2389 Melanionem
498 2358 679 2390 sustinuisse
693 2359 732 2389 ab
749 2359 817 2399 Hy-

158 2408 217 2439 laeo
230 2409 310 2439 ultro
319 2407 463 2439 sauciari.
495 2408 588 2444 Quod
601 2414 632 2438 et
645 2418 752 2439 versus
767 2408 814 2439 in-

159 2468 254 2489 nuere
266 2457 398 2497 videtur,
411 2457 466 2498 qui
475 2457 556 2488 infra
567 2456 724 2498 sequitur:
743 2457 815 2487 Cor-

157 2517 231 2546 pora
249 2517 302 2536 nec
321 2507 414 2536 missis
421 2507 515 2545 jubeo
532 2507 662 2545 praebere
682 2507 813 2547 sagittis,

158 2556 217 2586 διο.
249 2555 314 2586 Ubi
328 2561 360 2586 et
374 2555 453 2586 illud
473 2555 572 2586 obiter
587 2555 769 2591 notandum,
785 2555 817 2586 in

159 2604 346 2645 quibusdam
362 2605 491 2635 Pectora
504 2603 578 2645 legi,
594 2615 656 2634 non
670 2604 814 2644 Corpora.

159 2654 286 2684 M1cvr..

204 2703 277 2734 196.
311 2704 395 2733 Artis
419 2709 507 2734 erunt
531 2702 656 2743 cauta]
689 2702 727 2733 In
750 2702 818 2744 qui—

887 1621 1021 1652 busdam
1047 1626 1137 1656 certe,
1158 1630 1219 1650 non
1245 1625 1351 1649 cautae.
1390 1619 1549 1650 NAuoEn.

887 1672 981 1712 Lege,
1010 1677 1109 1701 cauto.
1138 1669 1239 1700 cautis
1265 1679 1301 1699 ac
1330 1667 1548 1710 prudentibus,

885 1720 998 1762 inquit,
1018 1730 1079 1750 non
1095 1717 1231 1749 difficilis
1250 1718 1309 1749 erit
1328 1728 1378 1748 ars
1400 1728 1481 1748 mea.
1502 1717 1546 1748 sic

885 1770 967 1801 infra
982 1770 1059 1800 386.

926 1820 1062 1850 Crimina
1073 1825 1143 1849 sunt
1152 1820 1249 1849 cautis
1258 1820 1314 1848 ista
1325 1819 1455 1848 timenda
1466 1820 1549 1849 viris.

1384 1867 1505 1898 HEst.

927 1919 1004 1948 201.
1029 1918 1061 1948 Si
1077 1918 1178 1959 flebit,
1190 1917 1301 1958 flere]
1333 1917 1372 1947 In
1401 1917 1546 1948 Francof.

885 1967 1071 2008 erat,flerit,
1089 1967 1197 2007 ‹hfiere
1214 1972 1368 1996 memento.
1387 1965 1549 2007 eleganter

884 2016 1085 2054 mehercule;
1109 2014 1332 2046 subintellecto
1357 2014 1410 2045 illo
1435 2017 1472 2050 si,
1500 2021 1546 2051 ut,

884 2065 1010 2096 millies.
1030 2065 1097 2096 vid.
1116 2065 1140 2095 i.
1160 2064 1271 2095 Amor.
1297 2064 1338 2095 iv.
1358 2065 1413 2095 29.
1438 2066 1547 2106 desiere

884 2127 956 2147 vero
977 2115 1048 2157 plus
1069 2122 1116 2146 est
1136 2125 1231 2156 quam
1247 2115 1338 2156 flere,
1361 2120 1396 2145 ut
1418 2122 1547 2156 apparet

885 2177 923 2197 ex
939 2176 997 2196 usu
1012 2164 1106 2206 hujus
1125 2163 1212 2195 verbi
1228 2164 1267 2194 ad
1283 2174 1404 2204 rogum,
1422 2164 1475 2194 ubi
1492 2165 1546 2196 de-

884 2214 1038 2245 flebantur
1058 2213 1184 2243 mortui.
1208 2223 1269 2254 quo
1296 2213 1371 2242 forte
1398 2212 1543 2254 respicit;

885 2270 920 2295 ut
934 2262 1090 2298 nimirum,
1106 2262 1213 2304 puella
1235 2262 1328 2292 flente
1350 2261 1487 2303 aliquem
1507 2275 1545 2295 ex

883 2311 946 2343 suis
966 2317 1133 2347 mortuum,
1157 2311 1300 2347 amatori,
1322 2317 1482 2351 tamquam
1507 2313 1546 2344 ad

883 2371 1004 2401 rogum,
1028 2358 1245 2390 vehementius
1273 2359 1453 2390 deflendum
1478 2371 1544 2393 esse

884 2409 1060 2452 praecipiat.
1106 2409 1222 2439 BURM.

927 2459 1001 2489 205.
1026 2458 1084 2488 Seu
1096 2459 1193 2498 jacies
1209 2459 1294 2493 tulos,
1310 2458 1419 2487 victam
1435 2469 1472 2488 ne
1483 2470 1543 2498 poe-

884 2521 925 2538 ηα
946 2514 1101 2548 sequatur,
1127 2508 1203 2547 δια]
1233 2507 1355 2537 Poenam
1379 2506 1429 2537 hic
1448 2517 1543 2549 expo-

887 2557 932 2587 nit
950 2556 1075 2587 Merula
1095 2567 1150 2597 pro
1168 2555 1273 2586 dolore
1288 2567 1294 2585 :
1319 2560 1354 2586 ut
1369 2554 1408 2586 sit
1422 2566 1542 2594 sensus,

885 2606 932 2636 Ne
956 2607 1034 2636 victa
1051 2606 1121 2635 ludo
1133 2606 1237 2643 puella
1253 2605 1364 2634 doleat.
1391 2603 1474 2634 Mihi
1492 2616 1543 2635 ve-

885 2665 918 2685 ro
933 2654 1033 2695 magis
1048 2654 1165 2695 placet,
1180 2659 1215 2683 ut
1226 2664 1341 2693 poencmz
1354 2653 1545 2694 accipiamus

886 2714 941 2744 pro
967 2703 1077 2739 multa,
1103 2702 1167 2733 sive
1191 2702 1336 2744 pecunia,
1358 2713 1464 2743 quam,
1491 2703 1545 2744 qui
