1760 3172
203 177 286 218 194

589 175 639 216 Ρ.
673 172 887 216 OVIDII
921 172 1204 215 NASONIS

204 291 301 339 Per
327 290 547 354 Superos
573 290 736 353 igitur,
756 288 841 352 qui
862 289 984 336 dent
1003 288 1095 336 tibi
1118 289 1282 351 longa,
1303 288 1598 352 dabuntque

269 365 837 438 Temporas‘Romanum
853 366 893 412 si
911 366 1057 413 modo
1074 382 1254 413 nomeu
1273 374 1462 423 amant3
1504 370 1596 414 156

204 445 304 493 Per
329 446 556 509 patriam,
581 461 693 508 quae
719 452 768 491 te
795 451 904 491 tuta
928 450 979 490 et
1003 459 1179 490 secura
1202 451 1407 507 parente
1433 451 1537 501 est;

271 521 447 584 Cujus,
476 529 530 568 ut
555 522 603 568 in
629 521 833 584 populo,
861 536 974 583 pars
1001 535 1093 581 ego
1119 536 1276 584 nuper
1300 537 1462 577 eram;

204 597 287 645 Sic
315 598 421 653 tibi,
450 613 601 661 quem
627 612 826 660 semper
850 595 994 643 factis
1020 596 1288 660 animoque
1313 598 1534 653 mereris,

270 675 531 722 Reddatur
555 682 708 737 gratae
734 672 936 720 debitus
962 673 1098 719 urbis
1121 689 1273 721 amor.

1506 678 1597 722 160

203 751 340 799 Livia
364 752 435 799 sic
461 759 628 799 tecum
655 751 867 798 sociales
893 750 1144 813 compleat
1167 766 1339 808 annos,

268 828 411 885 Quae,
438 828 531 875 nisi
558 835 625 884 te,
653 827 789 874 nullo
815 828 1029 890 conjuge
1055 827 1208 889 digna
1230 827 1349 876 fuit:

201 905 326 960 Quae
353 906 395 953 si
420 921 518 953 non
544 911 694 961 esset,
722 905 907 952 caelebs
932 911 982 952 te
1002 904 1103 952 vita
1126 905 1354 963 deceret;

267 982 537 1046 Nullaque,
559 982 640 1029 cui
666 998 842 1046 posses
869 998 980 1030 esse
1005 982 1228 1039 maritus,
1255 990 1378 1030 erat.

202 1060 404 1123 Sospite
430 1060 501 1107 sic
526 1067 575 1107 te
602 1059 667 1107 sit
691 1066 837 1106 natus
864 1075 1068 1123 quoque
1094 1076 1269 1124 sospes
1287 1053 1389 1131 {set
1411 1061 1529 1109 olim

266 1137 540 1201 Imperium
565 1144 705 1200 regat
725 1138 820 1184 hoc
846 1153 961 1184 cum
987 1137 1181 1185 seniore
1207 1153 1390 1185 senex:

1504 1141 1595 1187 166

201 1214 374 1278 thue
400 1215 472 1261 tui
498 1215 702 1270 faciunt,
730 1214 868 1261 sidus
888 1213 1127 1277 juvenile,
1154 1220 1380 1278 nepoteS,

267 1291 366 1339 Per
391 1298 494 1348 tua,
519 1307 708 1355 perque
736 1291 812 1337 sui
837 1289 970 1338 facta
994 1291 1213 1354 parentis
1239 1298 1371 1338 eant.

200 1369 283 1416 Sic
310 1369 522 1416 adsueta
544 1369 643 1415 tuis
669 1383 867 1431 semper
890 1366 1098 1414 victoria
1121 1367 1316 1423 castris,

264 1446 413 1493 Nunc
440 1461 642 1509 quoque
669 1461 722 1492 se
748 1451 968 1508 praestet,
990 1451 1210 1507 notaque
1237 1444 1380 1506 signa
1404 1452 1571 1509 petat;

195 1523 577 1586 Ausoniumque
603 1522 783 1569 ducem
810 1521 969 1568 solitis
994 1521 1318 1569 circumvolet
1341 1522 1448 1578 alis,
1501 1526 1587 1570 171

262 1601 427 1648 Ponat
441 1607 503 1666 9}
527 1599 579 1646 in
605 1599 765 1646 nitida
788 1599 959 1646 laurea
983 1605 1116 1646 serta
1140 1614 1311 1646 coma:

237 1746 308 1775 155.
335 1744 481 1778 Quidam
498 1745 551 1774 tibi
565 1744 858 1784 lmrga‚(labuntque,

192 1793 363 1834 Tempora]
389 1792 507 1829 Scribe,
523 1792 573 1832 qui
591 1794 663 1823 dent
674 1793 750 1828 tibi5
775 1792 858 1833 quod

191 1841 374 1883 augurantis
389 1848 420 1872 et
434 1841 578 1872 voventis
594 1848 650 1872 est.

237 1892 309 1922 157.
336 1891 447 1931 Tuta.]
475 1891 504 1921 A
520 1901 583 1932 qua
598 1889 644 1920 vis
661 1889 796 1920 hostium
813 1901 860 1921 re-

189 1942 281 1982 pulsa
296 1947 360 1979 est;
383 1952 500 1976 secura,
518 1951 586 1981 quae
612 1939 725 1970 dehinc
742 1951 803 1971 non
820 1940 859 1970 ti-

189 1997 255 2022 met
266 2001 361 2021 novos
376 1990 519 2021 incursus
534 1995 565 2021 et
578 1989 706 2020 hostiles
716 1990 861 2032 impetuS.

190 2052 219 2071 v.
236 2041 344 2072 Burm.

236 2091 307 2121 161.
332 2090 421 2121 Livia
438 2092 478 2121 sic
491 2090 616 2130 tecum]
644 2091 765 2121 Liviam
777 2091 860 2122 Dru—

189 2139 291 2170 sillam
302 2139 390 2175 dicit,
403 2149 498 2181 quam
508 2139 683 2180 Augustus,
696 2139 860 2181 repudiata

187 2188 360 2224 Scribonia,
379 2188 472 2218 duxit
485 2199 623 2219 uxorem.
670 2189 748 2219 Eam
765 2199 859 2219 ama-

189 2237 332 2268 trimonio
357 2236 474 2267 Tiberii
503 2236 649 2273 Neronis,
674 2242 705 2268 et
732 2237 859 2278 quidem

186 2293 401 2329 praegnantem
440 2285 583 2323 abduxit,
614 2285 788 2328 dilexitque
826 2293 858 2317 et

185 2336 328 2377 probavit
353 2335 460 2369 unice.
488 2346 523 2366 ac
549 2340 796 2377 perseveranter,
822 2342 857 2366 ut

186 2384 294 2415 scribit
308 2385 520 2427 Tranquillus.
566 2385 684 2417 mes.

233 2435 304 2465 165.
334 2433 459 2474 Natus]
484 2444 515 2464 n.
538 2433 694 2470 Tiberius,
719 2434 758 2465 ab
788 2434 853 2464 Au-

185 2488 277 2522 gusto
293 2482 435 2524 privigno
451 2482 628 2524 adoptatus.
641 2494 670 2513 v.
681 2483 767 2514 Suet.
783 2483 854 2514 Tib.

184 2542 212 2561 c.
232 2532 280 2562 15.
328 2532 478 2563 Hamas.

231 2581 300 2611 167.
327 2580 479 2621 Nepotes]
507 2580 632 2611 Drusus
650 2585 744 2621 atque
768 2580 849 2611 Ger-

183 2629 337 2665 manicus,
355 2629 408 2661 ille
426 2628 590 2665 naturalis,
606 2629 657 2660 hic
681 2628 849 2670 adoptivus

178 2677 295 2709 Tiberii
320 2678 403 2709 filius
425 2679 531 2720 (Suet.
554 2678 660 2710 Tiber.
684 2689 714 2709 c.
744 2679 792 2709 15.
817 2684 850 2709 et

181 2726 251 2768 52.)
274 2726 435 2759 imitentur
462 2728 545 2759 sacta
572 2728 708 2770 Augusti
737 2727 848 2769 suique

926 1742 1076 1784 parentis,
1105 1741 1234 1779 Tiberii,
1265 1742 1310 1773 uti
1339 1742 1435 1774 etiam
1465 1743 1595 1775 faciunt.

927 1792 1078 1823 Hmmzs.

973 1842 1045 1872 169.
1069 1841 1118 1872 Sic
1129 1843 1253 1872 adsueta
1271 1843 1330 1872 ruis
1344 1852 1454 1881 semper
1468 1844 1594 1873 victoria

927 1891 1059 1931 castris]
1100 1890 1243 1922 Victoria
1280 1891 1352 1922 Dea
1389 1891 1458 1927 fuit,
1498 1903 1594 1934 quam

927 1940 1093 1982 Apuleius,
1108 1940 1162 1971 lib.
1185 1940 1218 1971 ii.
1244 1941 1456 1983 Metamorph.
1479 1943 1594 1981 palma-

928 2000 989 2019 rem
1007 1990 1102 2020 Deam
1118 1990 1266 2031 appellat.

976 2039 1047 2069 171.
1075 2041 1299 2080 Ausoniumque
1327 2039 1460 2080 ducem]
1498 2038 1592 2071 Tibe-

929 2088 1007 2119 rium
1031 2088 1188 2130 designat‚
1211 2088 1276 2130 qui,
1298 2089 1450 2120 nunciata
1473 2087 1593 2130 Illyrici

928 2138 1114 2174 defectione,
1123 2139 1246 2170 transiit
1255 2138 1294 2169 ad
1305 2149 1412 2169 curam
1423 2137 1494 2169 novi
1505 2138 1594 2175 belli,

928 2188 1012 2229 quod
1036 2187 1253 2229 gravissimum
1278 2188 1416 2219 omnium
1439 2187 1592 2219 bellorum

927 2242 996 2278 post
1016 2237 1149 2273 Punica,
1166 2248 1220 2279 per
1242 2236 1422 2278 quindecim
1440 2236 1591 2278 legiones,

924 2296 1096 2328 paremque
1113 2286 1299 2317 auxiliorum
1315 2286 1438 2328 copiam
1458 2285 1591 2317 triennio

923 2335 1039 2376 gessit:
1078 2346 1140 2377 quo
1164 2335 1314 2378 temporis
1343 2335 1444 2378 spatio
1471 2335 1592 2367 domuit

922 2390 1022 2415 totum
1046 2385 1225 2426 Illyricum:
1251 2395 1329 2426 quas
1349 2386 1389 2416 ob
1412 2395 1461 2416 res
1482 2385 1591 2416 trium-

922 2432 1002 2474 phus
1026 2433 1054 2464 ei
1078 2433 1224 2464 decretus
1253 2440 1311 2469 est,
1338 2444 1432 2475 quem
1458 2433 1591 2472 distulit,

922 2489 1035 2513 moesta
1063 2483 1191 2514 civitate
1221 2483 1311 2515 clade
1338 2483 1486 2515 Variana.
1532 2483 1590 2514 Ni-

921 2530 1090 2562 hilominus
1103 2532 1208 2562 urbem
1220 2537 1432 2574 praetextatus,
1443 2538 1474 2564 et
1485 2533 1592 2564 laurea

919 2586 1084 2611 coronatus
1098 2580 1235 2611 intravit.
1281 2581 1375 2612 Potes
1387 2581 1480 2612 etiam
1494 2581 1588 2612 intel-

919 2627 1016 2669 ligere
1032 2629 1135 2671 (quod
1160 2629 1259 2671 magis
1281 2629 1404 2672 placet)
1421 2631 1586 2661 Germani—

917 2685 987 2706 cam
1008 2678 1250 2720 expeditionem,
1267 2689 1362 2720 quam
1382 2678 1515 2716 Drusus,
1530 2679 1585 2710 Ti·
1642 2697 1643 2701 =

916 2726 993 2759 berii
1010 2727 1106 2759 frater
1128 2734 1160 2759 et
1175 2727 1310 2769 Augusti
1327 2728 1500 2770 privignus,
1519 2739 1586 2760 sus—
