1760 3172
365 176 455 217 EX
489 176 700 217 PONTO
736 176 853 217 LIB.
888 175 979 216 III.
1012 176 1203 217 EPIST.
1237 176 1301 217 II.

1436 177 1522 218 453

137 290 411 339 Praefuerat
435 292 622 355 templo
648 292 829 338 multos
855 307 913 338 ea
937 292 1027 338 rite
1052 308 1139 355 per
1163 307 1332 347 annos,
1455 295 1516 338 65

203 368 364 417 Invita
388 386 631 433 peragens
652 369 812 416 tristia
836 385 974 415 sacra
1000 385 1176 425 manu3

137 445 304 500 Quum
329 448 428 493 duo
454 446 655 494 velifera
673 447 882 509 juvenes
907 461 1085 492 venere
1111 446 1292 500 carina,

201 523 600 587 Presseruntque
626 540 714 570 suo
739 523 882 570 litora
906 530 1073 569 nostra
1098 523 1241 586 pede.

134 599 234 647 Par
258 601 349 648 fuit
372 601 449 648 his
476 608 614 657 aetas,
643 607 692 647 et
717 616 879 674 amor:
909 616 1120 663 quorum
1146 600 1270 646 alter
1292 600 1513 656 Orestes,

200 676 341 726 Alter
365 685 469 725 erat
489 678 708 741 Pylades
728 694 737 725 :
759 677 760 680 ’
779 676 978 724 nomina
1002 676 1132 723 fama
1156 683 1307 723 tenet.
1454 682 1516 724 70

134 753 369 802 Protinus
395 755 637 802 immitem
659 754 834 801 Triviae
860 755 1109 801 ducuntur
1134 753 1195 801 ad
1223 770 1372 810 aram,

201 832 397 881 Evincti
423 834 645 896 geminas
671 833 733 879 ad
760 848 849 879 sua
872 839 1012 894 terga
1036 848 1229 878 manus.

136 909 339 974 Spargit
363 927 494 974 aqua
517 918 689 974 captos
715 910 907 957 lustrali
935 909 1086 956 Graia
1107 910 1353 965 sacerdos,

200 987 405 1036 Ambiat
429 995 483 1053 ut
506 988 664 1035 fulvas
690 987 845 1033 infula
869 988 1017 1048 longa
1041 1002 1225 1033 comas.

135 1064 370 1129 Dumque
387 1052 529 1129 parat
545 1082 755 1121 sacrum,
770 1065 888 1111 dum
903 1065 1034 1111 velat
1048 1071 1274 1127 tempora
1286 1063 1438 1119 vittis,
1454 1067 1514 1111 75

201 1142 334 1190 Dum
360 1144 511 1190 tardae
537 1159 714 1190 causas
739 1143 925 1190 invenit
949 1158 1109 1204 usque
1134 1157 1312 1189 morae:

133 1219 248 1266 Non
274 1237 366 1283 ego
391 1221 622 1277 crudelis,
644 1222 852 1284 juvenes
878 1220 1136 1283 ignoscite,
1164 1219 1319 1275 dixit;

201 1298 355 1346 Sacra
379 1316 467 1347 suo
493 1299 618 1346 facio
644 1299 929 1346 barbariora
952 1299 1076 1345 loco.

134 1374 282 1423 Ritus
307 1376 347 1423 is
373 1384 450 1424 est
475 1376 666 1439 gentis:
704 1393 804 1439 qua
827 1392 912 1423 vos
938 1382 1105 1422 tamen
1129 1375 1251 1422 urbe
1270 1374 1481 1421 venitis?

199 1453 371 1508 Quove
396 1471 570 1518 parum
594 1454 757 1501 fausta
780 1471 947 1518 puppe
973 1452 1169 1516 petistis
1195 1452 1319 1499 iter?
1453 1456 1515 1499 80

134 1531 304 1580 Dixit:
333 1540 397 1588 et,
426 1533 593 1580 audito
619 1532 790 1596 patriae
817 1532 900 1596 pia
923 1531 1121 1578 nomine
1145 1530 1296 1592 virgo,

201 1609 469 1658 Consortes
494 1610 630 1657 urbis
656 1609 898 1672 comperit
922 1624 1032 1655 esse
1057 1623 1174 1654 suae.

132 1687 274 1734 Alter
299 1694 349 1734 at
373 1704 400 1734 e
423 1688 580 1743 vobis,
608 1686 783 1749 inquit,
811 1685 958 1733 cadat
982 1683 1144 1731 hostia
1168 1683 1311 1738 sacri,

199 1765 279 1811 Ad
305 1765 488 1829 patrias
514 1765 658 1812 sedes
684 1763 886 1810 nuntius
913 1763 1035 1810 alter
1059 1768 1155 1809 eat.

134 1842 213 1890 Ire
232 1843 377 1905 jubet
398 1841 614 1906 Pylades
639 1858 808 1889 carum
832 1841 1080 1904 periturus
1108 1838 1350 1886 Oresten:
1455 1842 1516 1886 85

201 1919 298 1967 Hic
322 1927 499 1983 negat3
527 1920 678 1984 inque
702 1920 860 1967 vicem
882 1924 1071 1984 pugnat
1095 1923 1308 1980 uterque
1332 1915 1473 1962 mori.

171 2064 223 2095 65.
232 2062 415 2105 Praefuerat‚
425 2064 501 2104 &c.]
513 2064 685 2105 Praeposita
694 2064 793 2094 fuerat

134 2113 300 2156 Iphigenia
321 2114 435 2155 templo
450 2114 497 2144 illi
512 2113 653 2144 Tauricae
669 2113 792 2143 Dianae.

177 2163 229 2193 72.
260 2163 383 2193 Evina-ti
409 2162 573 2203 geminas]
606 2163 681 2192 Erat
710 2161 791 2192 enirn

134 2211 336 2248 consuetudo,
354 2217 388 2242 ut
408 2212 468 2243 aris
489 2211 635 2243 destinati
658 2211 796 2242 homines

135 2260 319 2302 ligarentur.

180 2311 232 2341 73.
262 2312 378 2350 Sparsit
416 2318 515 2351 captos
550 2312 682 2346 lustrali,
720 2311 794 2351 &c.]

134 2360 310 2391 Lustralem
333 2371 448 2402 aquam
472 2360 629 2401 intelligit,
654 2371 723 2401 quae
749 2361 796 2390 lu-

134 2409 269 2441 strandis
302 2420 338 2440 ac
370 2410 542 2452 purgandis
572 2410 678 2440 hostiis
709 2409 797 2439 adhi—

135 2458 285 2497 bebatur3
319 2470 380 2490 non
414 2460 549 2490 molam:
581 2470 683 2500 neque
713 2459 795 2489 enim

135 2507 218 2538 mola
242 2518 324 2549 aqua
346 2509 519 2544 constabat,
546 2508 601 2538 sed
626 2508 740 2538 hordeo
766 2513 797 2537 et

134 2556 220 2588 sale:
247 2568 316 2598 quae
344 2563 511 2599 antequam
537 2558 643 2588 hostiae
670 2557 796 2599 jugula-

134 2610 252 2642 rentur,
270 2607 392 2648 aspergi
406 2607 469 2638 illis
489 2613 583 2649 atque
599 2607 699 2638 offerri
716 2607 795 2637 sole-

135 2655 222 2685 bant.
260 2657 353 2687 Men.

180 2699 233 2728 74.
267 2699 307 2729 Ut
335 2699 438 2740 infula
465 2702 553 2742 longa
577 2700 717 2739 ambiat]
756 2701 797 2729 Ut

136 2746 236 2778 infula
260 2748 442 2780 circumdet.
488 2751 563 2781 Erat
588 2749 669 2781 enim
695 2749 796 2790 insula

861 2062 957 2094 fascia
971 2061 1003 2091 in
1022 2060 1147 2091 modum
1163 2058 1360 2094 diadematis,
1377 2064 1407 2090 et
1423 2069 1441 2089 a
1456 2069 1518 2100 qua

861 2112 945 2142 vittae
962 2112 1000 2142 ab
1020 2116 1149 2151 utraque
1167 2114 1253 2150 parte
1269 2109 1499 2150 dependebant.

905 2162 956 2191 78.
981 2160 1039 2189 Suo
1064 2159 1150 2198 loca]
1178 2159 1246 2188 Hac
1272 2163 1352 2187 terra
1374 2157 1518 2192 Taurica,

863 2221 932 2251 quae
949 2215 995 2239 est
1011 2207 1162 2238 crudelis:
1189 2213 1220 2237 et
1237 2206 1306 2237 ideo
1322 2216 1410 2236 sacra
1427 2205 1521 2235 etiam

864 2258 1003 2289 crudelia
1019 2257 1215 2287 celebrantur
1232 2266 1250 2285 a
1271 2266 1320 2286 nie
1342 2260 1447 2284 tamen
1464 2264 1523 2283 non

865 2307 995 2338 crudeli.

909 2358 960 2387 79.
974 2357 1066 2386 Ritus
1079 2357 1101 2384 is
1114 2361 1155 2385 est
1167 2354 1291 2395 gentian]
1306 2353 1419 2383 Malim
1428 2356 1523 2394 genti.

866 2407 983 2436 llum-s.
1031 2405 1121 2434 Ritus
1138 2407 1160 2434 is
1175 2405 1333 2444 estgentis.
1355 2402 1440 2432 'salis
1456 2413 1522 2432 mos

865 2462 911 2485 est
934 2453 1074 2485 Tauricis
1095 2453 1226 2495 populis²
1252 2453 1363 2483 Dianae
1387 2452 1523 2493 hospites

866 2503 1035 2533 immolare.

909 2554 960 2583 81.
988 2552 1113 2582 Nomine
1134 2550 1267 2590 qmtriae]
1294 2549 1427 2580 Nomine
1448 2550 1521 2590 My-

867 2612 1026 2631 cenarum.

909 2651 960 2680 84.
976 2651 1022 2680 Aa
1038 2651 1114 2679 sedes
1128 2647 1271 2688 patrias]
1299 2646 1335 2676 In
1352 2646 1524 2682 Graeciam,

867 2701 1028 2740 Mycenas.

909 2747 1065 2787 86.1nq12e
1077 2749 1163 2777 uicem
1175 2752 1291 2787 pugnat
1305 2751 1425 2784 uterque
1434 2745 1527 2774 mori:

994 2797 1097 2828 Ge3
