1760 3172
216 171 301 211 420
610 167 659 207 Ρ.
693 166 905 207 OVIDII
941 166 1219 208 NASONIS

631 358 1054 407 EPISTOLA
1100 358 1189 405 VI.

751 497 1077 539 GRAECINO.

221 593 494 640 CARMINF,
524 589 825 644 Graecinum,
854 589 938 651 qui
966 604 1185 652 praesens
1211 604 1330 635 voce
1357 589 1564 643 solebat,

285 668 460 717 Tristis
486 668 548 714 ab
576 666 786 713 Euxinis
815 665 952 713 Naso
979 667 1162 713 salutat
1187 666 1346 729 aquis.

222 746 423 793 Exsulis
447 746 553 792 haec
578 761 673 791 vox
699 751 801 791 est:
830 745 1021 807 praebet
1046 743 1163 790 mihi
1189 744 1330 790 litera
1353 743 1568 805 linguam
1589 762 1598 795 ;

288 822 369 879 Et,
398 822 438 869 si
464 838 561 868 non
587 821 737 868 liceat
762 821 993 876 scribere,
1021 828 1186 867 mutus
1212 837 1312 868 ero.

223 899 459 963 CorripiS‚
488 906 542 946 ut
567 899 738 953 debes,
763 897 900 945 stulti
926 904 1134 961 peccata
1159 897 1357 953 sodaliS‚
1573 899 1602 943 5

288 976 353 1023 Et
378 976 507 1023 mala
530 991 608 1023 me
634 975 823 1022 meritis
848 974 974 1023 ferre
998 975 1188 1022 minora
1211 975 1378 1022 doces,

220 1054 352 1101 Vera
375 1053 512 1109 facis,
541 1054 628 1100 sed
655 1069 780 1109 sera,
803 1070 927 1101 meae
953 1053 1175 1100 convicia
1198 1053 1387 1116 culpae:

287 1130 483 1194 Aspera
507 1130 734 1177 confesso
758 1131 908 1177 verba
932 1130 1126 1177 remitte
1152 1146 1251 1177 reo.

223 1207 389 1262 Quum
415 1216 638 1272 poteram
663 1215 797 1255 recto
822 1208 1031 1255 transire
1058 1207 1305 1255 Ceraunia
1327 1207 1451 1262 velo,

291 1286 360 1333 Ut
384 1285 486 1333 fera
503 1285 710 1333 vitarem
737 1302 873 1342 saxa,
901 1286 1176 1334 monendus
1201 1301 1352 1332 eram.
1546 1287 1604 1331 lo

223 1364 370 1410 Nunc
395 1363 514 1410 mihi
541 1364 795 1427 naufragio
821 1363 942 1426 quid
968 1364 1172 1427 prodest
1196 1363 1387 1410 discere
1412 1361 1560 1416 facto,

288 1440 450 1495 Quam
475 1457 587 1488 mea
611 1441 840 1489 debuerit
864 1457 1061 1489 currere
1086 1441 1268 1505 cymba
1290 1440 1453 1487 viam?

223 1518 437 1566 Brachia
461 1518 526 1565 da
548 1519 680 1566 lasso
705 1519 870 1583 potius
897 1519 1185 1583 prendenda
1209 1517 1427 1574 natanti3

289 1595 398 1643 Nec
424 1595 595 1659 pigeat
620 1602 787 1643 mento
813 1596 1134 1659 subposuisse
1160 1611 1378 1642 manum.

222 1671 383 1735 quue
407 1672 546 1728 facis,
568 1672 821 1736 faciasque
847 1689 1047 1736 precor:
1077 1672 1148 1719 sic
1173 1679 1331 1719 mater
1355 1678 1405 1719 et
1428 1687 1568 1727 uxor,

290 1749 373 1796 Sic
398 1750 486 1796 tibi
514 1749 612 1796 sint
629 1749 819 1805 fratres,
847 1757 1053 1813 totaque
1079 1749 1215 1796 salva
1239 1748 1432 1796 domus.
1546 1751 1603 1796 16

223 1824 472 1890 Quodque
498 1827 628 1873 soles
654 1826 833 1882 animo,
857 1827 989 1889 quod
1016 1842 1212 1890 semper
1230 1841 1349 1873 voce
1374 1825 1581 1889 precari,

291 1902 473 1950 Omnia
499 1903 782 1951 Caesaribus
810 1904 879 1951 sic
900 1910 986 1951 tua
1008 1903 1139 1951 facta
1162 1903 1359 1967 probes,

265 2091 295 2121 3.
310 2090 422 2121 Praebet
431 2092 504 2125 mihi
518 2092 606 2122 litera
622 2092 786 2133 linguam]
805 2092 880 2123 Car-

221 2149 292 2170 men
318 2149 421 2170 meum
446 2145 493 2170 est
514 2140 590 2170 mihi
609 2140 677 2170 loco
698 2141 825 2182 linguae,
842 2141 881 2171 ad

221 2187 423 2218 salutandum
439 2189 566 2220 amicos.

264 2237 294 2267 6.
314 2237 353 2267 Et
372 2238 451 2267 mala
470 2249 514 2268 me
532 2240 646 2268 meritis
655 2238 747 2279 ferre
766 2241 881 2270 minora

221 2286 328 2327 doles]
357 2286 408 2317 Ita
432 2286 539 2329 scripti
567 2292 755 2324 constanter,
779 2298 881 2330 neque

948 2098 1063 2123 tamen.
1100 2093 1205 2129 Quare
1220 2091 1340 2121 remitte
1354 2090 1485 2132 adspera
1500 2090 1606 2125 verba,

949 2142 1007 2172 hoc
1031 2146 1088 2178 est,
1107 2141 1212 2172 desine
1236 2140 1351 2171 crimen
1374 2139 1508 2181 objicere
1529 2139 1605 2170 mibi

948 2191 1098 2227 confesso,
1113 2191 1171 2221 Sec.
1208 2191 1334 2220 Μιοη.

991 2240 1023 2270 9.
1039 2239 1218 2280 Ceraunia]
1234 2238 1389 2270 Ceraunia
1399 2243 1518 2269 montes
1532 2245 1605 2269 sunt

949 2289 1089 2320 altissimi
1100 2289 1194 2331 Epiri.
1212 2288 1370 2319 Dicuntur
1379 2298 1503 2330 quoque
1513 2289 1604 2319 Acro-

223 2340 327 2366 tamen
352 2335 538 2366 conveniens
562 2336 680 2367 homini
703 2336 803 2368 amico
825 2343 881 2373 est,

222 2383 281 2414 ista
306 2390 370 2415 tam
397 2384 540 2416 immanis
565 2385 737 2427 adsperitas
758 2386 881 2423 mentis,

221 2438 256 2463 ut
276 2433 379 2464 doleat
397 2444 525 2475 poenam
542 2434 662 2465 Nasoni
683 2435 722 2465 ab
737 2434 880 2476 Augusto

221 2481 385 2523 irrogatam
411 2493 477 2513 esse
507 2482 587 2513 infra
623 2483 691 2524 ejus
724 2483 879 2514 meritum.

222 2530 326 2566 Quare
343 2531 500 2562 adsentior
513 2531 702 2573 Tanaquillo
717 2533 817 2564 Fabro
832 2543 877 2564 re-

222 2579 347 2620 ponenti
364 2580 457 2615 doces,
473 2591 528 2622 pro
543 2581 630 2611 doles.
666 2580 785 2612 Hmss.

266 2629 296 2658 7.
317 2629 391 2660 Vera
403 2629 499 2671 facis,
513 2632 561 2661 sed
584 2641 650 2661 sera
673 2631 767 2671 mem]
793 2631 878 2662 Ordo

222 2677 381 2708 verborum
404 2679 447 2710 sic
466 2679 578 2710 habet:
603 2679 681 2710 sacis
703 2687 735 2711 tu
750 2680 877 2722 quidem

222 2727 362 2758 convicia
386 2739 458 2760 vera
486 2729 585 2772 culpae
614 2740 703 2765 meae,
728 2730 782 2761 sed
811 2741 878 2762 sera

949 2341 1102 2369 ceraunia.
1140 2338 1295 2373 Lucanus,
1312 2337 1391 2368 libro
1405 2342 1533 2379 quarto:

1078 2387 1235 2427 Scopulosa
1253 2386 1406 2417 Ceraunia
1421 2394 1522 2417 uuutae

990 2436 1111 2466 Summa
1127 2439 1242 2467 timent.

993 2486 1042 2516 17.
1068 2485 1154 2520 Quod
1177 2487 1248 2516 soles
1268 2496 1378 2525 semper
1399 2487 1518 2524 precari
1537 2488 1603 2515 ani-

946 2535 1018 2575 mm]
1059 2536 1163 2572 Quam
1191 2546 1254 2566 rem
1283 2545 1403 2577 semper
1436 2540 1540 2565 mente
1573 2540 1605 2564 et

946 2584 1038 2615 corde
1063 2595 1150 2622 oras3
1174 2591 1208 2616 ut
1231 2585 1350 2616 scilieet
1367 2585 1476 2627 probes
1500 2584 1603 2614 omnia

946 2639 1000 2664 tua
1016 2633 1098 2664 sacta
1114 2634 1299 2665 Caesaribus.

993 2683 1042 2713 18.
1070 2682 1259 2723 Caesaribns.]
1291 2682 1443 2723 Augusto,
1469 2681 1603 2713 Tiberio.

947 2731 1060 2767 Druse,
1077 2741 1112 2762 ac
1127 2732 1255 2762 caeteris.
