1760 3172
413 169 601 212 ARTIS
633 166 990 210 AMATORIAE
1024 166 1143 207 LIB⁶
1177 167 1242 207 ΙΙ.
1495 166 1523 205 9

139 287 361 334 Dextera
384 285 634 350 praecipue
659 283 795 347 capit
819 282 1128 344 indulgentia
1154 289 1373 329 mentes:
1432 286 1522 330 145

204 363 463 426 Asperitas
488 361 672 415 odium,
700 375 931 421 saevaque
956 359 1122 413 verba,
1150 365 1366 404 movent.

143 440 353 486 Odimus
380 439 684 501 accipitrem,
713 437 831 499 quia
855 451 1053 499 semper
1076 435 1194 482 vivit
1218 435 1267 480 in
1293 436 1457 489 armis,

207 515 273 563 Et
296 515 530 579 pavidum
555 514 726 561 solitos
752 513 801 558 in
826 528 981 575 pecus
1007 512 1077 558 ire
1100 512 1262 574 lupos.

139 593 207 640 At
231 599 367 640 caret
391 592 580 639 insidiis
606 590 877 645 hominum,
906 590 1024 652 quia
1048 589 1201 644 mitis,
1228 589 1467 637 hirundo:

207 669 447 732 Quasque
471 670 602 716 colat
625 675 784 715 turres
812 665 1032 714 Chaonis
1059 667 1160 714 ales
1187 667 1353 714 habet.
1437 671 1528 714 150

143 747 264 794 Este
289 747 462 810 procul
484 746 614 802 lites,
642 752 692 793 et
716 761 895 792 amarae
923 745 1097 809 proelia
1119 745 1319 806 linguae.

209 823 454 870 Dulcibus
480 829 557 870 est
579 822 741 869 verbis
768 821 930 868 mollis
956 821 1163 868 alendus
1190 837 1343 868 amor.

143 899 250 947 Lite
275 899 449 962 fugent
472 905 744 962 nuptaeque
768 898 913 954 viros,
941 906 1224 961 nuptasque
1248 898 1438 946 mariti:

207 976 371 1039 Inque
389 978 548 1023 vicem
574 976 780 1023 credant
804 991 881 1022 res
908 976 999 1022 sibi
1027 991 1225 1038 semper
1253 976 1348 1038 agi.

144 1053 253 1101 Hoc
275 1054 422 1100 decet
445 1069 653 1100 uxores:
693 1053 783 1099 dos
810 1059 886 1099 est
910 1053 1099 1107 uxoria,
1126 1053 1255 1099 lites.
1441 1056 1531 1099 155

209 1130 396 1178 Audiat
420 1137 616 1194 optatos
644 1146 841 1193 semper
866 1130 1026 1176 amica
1051 1146 1214 1176 sonos.

145 1208 260 1256 Non
280 1209 404 1271 legis
424 1210 567 1272 jussu
591 1209 775 1255 lectum
800 1208 1003 1255 venistis
1030 1208 1079 1253 in
1104 1222 1285 1253 unum:

212 1285 453 1348 Fungitur
478 1286 527 1331 in
550 1286 689 1332 vobis
715 1300 917 1331 munere
941 1284 1065 1346 legis
1092 1299 1244 1330 amor.

149 1362 425 1409 Blanditias
451 1363 642 1418 molles,
670 1378 941 1425 auremque
961 1362 1187 1425 juvantia
1209 1362 1359 1407 verba

212 1438 381 1494 Adfer,
408 1446 463 1486 ut
487 1440 702 1486 adventu
727 1439 842 1485 laeta
867 1439 930 1485 sit
955 1439 1038 1485 illa
1062 1445 1164 1485 tuo.

1446 1441 1536 1486 160

148 1515 263 1562 Non
289 1531 382 1579 ego
406 1517 641 1564 divitibus
666 1517 808 1563 venio
834 1522 1112 1580 praeceptor
1137 1514 1333 1561 Amoris
1356 1532 1365 1562 :

215 1592 299 1639 Nil
325 1609 449 1656 opus
475 1600 552 1640 est
576 1594 661 1649 illi,
689 1593 775 1657 qui
801 1593 956 1648 dabit,
985 1599 1089 1639 arte
1114 1591 1241 1638 mea.

1430 1592 1534 1653 [cit.

151 1670 333 1716 Secum
354 1670 506 1716 habet
524 1670 794 1732 ingenium,
819 1670 921 1733 qui,
945 1685 1060 1716 cum
1080 1669 1218 1724 libet,
1237 1667 1442 1731 Accipe,
1464 1668 1536 1715 di-

217 1745 486 1794 Cedimus:
528 1747 736 1793 inventis
762 1748 874 1810 plus
900 1747 1065 1809 placet
1089 1745 1170 1791 ille
1195 1744 1336 1791 meis.

1448 1748 1536 1792 164

151 1822 462 1886 Pauperibus
488 1830 626 1870 vates
653 1840 745 1886 ego
771 1840 880 1870 sum
902 1841 911 1879 3
954 1823 1072 1885 quia
1096 1837 1285 1885 pauper
1311 1822 1486 1868 amavi.

218 1899 349 1946 Cum
374 1900 491 1946 dare
516 1916 614 1947 non
640 1917 840 1963 possem
866 1914 1086 1954 munera,
1113 1899 1264 1945 verba
1287 1898 1486 1945 dabam.

154 1975 352 2040 Pauper
373 1984 505 2029 amet
529 1984 702 2024 caute:
742 1977 916 2024 timeat
940 1974 1239 2022 maledicere
1264 1990 1481 2038 pauper:

220 2053 502 2117 Multaque,
529 2055 763 2101 divitibus
790 2071 887 2101 non
913 2053 1163 2117 patienda,
1190 2051 1330 2098 ferat.

199 2186 270 2216 153.
294 2185 363 2216 Lite
373 2185 526 2227 fugant]
553 2185 672 2227 Fugerit
694 2185 814 2227 Regius

153 2239 183 2264 et
194 2233 420 2264 Lincolniensis
432 2245 504 2264 cum
516 2233 672 2275 excerptis
680 2233 814 2265 Puteani

153 2287 184 2312 et
206 2281 368 2324 Scaligeri.
390 2284 515 2313 credant
532 2293 656 2323 quoque
672 2283 814 2324 sequenti

157 2342 245 2362 versu
270 2342 325 2373 pro
347 2334 475 2363 credunt
498 2331 607 2362 iidem.
637 2337 669 2362 et
690 2343 736 2362 res
760 2343 814 2373 pro

157 2391 215 2410 rem
226 2380 369 2411 meliores
376 2391 493 2412 omnes.
503 2391 626 2422 sequor.
642 2381 816 2412 Herusrus.

158 2429 275 2470 Ineptit
305 2429 356 2460 hic
383 2430 519 2466 Merula,
549 2435 580 2460 et
610 2429 663 2470 qui
697 2440 816 2460 eaecum

156 2477 269 2509 ducem
296 2478 358 2509 sere
383 2489 505 2520 semper
525 2478 676 2519 sequitur,
699 2478 815 2520 Crispi*

158 2536 226 2562 nus,
243 2526 297 2568 qui
315 2526 355 2557 ad
376 2526 501 2557 divortii
522 2527 685 2557 formulam
704 2527 815 2568 respici

157 2580 278 2616 putant,
303 2586 349 2606 res
370 2582 436 2606 tuas
461 2577 515 2606 tibi
541 2576 654 2606 habeto.
677 2585 748 2606 cum
771 2587 817 2605 res

157 2625 208 2665 agi
229 2623 384 2660 dicantur,
406 2634 478 2655 cum
502 2624 552 2655 vel
578 2623 705 2665 negotia
727 2634 815 2655 cura-

159 2683 239 2708 mus,
265 2678 298 2702 ut
322 2678 545 2714 procuratores,
569 2672 650 2713 (vid.
673 2673 816 2703 Martial-

157 2732 187 2751 ν.
213 2720 282 2762 62.)
299 2722 348 2752 vel
367 2721 524 2764 praecipue
544 2732 616 2752 cum
635 2721 667 2752 in
688 2721 751 2752 foro
767 2721 817 2763 ju-

881 2185 964 2216 dicia
980 2185 1214 2226 frequentamus
1232 2189 1264 2214 et
1282 2183 1400 2214 caussis
1415 2184 1544 2224 agendis

881 2245 1007 2275 operam
1032 2234 1154 2269 (lamus,
1177 2238 1208 2263 et
1232 2233 1276 2263 ita
1306 2243 1384 2274 cape
1410 2232 1543 2264 Remed.

885 2284 957 2313 144.

1046 2331 1104 2361 Res
1119 2342 1184 2372 age,
1200 2336 1284 2360 tutus
1295 2332 1364 2359 eris.

883 2381 969 2411 Suet.
992 2380 1074 2411 Caes.
1101 2380 1155 2411 45.
1183 2386 1215 2410 et
1240 2379 1311 2409 hinc
1334 2385 1420 2409 actus
1443 2390 1543 2410 rerum

885 2429 971 2471 Aug.
994 2430 1046 2460 32.
1069 2429 1152 2470 quod
1172 2428 1221 2458 vel
1239 2427 1401 2468 tyronibus
1423 2434 1543 2459 notum.

885 2489 994 2509 sensus
1004 2488 1076 2519 ergo
1092 2483 1150 2514 est,
1160 2477 1289 2508 credant
1301 2476 1360 2507 sibi
1372 2477 1546 2514 continuas,

885 2535 916 2558 et
931 2532 1056 2557 mutuas
1071 2526 1142 2557 lites
1156 2537 1234 2556 esse.
1253 2531 1284 2556 et
1304 2525 1361 2556 hoc
1384 2527 1547 2567 sequentia

886 2577 1010 2607 docent.
1056 2576 1175 2605 BunM.

934 2626 1003 2656 156.
1028 2624 1178 2664 Optatos]
1206 2623 1256 2653 Ita
1278 2623 1403 2654 Terent.
1426 2624 1545 2655 Heaut.

886 2673 931 2703 iii.
945 2673 987 2703 iii.
1005 2673 1057 2704 50.
1075 2673 1186 2712 Optata
1203 2673 1331 2712 loquere.
