1760 3172
442 448 507 494 P.
537 446 770 494 OVan
804 446 1107 495 NASONIS

266 588 596 647 ARTIS
655 588 1282 665 AMATORIAE

443 764 664 801 LIBER
703 764 1090 802 SECUNDUS.

648 920 907 952 ,ψῃ

89 1081 310 1136 DICITE‚
334 1080 390 1128 Ιό
416 1080 567 1128 Paean
590 1098 599 1128 :
640 1089 705 1137 et,
733 1081 795 1137 io',
823 1081 899 1127 bis
925 1080 1092 1135 dicite,
1121 1079 1304 1127 Paean:

158 1157 359 1204 Decidit
383 1147 624 1205 in’casses
650 1158 819 1221 praeda
842 1158 1000 1221 petita
1024 1173 1178 1203 meos,

91 1233 255 1281 Laetus
281 1250 451 1281 amans
476 1235 629 1281 donet
645 1234 787 1280 viridi
812 1250 925 1280 mea
949 1233 1167 1280 carmina
1192 1233 1357 1295 palma
1381 1249 1389 1279 :

156 1311 397 1359 Praeferar
421 1311 622 1358 Ascraeo
650 1310 972 1372 Maeonioque
997 1310 1120 1356 seni.

93 1387 226 1435 Talis
253 1388 314 1435 ab
341 1387 579 1434 armiferis
606 1387 883 1434 Priameius
912 1387 1095 1449 hospes
1122 1385 1347 1449 Amyclis
1452 1388 1480 1431 5

162 1465 392 1512 Candida
415 1481 528 1511 cum
554 1465 696 1528 rapta
723 1465 936 1527 conjuge
956 1464 1067 1510 vela
1090 1463 1244 1509 dedit.

93 1541 227 1588 Talis
252 1548 372 1597 erat,
400 1542 486 1604 qui
510 1548 560 1588 te
585 1557 731 1587 curru
753 1541 939 1587 victore
963 1539 1170 1594 ferebat,

160 1617 321 1665 Vecta
345 1618 616 1682 peregrinis
644 1617 981 1681 Hippodamia
1005 1618 1140 1664 rotis.

97 1693 231 1748 Quid
255 1711 508 1759 properaS‚
523 1696 754 1758 juvenis?
792 1695 968 1742 mediis
993 1702 1080 1741 tua
1103 1694 1249 1758 pinus
1269 1694 1319 1740 in
1337 1693 1484 1739 undis

166 1771 408 1834 Navigat:
448 1779 498 1818 et
521 1772 857 1834 longaquem
882 1778 1015 1836 peto,
1039 1777 1210 1834 portus
1237 1771 1395 1817 abest.
1428 1773 1486 1815 lO

101 1848 216 1895 Non
240 1849 360 1895 satis
385 1855 462 1895 est
485 1848 680 1895 venisse
704 1848 794 1895 tibi
820 1864 898 1896 me
922 1854 1034 1896 vate
1059 1847 1294 1911 puellam.

165 1924 286 1972 Arte
311 1926 424 1972 mea
451 1932 600 1989 capta
624 1932 726 1973 est:
767 1933 870 1974 arte
894 1926 1112 1973 tenenda
1135 1926 1247 1972 mea
1274 1931 1366 1971 est.

149 2041 178 2070 l.
204 2039 239 2070 Γό
268 2039 388 2080 Paean.]
423 2040 461 2070 In
487 2039 670 2070 Balliolensi
694 2046 761 2071 erat
826 2041 954 2071 Tuscul.
975 2041 1138 2082 Disputat.
1185 2040 1275 2071 C10r.

103 2089 234 2119 Glossa:
265 2087 300 2118 16
323 2093 370 2119 est
391 2099 451 2119 vox
475 2089 683 2119 exultantium
707 2099 759 2120 ve·
870 2091 903 2120 5.
931 2090 1101 2120 Priameius
1112 2089 1237 2129 hospes]
1264 2087 1488 2123 PariS,Priami

102 2143 255 2173 natorum,
271 2137 325 2178 qui
344 2143 438 2178 capta
453 2137 519 2167 fera
541 2136 577 2167 Ιό
601 2138 693 2167 Ριεαη
712 2137 759 2168 in·
828 2139 920 2176 filius,
947 2139 1000 2180 qui
1025 2139 1160 2180 hospitio
1177 2137 1311 2179 benigne
1340 2143 1491 2178 exceptus

103 2186 292 2222 clamabant,
308 2196 344 2216 eo
367 2185 450 2226 quod
465 2185 491 2216 is
508 2186 547 2215 sit
562 2186 651 2216 Deus
665 2196 761 2217 vena·
829 2198 848 2219 a
875 2188 1036 2223 Menelao,
1067 2187 1151 2218 illius
1185 2187 1349 2227 conjugem
1380 2186 1491 2227 rapuit.

105 2235 190 2266 toriae
214 2234 309 2273 artis3
331 2234 421 2276 cujus
444 2245 525 2265 soror
545 2234 652 2265 Diana
668 2245 762 2265 vena·
831 2239 976 2278 Amyclis.
1008 2236 1164 2277 Amyclae,
1185 2236 1258 2266 urbs
1282 2235 1314 2265 in
1338 2235 1488 2269 Laconia,

104 2285 164 2315 trix
187 2295 312 2326 quoque
337 2294 404 2315 esse
425 2283 551 2314 dicitur.
598 2284 635 2314 In
658 2285 763 2315 Meta·
831 2297 894 2316 non
908 2286 1000 2327 longe
1014 2296 1033 2316 a
1047 2285 1293 2322 Lacedaemone3
1317 2284 1398 2315 unde
1415 2283 1492 2314 Cas-

107 2333 309 2375 morphoseon
336 2332 381 2362 iv·
411 2333 486 2364 513·
516 2337 622 2363 autem
650 2333 765 2374 legitur
832 2341 878 2366 tor
898 2341 929 2367 et
951 2335 1062 2366 Pollux
1086 2340 1117 2365 et
1140 2345 1222 2365 soror
1244 2333 1379 2369 Helena,
1401 2333 1492 2363 modo

106 2381 145 2413 de
175 2382 367 2413 Athamante
395 2382 537 2412 furente:
579 2381 709 2418 Clamat,
739 2384 765 2412 i‘o'
833 2384 1069 2420 Laeedaemone‚
1095 2383 1237 2425 Amyclis
1256 2383 1358 2418 modo,
1381 2382 1491 2413 dicun-

108 2433 235 2468 comites,
251 2432 295 2462 his
313 2433 391 2461 retia
409 2433 522 2462 tendite
541 2432 633 2463 siluis.
648 2431 711 2462 vid.
725 2432 765 2462 ad
833 2439 883 2464 tur
895 2433 974 2463 nati.
1020 2433 1138 2464 AMAR.

109 2479 154 2511 iii.
179 2481 261 2511 Met.
291 2481 365 2511 713.
388 2485 420 2511 et
445 2480 560 2522 Cuper.
585 2480 609 2511 i.
635 2480 714 2511 Obs.
745 2480 766 2511 i.
878 2483 908 2512 8.
936 2482 1025 2512 Vecta
1040 2483 1208 2523 peregrinis
1230 2481 1430 2520 Hippodamia
1445 2491 1492 2510 ro-

110 2530 228 2561 Bunu.
835 2531 904 2571 tis.]
932 2531 1016 2561 Usus
1038 2536 1085 2561 est
1107 2531 1167 2561 boc
1190 2529 1326 2561 carmine
1350 2529 1381 2559 in
1405 2529 1495 2571 epist.

145 2580 176 2611 4.
194 2579 343 2622 Proeferor
352 2580 478 2615 Ascroeo,
491 2579 767 2619 Ma’onz'oqueseni]
836 2580 1022 2611 Hermiones
1037 2579 1076 2610 ad
1089 2580 1232 2610 Oresten.
1250 2579 1302 2608 70.
1320 2589 1414 2620 quam
1429 2589 1494 2608 om-

111 2629 265 2659 Homerus
277 2634 350 2659 ante
369 2628 504 2659 Romam
524 2628 682 2659 conditam
698 2629 768 2659 fuit.
837 2629 923 2659 nium
943 2628 1058 2670 optime
1080 2628 1221 2670 exposuit
1238 2627 1422 2658 Parrhasius
1437 2627 1494 2658 lib.

113 2678 160 2708 Ex
170 2677 396 2719 historiaigitur
408 2680 484 2708 seni:
501 2678 656 2708 Hesiodus
665 2677 771 2709 etiam.
838 2677 882 2708 iii.
901 2677 933 2707 in
957 2677 1072 2708 Claud.
1097 2677 1280 2708 CiorAxus.
1302 2676 1366 2707 vid.
1387 2676 1427 2707 ad
1450 2676 1494 2707 iii.

114 2725 232 2757 Auctor
251 2727 302 2757 M.
324 2726 448 2758 Tullius
464 2726 497 2757 in
511 2726 662 2768 prooemio
678 2726 735 2757 lib.
751 2726 772 2758 i.
839 2726 946 2757 Amor.
961 2725 993 2756 ii.
1003 2720 1057 2757 ‘15.

156 2781 255 2812 VOL.
270 2780 316 2811 II.
907 2780 934 2810 B
