1760 3172
390 165 699 210 TRISTIUM
732 166 852 209 LIB.
887 168 978 210 ΙΙΙ.
1012 169 1193 213 ΕΙΛΕΕἶε
1226 172 1319 214 ΙΙΙ.
1484 175 1568 216 ‘227

620 388 948 435 ELEGIA
1002 388 1102 436 ΙΙΙ.

164 527 294 575 HAEc
323 543 449 584 mea,
477 528 517 575 si
542 543 663 575 casu
689 528 898 584 miraris,
927 528 1143 592 epistola
1168 545 1323 592 quare

233 603 454 651 Alterius
480 604 650 667 digitis
677 604 866 668 scripta
886 605 951 652 sit
971 623 981 661 ;
1003 621 1155 669 ssaeger
1179 622 1313 654 eram
1334 624 1343 655 :

164 680 314 743 AEger
339 680 389 727 in
414 681 654 728 extremis
680 681 835 744 ignoti
861 681 1090 745 partibus
1116 684 1266 739 orbis,

232 757 565 820 Incertusque
591 773 715 805 meae
741 773 885 821 paene
912 758 1085 806 salutis
1112 775 1263 807 eram.

165 833 298 889 Quid
324 834 445 881 mihi
470 851 601 882 nunc
628 835 777 882 animi
804 835 911 883 dira
935 835 1136 898 regione
1156 838 1346 900 jacenti
1540 843 1568 886 5

231 910 368 959 Inter
394 911 716 959 Sauromatas
743 928 854 960 esse
882 912 1142 977 Getasque
1168 915 1350 978 putes?

165 987 275 1036 Nec
299 989 480 1036 coelum
505 989 682 1053 patior,
711 1005 802 1037 nec
829 989 972 1052 aquis
1000 990 1317 1038 adsuevimus
1343 991 1467 1048 istis,

230 1065 483 1128 Terraque
509 1066 679 1113 neseio
705 1083 805 1130 quo
831 1083 929 1114 non
955 1068 1122 1131 placet
1147 1068 1258 1132 ipsa
1282 1069 1459 1117 modo:

166 1143 281 1191 Non
305 1143 483 1191 domus
509 1150 629 1208 apta
653 1144 773 1192 satis
796 1163 806 1203 ;
848 1161 946 1192 non
972 1145 1051 1192 hic
1078 1145 1221 1193 cibus
1246 1146 1380 1193 utilis
1407 1163 1568 1210 aegr03

235 1219 434 1276 Nullus,
462 1220 730 1284 Apollinea
753 1223 840 1286 qui
868 1223 1000 1270 levet
1026 1229 1131 1271 arte
1155 1224 1370 1272 malum:
1512 1228 1571 1271 lO

168 1296 284 1344 Non
310 1297 396 1360 qui
423 1298 624 1354 soletur,
652 1315 752 1345 non
779 1299 865 1362 qui
890 1299 1111 1347 labentia
1134 1301 1275 1348 tarde

234 1373 483 1439 Tempora
506 1377 750 1424 narrando
775 1376 928 1434 fallat,
957 1377 1148 1425 amicus
1174 1378 1332 1425 adest.

170 1449 354 1499 Lassus
380 1451 429 1498 in
455 1453 692 1500 extremis
711 1454 858 1516 jaceo
884 1455 1186 1518 populisque
1211 1454 1466 1517 locisque3

237 1527 303 1575 Et
328 1528 461 1576 subit
486 1528 680 1577 adfecto
707 1546 837 1577 nunc
864 1530 1001 1586 mihi,
1029 1530 1277 1594 quidquid
1304 1531 1462 1579 abest.

170 1605 354 1653 Omnia
375 1622 529 1669 quum
551 1607 780 1663 subeant,
798 1607 953 1654 vincis
973 1614 1141 1655 tamen
1161 1607 1342 1664 omnia,
1365 1609 1569 1671 conjux,

238 1682 306 1730 Et
329 1684 443 1747 plus
469 1683 518 1730 in
543 1692 712 1732 nostro
740 1692 943 1748 pectore
973 1691 1114 1748 parte
1140 1691 1300 1732 tenes.
1513 1688 1570 1733 16

168 1759 241 1808 Te
264 1760 443 1823 loquor
467 1761 724 1808 absentem
745 1778 754 1808 :
794 1767 843 1808 te
869 1777 964 1807 vox
990 1776 1101 1807 mea
1126 1762 1349 1808 nominat
1374 1777 1552 1810 unam:

239 1836 391 1885 Nulla
414 1838 550 1886 venit
573 1838 679 1886 sine
705 1845 753 1886 te
780 1855 881 1886 nox
906 1837 1042 1894 mihi,
1071 1838 1208 1885 nulla
1232 1838 1355 1886 dies.

173 1913 308 1969 Quin
333 1914 499 1970 etiam,
529 1915 598 1962 sic
625 1932 704 1964 me
731 1915 905 1962 dicunt
930 1914 1092 1963 aliena
1115 1915 1354 1971 locutum,

239 1989 311 2039 Ut
334 1990 462 2039 foret
486 1993 673 2040 amenti
698 2009 880 2041 nomen
907 1993 956 2039 in
980 2009 1065 2041 ore
1088 1999 1247 2040 tuum.
1509 1997 1573 2041 20

217 2167 246 2196 1.
271 2165 345 2196 Haec
373 2177 447 2202 mea,
477 2168 502 2197 si
530 2166 630 2207 casu.]
672 2166 704 2197 Sz'
728 2170 838 2207 conjux

171 2214 278 2257 scripti
306 2214 436 2257 quidam
467 2222 500 2247 et
528 2216 639 2258 priscae
674 2216 837 2248 editiones.

173 2264 292 2296 HmNs.

215 2314 247 2345 3.
271 2313 373 2355 Ignoti
388 2314 495 2355 orbis]
520 2314 670 2355 Scythiae,
687 2314 727 2346 ad
743 2324 838 2357 quam

173 2372 325 2404 perquam
339 2363 432 2405 pauci
449 2362 625 2394 accedunt:
650 2369 681 2396 et
702 2363 773 2395 ideo
792 2365 838 2405 ig-

173 2417 277 2442 notum
292 2412 387 2442 orbem
401 2411 551 2454 adpellat.
596 2412 690 2443 MER.

217 2463 248 2491 4.
285 2460 482 2502 Incertasque
518 2473 585 2492 τηεσε
616 2473 699 2501 paene
732 2462 839 2492 salutis

175 2509 284 2550 eram]
311 2510 429 2541 Versus
445 2516 618 2552 suspectus.
665 2510 782 2541 HEms.

221 2560 251 2589 5.
268 2558 364 2592 Quem
373 2560 448 2589 mihi
458 2570 540 2589 nunc
552 2559 714 2599 animum]
733 2558 841 2590 Scribe

179 2618 251 2639 curn
267 2607 414 2639 Leidensi
437 2608 558 2645 codice,
577 2609 660 2643 Quid
673 2609 746 2639 mihi
761 2620 842 2639 nunc

178 2658 290 2688 animi:
321 2663 408 2697 putes
436 2657 532 2688 etiam
561 2668 616 2699 pro
641 2664 729 2697 putas
753 2656 844 2688 multi

178 2711 312 2738 veteres.
369 2706 475 2737 Nostri
513 2708 605 2738 ambo
643 2707 737 2741 Quem
772 2707 844 2737 mihi

905 2179 987 2198 nunc
1003 2169 1137 2198 animum
1151 2179 1162 2205 ,-
1186 2167 1290 2197 minus
1305 2166 1476 2208 eleganter.

952 2217 1000 2246 14.
1018 2216 1059 2246 Et
1074 2218 1153 2247 subit
1165 2216 1289 2258 adfecta
1305 2226 1387 2245 ‘nunc
1399 2216 1471 2245 mihi
1486 2217 1575 2255 quid-

905 2267 977 2306 quid
996 2266 1103 2306 abest]
1135 2265 1259 2306 Adfecto
1281 2263 1481 2294 scribendum
1503 2274 1575 2295 cum

906 2325 968 2346 uno
992 2315 1101 2346 codice
1119 2326 1125 2351 ;
1150 2314 1247 2356 idque
1267 2314 1336 2355 jam
1358 2313 1436 2343 vidit
1455 2312 1577 2355 politis-

906 2363 1004 2394 simus
1028 2363 1217 2404 Naugerius.
1269 2362 1417 2403 Adfectus
1440 2361 1576 2402 graviter

907 2418 1062 2453 aegrotans
1074 2424 1083 2451 3
1120 2411 1298 2448 Suetonius,
1327 2409 1472 2441 Tiberio:
1511 2411 1575 2441 Ad·

895 2462 1019 2503 fectum
1042 2463 1167 2502 reperit,
1192 2463 1240 2492 sed
1267 2468 1366 2492 tamen
1390 2461 1489 2490 adhuc
1514 2462 1575 2500 spi-

907 2517 1037 2541 rantem.
1083 2510 1201 2541 Hiams.

953 2560 1003 2590 16.
1032 2559 1071 2590 Et
1091 2561 1161 2599 plns
1181 2561 1213 2590 in
1237 2565 1332 2589 nostro
1353 2564 1470 2598 pectore
1487 2564 1576 2596 parte

910 2609 1016 2650 tenes]
1044 2609 1121 2640 Plus
1140 2619 1236 2650 quam
1259 2613 1381 2650 partem
1401 2612 1498 2643 teneS,
1518 2617 1574 2638 seu

910 2657 1104 2699 potissimam
1119 2662 1239 2699 partem
1254 2657 1287 2688 in
1302 2662 1427 2699 pectore
1443 2666 1512 2688 meo
1527 2661 1574 2687 te-

911 2716 976 2737 nes.
1026 2706 1130 2737 ΡοΝτ.

984 2760 1048 2796 Q2
