<?xml version="1.0" encoding="UTF-8"?>
<!DOCTYPE html PUBLIC "-//W3C//DTD XHTML 1.0 Transitional//EN"
    "http://www.w3.org/TR/xhtml1/DTD/xhtml1-transitional.dtd">
<html xmlns="http://www.w3.org/1999/xhtml" xml:lang="en" lang="en">
 <head>
  <title>
</title>
<meta http-equiv="Content-Type" content="text/html;charset=utf-8" />
  <meta name='ocr-system' content='tesseract 3.04.00' />
  <meta name='ocr-capabilities' content='ocr_page ocr_carea ocr_par ocr_line ocrx_word'/>
</head>
<body>
  <div class='ocr_page' id='page_1' title='image "./povidiinasonisop02oviduoft_0048.png"; bbox 0 0 1760 3172; ppageno 0'>
   <div class='ocr_carea' id='block_1_1' title="bbox 220 198 1225 244">
    <p class='ocr_par' dir='ltr' id='par_1_1' title="bbox 220 198 1225 244">
     <span class='ocr_line' id='line_1_1' title="bbox 220 198 1225 244; baseline -0.005 0"><span class='ocrx_word' id='word_1_1' title='bbox 220 202 276 244; x_wconf 66' lang='lat'>3&amp;</span> <span class='ocrx_word' id='word_1_2' title='bbox 611 203 661 243; x_wconf 90' lang='grc' dir='ltr'>Ρ.</span> <span class='ocrx_word' id='word_1_3' title='bbox 697 201 909 243; x_wconf 88' lang='lat' dir='ltr'>OVIDII</span> <span class='ocrx_word' id='word_1_4' title='bbox 946 198 1225 240; x_wconf 87' lang='lat' dir='ltr'>NASONIS</span> 
     </span>
    </p>
   </div>
   <div class='ocr_carea' id='block_1_2' title="bbox 225 311 1622 1989">
    <p class='ocr_par' dir='ltr' id='par_1_2' title="bbox 225 311 1573 455">
     <span class='ocr_line' id='line_1_2' title="bbox 225 311 1573 379; baseline -0.004 -16"><span class='ocrx_word' id='word_1_5' title='bbox 225 316 333 364; x_wconf 90' lang='lat' dir='ltr'>Nec</span> <span class='ocrx_word' id='word_1_6' title='bbox 359 317 603 379; x_wconf 88' lang='lat' dir='ltr'>platanus,</span> <span class='ocrx_word' id='word_1_7' title='bbox 631 316 723 362; x_wconf 89' lang='lat' dir='ltr'>nisi</span> <span class='ocrx_word' id='word_1_8' title='bbox 749 331 873 370; x_wconf 85' lang='lat' dir='ltr'>sera,</span> <span class='ocrx_word' id='word_1_9' title='bbox 901 322 1066 377; x_wconf 84' lang='lat' dir='ltr'>potest</span> <span class='ocrx_word' id='word_1_10' title='bbox 1089 313 1331 360; x_wconf 87' lang='lat' dir='ltr'>obsistere</span> <span class='ocrx_word' id='word_1_11' title='bbox 1357 311 1573 358; x_wconf 83' lang='lat' dir='ltr'>Phoebo:</span> 
     </span>
     <span class='ocr_line' id='line_1_3' title="bbox 294 389 1331 455; baseline -0.004 -16"><span class='ocrx_word' id='word_1_12' title='bbox 294 392 359 440; x_wconf 88' lang='lat' dir='ltr'>Et</span> <span class='ocrx_word' id='word_1_13' title='bbox 383 393 570 439; x_wconf 87' lang='lat' dir='ltr'>laedunt</span> <span class='ocrx_word' id='word_1_14' title='bbox 594 393 751 439; x_wconf 88' lang='lat' dir='ltr'>nudos</span> <span class='ocrx_word' id='word_1_15' title='bbox 778 399 919 455; x_wconf 86' lang='lat' dir='ltr'>prata</span> <span class='ocrx_word' id='word_1_16' title='bbox 943 390 1136 437; x_wconf 88' lang='lat' dir='ltr'>novella</span> <span class='ocrx_word' id='word_1_17' title='bbox 1160 389 1331 452; x_wconf 79' lang='lat' dir='ltr'>pedes,</span> 
     </span>
    </p>

    <p class='ocr_par' dir='ltr' id='par_1_3' title="bbox 227 464 1614 607">
     <span class='ocr_line' id='line_1_4' title="bbox 227 464 1542 530; baseline -0.005 -14"><span class='ocrx_word' id='word_1_18' title='bbox 227 469 430 516; x_wconf 84' lang='lat' dir='ltr'>Scilicet</span> <span class='ocrx_word' id='word_1_19' title='bbox 455 468 759 516; x_wconf 82' lang='lat' dir='ltr'>Hermionen</span> <span class='ocrx_word' id='word_1_20' title='bbox 788 467 994 516; x_wconf 76' lang='lat' dir='ltr'>Helenae</span> <span class='ocrx_word' id='word_1_21' title='bbox 1022 481 1309 530; x_wconf 85' lang='lat' dir='ltr'>praeponere</span> <span class='ocrx_word' id='word_1_22' title='bbox 1334 464 1542 528; x_wconf 80' lang='lat' dir='ltr'>posses?</span> 
     </span>
     <span class='ocr_line' id='line_1_5' title="bbox 293 541 1614 607; baseline -0.005 -15"><span class='ocrx_word' id='word_1_23' title='bbox 293 545 358 592; x_wconf 87' lang='lat' dir='ltr'>Et</span> <span class='ocrx_word' id='word_1_24' title='bbox 383 546 553 592; x_wconf 88' lang='lat' dir='ltr'>melior</span> <span class='ocrx_word' id='word_1_25' title='bbox 580 546 764 607; x_wconf 75' lang='lat' dir='ltr'>Gorge,</span> <span class='ocrx_word' id='word_1_26' title='bbox 793 561 943 607; x_wconf 84' lang='lat' dir='ltr'>quani</span> <span class='ocrx_word' id='word_1_27' title='bbox 970 559 1060 590; x_wconf 84' lang='lat' dir='ltr'>sua</span> <span class='ocrx_word' id='word_1_28' title='bbox 1084 550 1256 597; x_wconf 89' lang='lat' dir='ltr'>mater,</span> <span class='ocrx_word' id='word_1_29' title='bbox 1284 541 1422 589; x_wconf 72' lang='lat' dir='ltr'>erat?</span> <span class='ocrx_word' id='word_1_30' title='bbox 1517 544 1614 587; x_wconf 92' lang='lat'>700</span> 
     </span>
    </p>

    <p class='ocr_par' dir='ltr' id='par_1_4' title="bbox 225 619 1539 761">
     <span class='ocr_line' id='line_1_6' title="bbox 225 619 1539 684; baseline -0.003 -17"><span class='ocrx_word' id='word_1_31' title='bbox 225 620 300 667; x_wconf 95' lang='lat' dir='ltr'>Ad</span> <span class='ocrx_word' id='word_1_32' title='bbox 331 621 575 668; x_wconf 88' lang='lat' dir='ltr'>Venerem</span> <span class='ocrx_word' id='word_1_33' title='bbox 602 621 906 684; x_wconf 87' lang='lat' dir='ltr'>quicumque</span> <span class='ocrx_word' id='word_1_34' title='bbox 931 619 1065 666; x_wconf 90' lang='lat' dir='ltr'>voles</span> <span class='ocrx_word' id='word_1_35' title='bbox 1091 619 1334 680; x_wconf 82' lang='lat' dir='ltr'>attingere</span> <span class='ocrx_word' id='word_1_36' title='bbox 1359 633 1539 671; x_wconf 86' lang='lat' dir='ltr'>seram,</span> 
     </span>
     <span class='ocr_line' id='line_1_7' title="bbox 296 695 1328 761; baseline -0.003 -17"><span class='ocrx_word' id='word_1_37' title='bbox 296 697 348 744; x_wconf 93' lang='lat' dir='ltr'>Si</span> <span class='ocrx_word' id='word_1_38' title='bbox 376 698 522 744; x_wconf 92' lang='lat' dir='ltr'>modo</span> <span class='ocrx_word' id='word_1_39' title='bbox 548 698 756 752; x_wconf 89' lang='lat' dir='ltr'>duraris,</span> <span class='ocrx_word' id='word_1_40' title='bbox 783 697 989 761; x_wconf 87' lang='lat' dir='ltr'>praemia</span> <span class='ocrx_word' id='word_1_41' title='bbox 1011 696 1161 758; x_wconf 86' lang='lat' dir='ltr'>digna</span> <span class='ocrx_word' id='word_1_42' title='bbox 1184 695 1328 742; x_wconf 91' lang='lat' dir='ltr'>feres.</span> 
     </span>
    </p>

    <p class='ocr_par' dir='ltr' id='par_1_5' title="bbox 229 773 1446 907">
     <span class='ocr_line' id='line_1_8' title="bbox 229 773 1446 838; baseline -0.001 -18"><span class='ocrx_word' id='word_1_43' title='bbox 229 773 474 822; x_wconf 86' lang='lat' dir='ltr'>Conscius</span> <span class='ocrx_word' id='word_1_44' title='bbox 500 791 618 822; x_wconf 88' lang='lat' dir='ltr'>ecce</span> <span class='ocrx_word' id='word_1_45' title='bbox 642 775 767 822; x_wconf 89' lang='lat' dir='ltr'>duos</span> <span class='ocrx_word' id='word_1_46' title='bbox 793 774 986 838; x_wconf 85' lang='lat' dir='ltr'>accepit</span> <span class='ocrx_word' id='word_1_47' title='bbox 1009 774 1167 821; x_wconf 87' lang='lat' dir='ltr'>lectus</span> <span class='ocrx_word' id='word_1_48' title='bbox 1194 779 1446 820; x_wconf 89' lang='lat' dir='ltr'>amantes:</span> 
     </span>
     <span class='ocr_line' id='line_1_9' title="bbox 293 849 1399 907; baseline -0.001 -10"><span class='ocrx_word' id='word_1_49' title='bbox 293 850 374 897; x_wconf 92' lang='lat' dir='ltr'>Ad</span> <span class='ocrx_word' id='word_1_50' title='bbox 397 851 602 899; x_wconf 82' lang='lat' dir='ltr'>thalami</span> <span class='ocrx_word' id='word_1_51' title='bbox 627 852 838 907; x_wconf 86' lang='lat' dir='ltr'>clausas,</span> <span class='ocrx_word' id='word_1_52' title='bbox 862 851 1028 907; x_wconf 61' lang='lat' dir='ltr'>Musa7</span> <span class='ocrx_word' id='word_1_53' title='bbox 1054 850 1229 898; x_wconf 90' lang='lat' dir='ltr'>resiste</span> <span class='ocrx_word' id='word_1_54' title='bbox 1254 849 1399 897; x_wconf 90' lang='lat' dir='ltr'>fores.</span> 
     </span>
    </p>

    <p class='ocr_par' dir='ltr' id='par_1_6' title="bbox 230 926 1618 1067">
     <span class='ocr_line' id='line_1_10' title="bbox 230 926 1613 990; baseline -0.002 -16"><span class='ocrx_word' id='word_1_55' title='bbox 230 926 420 990; x_wconf 89' lang='lat' dir='ltr'>Sponte</span> <span class='ocrx_word' id='word_1_56' title='bbox 446 929 554 983; x_wconf 74' lang='lat' dir='ltr'>sua,</span> <span class='ocrx_word' id='word_1_57' title='bbox 582 928 687 975; x_wconf 87' lang='lat' dir='ltr'>sine</span> <span class='ocrx_word' id='word_1_58' title='bbox 711 936 776 983; x_wconf 92' lang='lat' dir='ltr'>te,</span> <span class='ocrx_word' id='word_1_59' title='bbox 804 928 1127 975; x_wconf 89' lang='lat' dir='ltr'>celeberrima</span> <span class='ocrx_word' id='word_1_60' title='bbox 1149 927 1301 974; x_wconf 88' lang='lat' dir='ltr'>verba</span> <span class='ocrx_word' id='word_1_61' title='bbox 1322 926 1613 989; x_wconf 88' lang='lat' dir='ltr'>loquentur:</span> 
     </span>
     <span class='ocr_line' id='line_1_11' title="bbox 298 1003 1618 1067; baseline -0.002 -17"><span class='ocrx_word' id='word_1_62' title='bbox 298 1003 405 1051; x_wconf 91' lang='lat' dir='ltr'>Nec</span> <span class='ocrx_word' id='word_1_63' title='bbox 431 1020 605 1051; x_wconf 89' lang='lat' dir='ltr'>manus</span> <span class='ocrx_word' id='word_1_64' title='bbox 631 1005 680 1051; x_wconf 86' lang='lat' dir='ltr'>in</span> <span class='ocrx_word' id='word_1_65' title='bbox 703 1005 833 1052; x_wconf 92' lang='lat' dir='ltr'>lecto</span> <span class='ocrx_word' id='word_1_66' title='bbox 857 1005 982 1051; x_wconf 87' lang='lat' dir='ltr'>laeva</span> <span class='ocrx_word' id='word_1_67' title='bbox 998 1003 1189 1067; x_wconf 86' lang='lat' dir='ltr'>jacebit</span> <span class='ocrx_word' id='word_1_68' title='bbox 1212 1003 1359 1050; x_wconf 86' lang='lat' dir='ltr'>iners.</span> <span class='ocrx_word' id='word_1_69' title='bbox 1520 1004 1618 1048; x_wconf 85' lang='lat'>706</span> 
     </span>
    </p>

    <p class='ocr_par' dir='ltr' id='par_1_7' title="bbox 230 1078 1468 1222">
     <span class='ocr_line' id='line_1_12' title="bbox 230 1078 1468 1144; baseline 0 -19"><span class='ocrx_word' id='word_1_70' title='bbox 230 1078 490 1128; x_wconf 87' lang='lat' dir='ltr'>Invenient</span> <span class='ocrx_word' id='word_1_71' title='bbox 512 1081 670 1143; x_wconf 85' lang='lat' dir='ltr'>digiti,</span> <span class='ocrx_word' id='word_1_72' title='bbox 698 1081 832 1144; x_wconf 89' lang='lat' dir='ltr'>quod</span> <span class='ocrx_word' id='word_1_73' title='bbox 858 1088 1009 1143; x_wconf 82' lang='lat' dir='ltr'>agant</span> <span class='ocrx_word' id='word_1_74' title='bbox 1032 1081 1082 1126; x_wconf 92' lang='lat' dir='ltr'>in</span> <span class='ocrx_word' id='word_1_75' title='bbox 1107 1079 1330 1143; x_wconf 87' lang='lat' dir='ltr'>partibus</span> <span class='ocrx_word' id='word_1_76' title='bbox 1356 1079 1468 1133; x_wconf 88' lang='lat' dir='ltr'>illis,</span> 
     </span>
     <span class='ocr_line' id='line_1_13' title="bbox 298 1156 1450 1222; baseline 0 -19"><span class='ocrx_word' id='word_1_77' title='bbox 298 1156 357 1203; x_wconf 92' lang='lat' dir='ltr'>In</span> <span class='ocrx_word' id='word_1_78' title='bbox 384 1158 565 1220; x_wconf 92' lang='lat' dir='ltr'>quibus</span> <span class='ocrx_word' id='word_1_79' title='bbox 591 1159 786 1205; x_wconf 90' lang='lat' dir='ltr'>occulte</span> <span class='ocrx_word' id='word_1_80' title='bbox 811 1158 1003 1222; x_wconf 91' lang='lat' dir='ltr'>spicula</span> <span class='ocrx_word' id='word_1_81' title='bbox 1026 1157 1134 1219; x_wconf 85' lang='lat' dir='ltr'>figit</span> <span class='ocrx_word' id='word_1_82' title='bbox 1157 1157 1327 1203; x_wconf 91' lang='lat' dir='ltr'>Amor.</span> <span class='ocrx_word' id='word_1_83' title='bbox 1445 1161 1450 1165; x_wconf 82' lang='grc'><strong>”</strong></span> 
     </span>
    </p>

    <p class='ocr_par' dir='ltr' id='par_1_8' title="bbox 231 1230 1620 1358">
     <span class='ocr_line' id='line_1_14' title="bbox 231 1230 1615 1298; baseline -0.001 -18"><span class='ocrx_word' id='word_1_84' title='bbox 231 1232 371 1281; x_wconf 91' lang='lat' dir='ltr'>Fecit</span> <span class='ocrx_word' id='word_1_85' title='bbox 385 1234 434 1280; x_wconf 94' lang='lat' dir='ltr'>in</span> <span class='ocrx_word' id='word_1_86' title='bbox 450 1233 797 1282; x_wconf 84' lang='lat' dir='ltr'>Andromache</span> <span class='ocrx_word' id='word_1_87' title='bbox 819 1235 954 1298; x_wconf 91' lang='lat' dir='ltr'>prius</span> <span class='ocrx_word' id='word_1_88' title='bbox 972 1234 1066 1280; x_wconf 92' lang='lat' dir='ltr'>hoc</span> <span class='ocrx_word' id='word_1_89' title='bbox 1087 1233 1385 1280; x_wconf 88' lang='lat' dir='ltr'>fortissimus</span> <span class='ocrx_word' id='word_1_90' title='bbox 1401 1230 1615 1286; x_wconf 84' lang='lat' dir='ltr'>Hector;</span> 
     </span>
     <span class='ocr_line' id='line_1_15' title="bbox 299 1309 1620 1358; baseline -0.002 -1"><span class='ocrx_word' id='word_1_91' title='bbox 299 1309 407 1357; x_wconf 90' lang='lat' dir='ltr'>Nec</span> <span class='ocrx_word' id='word_1_92' title='bbox 435 1311 593 1357; x_wconf 91' lang='lat' dir='ltr'>solum</span> <span class='ocrx_word' id='word_1_93' title='bbox 619 1312 762 1358; x_wconf 89' lang='lat' dir='ltr'>bellis</span> <span class='ocrx_word' id='word_1_94' title='bbox 788 1312 921 1358; x_wconf 88' lang='lat' dir='ltr'>utilis</span> <span class='ocrx_word' id='word_1_95' title='bbox 947 1311 1029 1358; x_wconf 92' lang='lat' dir='ltr'>ille</span> <span class='ocrx_word' id='word_1_96' title='bbox 1053 1310 1162 1357; x_wconf 90' lang='lat' dir='ltr'>fuit.</span> <span class='ocrx_word' id='word_1_97' title='bbox 1523 1311 1620 1355; x_wconf 91' lang='lat'>710</span> 
     </span>
    </p>

    <p class='ocr_par' dir='ltr' id='par_1_9' title="bbox 234 1386 1572 1528">
     <span class='ocr_line' id='line_1_16' title="bbox 234 1386 1497 1451; baseline -0.001 -18"><span class='ocrx_word' id='word_1_98' title='bbox 234 1386 374 1434; x_wconf 89' lang='lat' dir='ltr'>Fecit</span> <span class='ocrx_word' id='word_1_99' title='bbox 397 1395 447 1434; x_wconf 91' lang='lat' dir='ltr'>et</span> <span class='ocrx_word' id='word_1_100' title='bbox 471 1387 520 1433; x_wconf 89' lang='lat' dir='ltr'>in</span> <span class='ocrx_word' id='word_1_101' title='bbox 546 1389 695 1451; x_wconf 69' lang='lat' dir='ltr'>capta</span> <span class='ocrx_word' id='word_1_102' title='bbox 724 1388 997 1451; x_wconf 84' lang='lat' dir='ltr'>Lyrneside</span> <span class='ocrx_word' id='word_1_103' title='bbox 1022 1404 1232 1451; x_wconf 85' lang='lat' dir='ltr'>magnus</span> <span class='ocrx_word' id='word_1_104' title='bbox 1259 1386 1497 1442; x_wconf 89' lang='lat' dir='ltr'>Achilles,</span> 
     </span>
     <span class='ocr_line' id='line_1_17' title="bbox 300 1464 1572 1528; baseline -0.002 -18"><span class='ocrx_word' id='word_1_105' title='bbox 300 1464 430 1510; x_wconf 88' lang='lat' dir='ltr'>Cum</span> <span class='ocrx_word' id='word_1_106' title='bbox 457 1472 704 1528; x_wconf 90' lang='lat' dir='ltr'>premeret</span> <span class='ocrx_word' id='word_1_107' title='bbox 727 1465 927 1512; x_wconf 89' lang='lat' dir='ltr'>mollem</span> <span class='ocrx_word' id='word_1_108' title='bbox 952 1466 1112 1512; x_wconf 87' lang='lat' dir='ltr'>lassus</span> <span class='ocrx_word' id='word_1_109' title='bbox 1139 1465 1201 1511; x_wconf 91' lang='lat' dir='ltr'>ab</span> <span class='ocrx_word' id='word_1_110' title='bbox 1226 1464 1369 1511; x_wconf 87' lang='lat' dir='ltr'>hoste</span> <span class='ocrx_word' id='word_1_111' title='bbox 1392 1470 1572 1510; x_wconf 85' lang='lat' dir='ltr'>torum.</span> 
     </span>
    </p>

    <p class='ocr_par' dir='ltr' id='par_1_10' title="bbox 236 1540 1446 1681">
     <span class='ocr_line' id='line_1_18' title="bbox 236 1540 1299 1603; baseline 0.001 -17"><span class='ocrx_word' id='word_1_112' title='bbox 236 1540 340 1587; x_wconf 92' lang='lat' dir='ltr'>Illis</span> <span class='ocrx_word' id='word_1_113' title='bbox 366 1548 415 1587; x_wconf 91' lang='lat' dir='ltr'>te</span> <span class='ocrx_word' id='word_1_114' title='bbox 441 1541 577 1603; x_wconf 84' lang='lat' dir='ltr'>tangi</span> <span class='ocrx_word' id='word_1_115' title='bbox 603 1541 849 1597; x_wconf 87' lang='lat' dir='ltr'>manibus,</span> <span class='ocrx_word' id='word_1_116' title='bbox 878 1541 1056 1596; x_wconf 69' lang='lat' dir='ltr'>BriseI,</span> <span class='ocrx_word' id='word_1_117' title='bbox 1085 1541 1299 1595; x_wconf 74' lang='lat' dir='ltr'>sinebas,</span> 
     </span>
     <span class='ocr_line' id='line_1_19' title="bbox 302 1616 1446 1681; baseline 0 -18"><span class='ocrx_word' id='word_1_118' title='bbox 302 1616 514 1663; x_wconf 82' lang='lat' dir='ltr'>Imbutae</span> <span class='ocrx_word' id='word_1_119' title='bbox 540 1616 764 1680; x_wconf 74' lang='lat' dir='ltr'>Phrygia</span> <span class='ocrx_word' id='word_1_120' title='bbox 791 1633 902 1680; x_wconf 89' lang='lat' dir='ltr'>quae</span> <span class='ocrx_word' id='word_1_121' title='bbox 928 1634 1049 1665; x_wconf 91' lang='lat' dir='ltr'>nece</span> <span class='ocrx_word' id='word_1_122' title='bbox 1071 1633 1267 1681; x_wconf 90' lang='lat' dir='ltr'>semper</span> <span class='ocrx_word' id='word_1_123' title='bbox 1292 1623 1446 1664; x_wconf 89' lang='lat' dir='ltr'>erant.</span> 
     </span>
    </p>

    <p class='ocr_par' dir='ltr' id='par_1_11' title="bbox 235 1693 1622 1818">
     <span class='ocr_line' id='line_1_20' title="bbox 235 1693 1622 1757; baseline 0 -18"><span class='ocrx_word' id='word_1_124' title='bbox 235 1693 314 1739; x_wconf 90' lang='lat' dir='ltr'>An</span> <span class='ocrx_word' id='word_1_125' title='bbox 338 1693 430 1740; x_wconf 89' lang='lat' dir='ltr'>fuit</span> <span class='ocrx_word' id='word_1_126' title='bbox 453 1693 546 1741; x_wconf 92' lang='lat' dir='ltr'>hoc</span> <span class='ocrx_word' id='word_1_127' title='bbox 572 1693 751 1757; x_wconf 91' lang='lat' dir='ltr'>ipsum,</span> <span class='ocrx_word' id='word_1_128' title='bbox 779 1695 914 1757; x_wconf 92' lang='lat' dir='ltr'>quod</span> <span class='ocrx_word' id='word_1_129' title='bbox 939 1703 1005 1751; x_wconf 89' lang='lat' dir='ltr'>te,</span> <span class='ocrx_word' id='word_1_130' title='bbox 1032 1695 1230 1749; x_wconf 90' lang='lat' dir='ltr'>lasciva,</span> <span class='ocrx_word' id='word_1_131' title='bbox 1251 1695 1463 1757; x_wconf 84' lang='lat' dir='ltr'>juvaret,</span> <span class='ocrx_word' id='word_1_132' title='bbox 1525 1695 1622 1739; x_wconf 89' lang='lat'>715</span> 
     </span>
     <span class='ocr_line' id='line_1_21' title="bbox 302 1769 1414 1818; baseline 0.001 -3"><span class='ocrx_word' id='word_1_133' title='bbox 302 1769 382 1816; x_wconf 91' lang='lat' dir='ltr'>Ad</span> <span class='ocrx_word' id='word_1_134' title='bbox 408 1777 494 1816; x_wconf 91' lang='lat' dir='ltr'>tua</span> <span class='ocrx_word' id='word_1_135' title='bbox 516 1770 743 1818; x_wconf 90' lang='lat' dir='ltr'>victrices</span> <span class='ocrx_word' id='word_1_136' title='bbox 769 1771 992 1818; x_wconf 90' lang='lat' dir='ltr'>membra</span> <span class='ocrx_word' id='word_1_137' title='bbox 1016 1771 1180 1818; x_wconf 91' lang='lat' dir='ltr'>venire</span> <span class='ocrx_word' id='word_1_138' title='bbox 1206 1770 1414 1817; x_wconf 75' lang='lat' dir='ltr'>manus?</span> 
     </span>
    </p>

    <p class='ocr_par' dir='ltr' id='par_1_12' title="bbox 239 1846 1622 1989">
     <span class='ocr_line' id='line_1_22' title="bbox 239 1846 1622 1912; baseline -0.001 -18"><span class='ocrx_word' id='word_1_139' title='bbox 239 1846 403 1894; x_wconf 89' lang='lat' dir='ltr'>Crede</span> <span class='ocrx_word' id='word_1_140' title='bbox 429 1847 564 1902; x_wconf 88' lang='lat' dir='ltr'>mihi,</span> <span class='ocrx_word' id='word_1_141' title='bbox 592 1863 688 1894; x_wconf 92' lang='lat' dir='ltr'>non</span> <span class='ocrx_word' id='word_1_142' title='bbox 715 1856 792 1894; x_wconf 88' lang='lat' dir='ltr'>est</span> <span class='ocrx_word' id='word_1_143' title='bbox 810 1848 1016 1896; x_wconf 89' lang='lat' dir='ltr'>Veneris</span> <span class='ocrx_word' id='word_1_144' title='bbox 1043 1848 1353 1912; x_wconf 89' lang='lat' dir='ltr'>properanda</span> <span class='ocrx_word' id='word_1_145' title='bbox 1370 1847 1622 1910; x_wconf 80' lang='lat' dir='ltr'>voluptas3</span> 
     </span>
     <span class='ocr_line' id='line_1_23' title="bbox 307 1923 1290 1989; baseline 0.002 -20"><span class='ocrx_word' id='word_1_146' title='bbox 307 1923 407 1970; x_wconf 88' lang='lat' dir='ltr'>Sed</span> <span class='ocrx_word' id='word_1_147' title='bbox 434 1924 616 1971; x_wconf 85' lang='lat' dir='ltr'>sensim</span> <span class='ocrx_word' id='word_1_148' title='bbox 642 1925 782 1972; x_wconf 66' lang='lat' dir='ltr'>tarda</span> <span class='ocrx_word' id='word_1_149' title='bbox 806 1926 1111 1989; x_wconf 87' lang='lat' dir='ltr'>prolicienda</span> <span class='ocrx_word' id='word_1_150' title='bbox 1134 1927 1290 1972; x_wconf 74' lang='lat' dir='ltr'>mora.</span> 
     </span>
    </p>
   </div>
   <div class='ocr_carea' id='block_1_3' title="bbox 240 2091 903 2522">
    <p class='ocr_par' dir='ltr' id='par_1_13' title="bbox 240 2091 900 2414">
     <span class='ocr_line' id='line_1_24' title="bbox 282 2091 897 2134; baseline 0.005 -13"><span class='ocrx_word' id='word_1_151' title='bbox 282 2091 357 2121; x_wconf 90' lang='lat'>700.</span> <span class='ocrx_word' id='word_1_152' title='bbox 393 2092 432 2121; x_wconf 77' lang='lat' dir='ltr'>Et</span> <span class='ocrx_word' id='word_1_153' title='bbox 462 2093 563 2122; x_wconf 74' lang='lat' dir='ltr'>melior</span> <span class='ocrx_word' id='word_1_154' title='bbox 589 2094 698 2134; x_wconf 62' lang='lat' dir='ltr'>Gorge,</span> <span class='ocrx_word' id='word_1_155' title='bbox 727 2104 813 2132; x_wconf 73' lang='grc' dir='ltr'>ιμιιιηι</span> <span class='ocrx_word' id='word_1_156' title='bbox 844 2106 897 2124; x_wconf 64' lang='lat' dir='ltr'>sim</span> 
     </span>
     <span class='ocr_line' id='line_1_25' title="bbox 240 2139 897 2182; baseline 0.005 -13"><span class='ocrx_word' id='word_1_157' title='bbox 240 2146 333 2170; x_wconf 82' lang='lat' dir='ltr'>mater</span> <span class='ocrx_word' id='word_1_158' title='bbox 348 2139 438 2179; x_wconf 55' lang='lat' dir='ltr'>eran]</span> <span class='ocrx_word' id='word_1_159' title='bbox 456 2140 572 2171; x_wconf 79' lang='lat' dir='ltr'>Althea</span> <span class='ocrx_word' id='word_1_160' title='bbox 585 2140 654 2171; x_wconf 89' lang='lat' dir='ltr'>scil.</span> <span class='ocrx_word' id='word_1_161' title='bbox 669 2141 830 2182; x_wconf 84' lang='lat' dir='ltr'>Nupserat</span> <span class='ocrx_word' id='word_1_162' title='bbox 844 2152 897 2172; x_wconf 79' lang='lat' dir='ltr'>au-</span> 
     </span>
     <span class='ocr_line' id='line_1_26' title="bbox 240 2188 898 2230; baseline 0.003 -12"><span class='ocrx_word' id='word_1_163' title='bbox 240 2194 302 2219; x_wconf 82' lang='lat' dir='ltr'>tem</span> <span class='ocrx_word' id='word_1_164' title='bbox 319 2188 421 2229; x_wconf 85' lang='lat' dir='ltr'>Gorge</span> <span class='ocrx_word' id='word_1_165' title='bbox 438 2188 650 2224; x_wconf 78' lang='lat' dir='ltr'>Andraemoni,</span> <span class='ocrx_word' id='word_1_166' title='bbox 671 2199 707 2219; x_wconf 85' lang='lat' dir='ltr'>ex</span> <span class='ocrx_word' id='word_1_167' title='bbox 734 2200 796 2230; x_wconf 88' lang='lat' dir='ltr'>quo</span> <span class='ocrx_word' id='word_1_168' title='bbox 811 2190 898 2230; x_wconf 70' lang='lat' dir='ltr'>Oxy-</span> 
     </span>
     <span class='ocr_line' id='line_1_27' title="bbox 240 2237 900 2278; baseline 0.003 -11"><span class='ocrx_word' id='word_1_169' title='bbox 240 2237 305 2267; x_wconf 91' lang='lat' dir='ltr'>lum</span> <span class='ocrx_word' id='word_1_170' title='bbox 334 2237 483 2278; x_wconf 86' lang='lat' dir='ltr'>suscepit,</span> <span class='ocrx_word' id='word_1_171' title='bbox 510 2248 571 2278; x_wconf 89' lang='lat' dir='ltr'>quo</span> <span class='ocrx_word' id='word_1_172' title='bbox 596 2237 690 2273; x_wconf 83' lang='lat' dir='ltr'>duce,</span> <span class='ocrx_word' id='word_1_173' title='bbox 717 2238 900 2269; x_wconf 83' lang='lat' dir='ltr'>Heraclides</span> 
     </span>
     <span class='ocr_line' id='line_1_28' title="bbox 241 2285 899 2327; baseline 0.003 -12"><span class='ocrx_word' id='word_1_174' title='bbox 241 2285 488 2327; x_wconf 82' lang='lat' dir='ltr'>Peloponnesum</span> <span class='ocrx_word' id='word_1_175' title='bbox 499 2296 681 2327; x_wconf 74' lang='lat' dir='ltr'>recuperare</span> <span class='ocrx_word' id='word_1_176' title='bbox 691 2293 899 2318; x_wconf 76' lang='lat' dir='ltr'>tentaverunt.</span> 
     </span>
     <span class='ocr_line' id='line_1_29' title="bbox 242 2333 900 2376; baseline 0.003 -12"><span class='ocrx_word' id='word_1_177' title='bbox 242 2334 377 2365; x_wconf 81' lang='lat' dir='ltr'>Pausan.</span> <span class='ocrx_word' id='word_1_178' title='bbox 414 2333 513 2364; x_wconf 86' lang='lat' dir='ltr'>Phoc.</span> <span class='ocrx_word' id='word_1_179' title='bbox 554 2334 683 2365; x_wconf 74' lang='lat' dir='ltr'>xxxviii.</span> <span class='ocrx_word' id='word_1_180' title='bbox 719 2335 900 2376; x_wconf 78' lang='lat' dir='ltr'>Apollodor.</span> 
     </span>
     <span class='ocr_line' id='line_1_30' title="bbox 243 2382 797 2414; baseline 0.002 -1"><span class='ocrx_word' id='word_1_181' title='bbox 243 2382 431 2414; x_wconf 81' lang='lat' dir='ltr'>Bibliothec.</span> <span class='ocrx_word' id='word_1_182' title='bbox 446 2382 504 2413; x_wconf 91' lang='lat' dir='ltr'>lib.</span> <span class='ocrx_word' id='word_1_183' title='bbox 520 2382 539 2413; x_wconf 87' lang='lat' dir='ltr'>i.</span> <span class='ocrx_word' id='word_1_184' title='bbox 556 2393 585 2413; x_wconf 87' lang='lat' dir='ltr'>c.</span> <span class='ocrx_word' id='word_1_185' title='bbox 603 2384 632 2413; x_wconf 88' lang='lat'>8.</span> <span class='ocrx_word' id='word_1_186' title='bbox 678 2384 797 2414; x_wconf 63' lang='lat' dir='ltr'>Amin.</span> 
     </span>
    </p>

    <p class='ocr_par' dir='ltr' id='par_1_14' title="bbox 245 2431 903 2522">
     <span class='ocr_line' id='line_1_31' title="bbox 287 2431 902 2472; baseline 0.005 -11"><span class='ocrx_word' id='word_1_187' title='bbox 287 2433 360 2463; x_wconf 88' lang='lat'>705.</span> <span class='ocrx_word' id='word_1_188' title='bbox 387 2432 457 2463; x_wconf 78' lang='lat' dir='ltr'>Sine</span> <span class='ocrx_word' id='word_1_189' title='bbox 472 2431 530 2472; x_wconf 82' lang='lat' dir='ltr'>te.]</span> <span class='ocrx_word' id='word_1_190' title='bbox 558 2432 627 2462; x_wconf 78' lang='lat' dir='ltr'>Sine</span> <span class='ocrx_word' id='word_1_191' title='bbox 652 2444 694 2463; x_wconf 85' lang='lat' dir='ltr'>me</span> <span class='ocrx_word' id='word_1_192' title='bbox 711 2433 855 2464; x_wconf 83' lang='lat' dir='ltr'>Francos.</span> <span class='ocrx_word' id='word_1_193' title='bbox 871 2441 902 2464; x_wconf 82' lang='lat' dir='ltr'>et</span> 
     </span>
     <span class='ocr_line' id='line_1_32' title="bbox 245 2481 903 2522; baseline 0.002 -11"><span class='ocrx_word' id='word_1_194' title='bbox 245 2481 358 2512; x_wconf 85' lang='lat' dir='ltr'>Moreti</span> <span class='ocrx_word' id='word_1_195' title='bbox 374 2491 444 2512; x_wconf 76' lang='lat' dir='ltr'>cuni</span> <span class='ocrx_word' id='word_1_196' title='bbox 460 2481 559 2522; x_wconf 84' lang='lat' dir='ltr'>prima</span> <span class='ocrx_word' id='word_1_197' title='bbox 569 2481 703 2512; x_wconf 80' lang='lat' dir='ltr'>editione</span> <span class='ocrx_word' id='word_1_198' title='bbox 717 2494 723 2511; x_wconf 77' lang='grc' dir='ltr'>ε</span> <span class='ocrx_word' id='word_1_199' title='bbox 749 2489 781 2512; x_wconf 90' lang='lat' dir='ltr'>ut</span> <span class='ocrx_word' id='word_1_200' title='bbox 795 2493 903 2513; x_wconf 87' lang='lat' dir='ltr'>sensus</span> 
     </span>
    </p>
   </div>
   <div class='ocr_carea' id='block_1_4' title="bbox 243 2530 938 2572">
    <p class='ocr_par' dir='ltr' id='par_1_15' title="bbox 243 2530 938 2572">
     <span class='ocr_line' id='line_1_33' title="bbox 243 2530 938 2572; baseline 0.001 -12"><span class='ocrx_word' id='word_1_201' title='bbox 243 2530 294 2566; x_wconf 82' lang='lat' dir='ltr'>sit,</span> <span class='ocrx_word' id='word_1_202' title='bbox 309 2531 366 2560; x_wconf 82' lang='lat' dir='ltr'>etsi</span> <span class='ocrx_word' id='word_1_203' title='bbox 384 2541 440 2571; x_wconf 78' lang='lat' dir='ltr'>ego</span> <span class='ocrx_word' id='word_1_204' title='bbox 457 2530 533 2560; x_wconf 87' lang='lat' dir='ltr'>nihil</span> <span class='ocrx_word' id='word_1_205' title='bbox 550 2531 741 2572; x_wconf 69' lang='lat' dir='ltr'>praecipiam.</span> <span class='ocrx_word' id='word_1_206' title='bbox 766 2531 819 2561; x_wconf 79' lang='lat' dir='ltr'>sc=l</span> <span class='ocrx_word' id='word_1_207' title='bbox 837 2542 902 2561; x_wconf 81' lang='lat' dir='ltr'>rec-</span> <span class='ocrx_word' id='word_1_208' title='bbox 935 2543 938 2546; x_wconf 55' lang='lat'><strong>⁴</strong></span> 
     </span>
    </p>
   </div>
   <div class='ocr_carea' id='block_1_5' title="bbox 244 2580 903 2758">
    <p class='ocr_par' dir='ltr' id='par_1_16' title="bbox 244 2580 903 2758">
     <span class='ocr_line' id='line_1_34' title="bbox 244 2580 903 2621; baseline -0.002 -11"><span class='ocrx_word' id='word_1_209' title='bbox 244 2580 305 2610; x_wconf 81' lang='lat' dir='ltr'>tius</span> <span class='ocrx_word' id='word_1_210' title='bbox 327 2580 365 2610; x_wconf 83' lang='lat' dir='ltr'>ad</span> <span class='ocrx_word' id='word_1_211' title='bbox 382 2580 507 2610; x_wconf 76' lang='lat' dir='ltr'>Musam</span> <span class='ocrx_word' id='word_1_212' title='bbox 530 2580 713 2621; x_wconf 80' lang='lat' dir='ltr'>Magistram</span> <span class='ocrx_word' id='word_1_213' title='bbox 737 2590 836 2611; x_wconf 80' lang='lat' dir='ltr'>sermo</span> <span class='ocrx_word' id='word_1_214' title='bbox 859 2580 903 2609; x_wconf 76' lang='lat' dir='ltr'>fit.</span> 
     </span>
     <span class='ocr_line' id='line_1_35' title="bbox 244 2627 902 2671; baseline 0.002 -13"><span class='ocrx_word' id='word_1_215' title='bbox 244 2627 356 2659; x_wconf 86' lang='lat' dir='ltr'>deinde</span> <span class='ocrx_word' id='word_1_216' title='bbox 373 2628 489 2663; x_wconf 82' lang='lat' dir='ltr'>malim,</span> <span class='ocrx_word' id='word_1_217' title='bbox 508 2630 592 2659; x_wconf 75' lang='lat' dir='ltr'>rerba</span> <span class='ocrx_word' id='word_1_218' title='bbox 606 2636 777 2669; x_wconf 74' lang='lat' dir='ltr'>sequentur,</span> <span class='ocrx_word' id='word_1_219' title='bbox 795 2635 902 2671; x_wconf 84' lang='lat' dir='ltr'>sponte</span> 
     </span>
     <span class='ocr_line' id='line_1_36' title="bbox 246 2677 901 2719; baseline 0.003 -13"><span class='ocrx_word' id='word_1_220' title='bbox 246 2678 408 2717; x_wconf 78' lang='lat' dir='ltr'>profluent,</span> <span class='ocrx_word' id='word_1_221' title='bbox 439 2677 480 2707; x_wconf 81' lang='lat' dir='ltr'>ita</span> <span class='ocrx_word' id='word_1_222' title='bbox 510 2689 562 2707; x_wconf 74' lang='lat' dir='ltr'>sna</span> <span class='ocrx_word' id='word_1_223' title='bbox 595 2680 678 2708; x_wconf 66' lang='lat' dir='ltr'>rerba</span> <span class='ocrx_word' id='word_1_224' title='bbox 711 2681 791 2718; x_wconf 62' lang='lat' dir='ltr'>sequi</span> <span class='ocrx_word' id='word_1_225' title='bbox 821 2689 901 2719; x_wconf 69' lang='lat' dir='ltr'>sche</span> 
     </span>
     <span class='ocr_line' id='line_1_37' title="bbox 246 2725 902 2758; baseline 0.005 -3"><span class='ocrx_word' id='word_1_226' title='bbox 246 2725 336 2757; x_wconf 67' lang='lat' dir='ltr'>dixit.</span> <span class='ocrx_word' id='word_1_227' title='bbox 349 2725 418 2757; x_wconf 79' lang='lat' dir='ltr'>vide</span> <span class='ocrx_word' id='word_1_228' title='bbox 436 2727 502 2757; x_wconf 77' lang='lat' dir='ltr'>loca</span> <span class='ocrx_word' id='word_1_229' title='bbox 518 2728 556 2757; x_wconf 73' lang='lat' dir='ltr'>al)</span> <span class='ocrx_word' id='word_1_230' title='bbox 568 2728 696 2758; x_wconf 69' lang='lat' dir='ltr'>Heinsio</span> <span class='ocrx_word' id='word_1_231' title='bbox 712 2728 847 2758; x_wconf 65' lang='lat' dir='ltr'>adducta</span> <span class='ocrx_word' id='word_1_232' title='bbox 865 2729 902 2758; x_wconf 74' lang='lat' dir='ltr'>:ul</span> 
     </span>
    </p>
   </div>
   <div class='ocr_carea' id='block_1_6' title="bbox 966 2091 1631 2672">
    <p class='ocr_par' dir='ltr' id='par_1_17' title="bbox 966 2091 1628 2368">
     <span class='ocr_line' id='line_1_38' title="bbox 968 2091 1628 2136; baseline -0.008 -11"><span class='ocrx_word' id='word_1_233' title='bbox 968 2094 1066 2136; x_wconf 85' lang='lat' dir='ltr'>Epist.</span> <span class='ocrx_word' id='word_1_234' title='bbox 1080 2094 1153 2124; x_wconf 79' lang='lat' dir='ltr'>xvii.</span> <span class='ocrx_word' id='word_1_235' title='bbox 1169 2095 1243 2125; x_wconf 75' lang='lat'>251.</span> <span class='ocrx_word' id='word_1_236' title='bbox 1286 2093 1375 2133; x_wconf 79' lang='lat' dir='ltr'>Sequi</span> <span class='ocrx_word' id='word_1_237' title='bbox 1388 2091 1482 2122; x_wconf 85' lang='lat' dir='ltr'>etiam</span> <span class='ocrx_word' id='word_1_238' title='bbox 1496 2097 1527 2122; x_wconf 82' lang='lat' dir='ltr'>et</span> <span class='ocrx_word' id='word_1_239' title='bbox 1548 2091 1628 2132; x_wconf 80' lang='lat' dir='ltr'>loqui</span> 
     </span>
     <span class='ocr_line' id='line_1_39' title="bbox 966 2140 1626 2184; baseline -0.008 -10"><span class='ocrx_word' id='word_1_240' title='bbox 966 2143 1080 2184; x_wconf 83' lang='lat' dir='ltr'>passim</span> <span class='ocrx_word' id='word_1_241' title='bbox 1104 2142 1312 2174; x_wconf 85' lang='lat' dir='ltr'>confuderunt</span> <span class='ocrx_word' id='word_1_242' title='bbox 1328 2140 1470 2172; x_wconf 84' lang='lat' dir='ltr'>Librarii.</span> <span class='ocrx_word' id='word_1_243' title='bbox 1501 2141 1626 2171; x_wconf 81' lang='lat' dir='ltr'>celeber-</span> 
     </span>
     <span class='ocr_line' id='line_1_40' title="bbox 969 2191 1628 2233; baseline -0.003 -13"><span class='ocrx_word' id='word_1_244' title='bbox 969 2194 1043 2222; x_wconf 81' lang='lat' dir='ltr'>rima</span> <span class='ocrx_word' id='word_1_245' title='bbox 1070 2192 1289 2233; x_wconf 84' lang='lat' dir='ltr'>interpretatur</span> <span class='ocrx_word' id='word_1_246' title='bbox 1306 2191 1415 2221; x_wconf 79' lang='lat' dir='ltr'>Douza</span> <span class='ocrx_word' id='word_1_247' title='bbox 1435 2191 1572 2229; x_wconf 80' lang='lat' dir='ltr'>publicu,</span> <span class='ocrx_word' id='word_1_248' title='bbox 1592 2194 1628 2219; x_wconf 81' lang='lat' dir='ltr'>ut</span> 
     </span>
     <span class='ocr_line' id='line_1_41' title="bbox 967 2237 1628 2279; baseline -0.005 -8"><span class='ocrx_word' id='word_1_249' title='bbox 967 2240 1046 2271; x_wconf 78' lang='lat' dir='ltr'>dixit</span> <span class='ocrx_word' id='word_1_250' title='bbox 1068 2241 1125 2271; x_wconf 86' lang='lat' dir='ltr'>lib.</span> <span class='ocrx_word' id='word_1_251' title='bbox 1141 2240 1185 2271; x_wconf 84' lang='lat' dir='ltr'>iii.</span> <span class='ocrx_word' id='word_1_252' title='bbox 1199 2240 1306 2270; x_wconf 86' lang='lat' dir='ltr'>Amor.</span> <span class='ocrx_word' id='word_1_253' title='bbox 1322 2241 1351 2270; x_wconf 90' lang='lat'>7.</span> <span class='ocrx_word' id='word_1_254' title='bbox 1367 2249 1428 2270; x_wconf 89' lang='lat' dir='ltr'>non</span> <span class='ocrx_word' id='word_1_255' title='bbox 1451 2249 1544 2279; x_wconf 83' lang='lat' dir='ltr'>nego.</span> <span class='ocrx_word' id='word_1_256' title='bbox 1573 2237 1628 2269; x_wconf 88' lang='lat' dir='ltr'>sed</span> 
     </span>
     <span class='ocr_line' id='line_1_42' title="bbox 967 2287 1628 2330; baseline -0.003 -11"><span class='ocrx_word' id='word_1_257' title='bbox 967 2289 1048 2319; x_wconf 85' lang='lat' dir='ltr'>addo</span> <span class='ocrx_word' id='word_1_258' title='bbox 1071 2290 1163 2320; x_wconf 82' lang='lat' dir='ltr'>simul</span> <span class='ocrx_word' id='word_1_259' title='bbox 1187 2297 1292 2320; x_wconf 84' lang='lat' dir='ltr'>notare</span> <span class='ocrx_word' id='word_1_260' title='bbox 1307 2299 1389 2330; x_wconf 62' lang='lat' dir='ltr'>saepe</span> <span class='ocrx_word' id='word_1_261' title='bbox 1404 2288 1548 2330; x_wconf 79' lang='lat' dir='ltr'>repetita,</span> <span class='ocrx_word' id='word_1_262' title='bbox 1564 2287 1628 2318; x_wconf 90' lang='lat' dir='ltr'>vid.</span> 
     </span>
     <span class='ocr_line' id='line_1_43' title="bbox 968 2337 1441 2368; baseline -0.004 0"><span class='ocrx_word' id='word_1_263' title='bbox 968 2337 1007 2368; x_wconf 83' lang='lat' dir='ltr'>ad</span> <span class='ocrx_word' id='word_1_264' title='bbox 1023 2338 1068 2368; x_wconf 89' lang='lat' dir='ltr'>iii.</span> <span class='ocrx_word' id='word_1_265' title='bbox 1083 2338 1188 2368; x_wconf 82' lang='lat' dir='ltr'>Amor.</span> <span class='ocrx_word' id='word_1_266' title='bbox 1205 2349 1235 2368; x_wconf 94' lang='lat' dir='ltr'>v.</span> <span class='ocrx_word' id='word_1_267' title='bbox 1250 2338 1281 2368; x_wconf 84' lang='lat'>3.</span> <span class='ocrx_word' id='word_1_268' title='bbox 1325 2337 1441 2367; x_wconf 70' lang='lat' dir='ltr'>ann.</span> 
     </span>
    </p>

    <p class='ocr_par' dir='ltr' id='par_1_18' title="bbox 970 2384 1631 2624">
     <span class='ocr_line' id='line_1_44' title="bbox 1012 2384 1629 2429; baseline -0.002 -13"><span class='ocrx_word' id='word_1_269' title='bbox 1012 2387 1083 2417; x_wconf 82' lang='lat'>711.</span> <span class='ocrx_word' id='word_1_270' title='bbox 1102 2387 1261 2429; x_wconf 61' lang='lat' dir='ltr'>Magnus]</span> <span class='ocrx_word' id='word_1_271' title='bbox 1283 2386 1381 2416; x_wconf 78' lang='lat' dir='ltr'>Fortis</span> <span class='ocrx_word' id='word_1_272' title='bbox 1389 2385 1513 2427; x_wconf 73' lang='lat' dir='ltr'>Api-osii</span> <span class='ocrx_word' id='word_1_273' title='bbox 1522 2390 1554 2415; x_wconf 84' lang='lat' dir='ltr'>et</span> <span class='ocrx_word' id='word_1_274' title='bbox 1567 2384 1629 2415; x_wconf 91' lang='lat' dir='ltr'>duo</span> 
     </span>
     <span class='ocr_line' id='line_1_45' title="bbox 970 2433 1631 2476; baseline -0.003 -11"><span class='ocrx_word' id='word_1_275' title='bbox 970 2435 1034 2471; x_wconf 89' lang='lat' dir='ltr'>alii,</span> <span class='ocrx_word' id='word_1_276' title='bbox 1064 2434 1148 2476; x_wconf 90' lang='lat' dir='ltr'>quod</span> <span class='ocrx_word' id='word_1_277' title='bbox 1184 2443 1369 2476; x_wconf 82' lang='lat' dir='ltr'>perpetuum</span> <span class='ocrx_word' id='word_1_278' title='bbox 1403 2434 1467 2465; x_wconf 76' lang='lat' dir='ltr'>fere</span> <span class='ocrx_word' id='word_1_279' title='bbox 1495 2433 1631 2464; x_wconf 84' lang='lat' dir='ltr'>Achillis</span> 
     </span>
     <span class='ocr_line' id='line_1_46' title="bbox 971 2483 1628 2526; baseline -0.005 -11"><span class='ocrx_word' id='word_1_280' title='bbox 971 2485 1150 2525; x_wconf 79' lang='lat' dir='ltr'>Epitheton.</span> <span class='ocrx_word' id='word_1_281' title='bbox 1163 2484 1227 2515; x_wconf 86' lang='lat' dir='ltr'>vid.</span> <span class='ocrx_word' id='word_1_282' title='bbox 1241 2485 1299 2526; x_wconf 87' lang='lat' dir='ltr'>Ep.</span> <span class='ocrx_word' id='word_1_283' title='bbox 1312 2484 1378 2515; x_wconf 78' lang='lat' dir='ltr'>xiii.</span> <span class='ocrx_word' id='word_1_284' title='bbox 1394 2484 1466 2514; x_wconf 89' lang='grc'><strong>137.</strong></span> <span class='ocrx_word' id='word_1_285' title='bbox 1478 2490 1509 2513; x_wconf 85' lang='lat' dir='ltr'>et</span> <span class='ocrx_word' id='word_1_286' title='bbox 1521 2483 1543 2513; x_wconf 89' lang='lat' dir='ltr'>i.</span> <span class='ocrx_word' id='word_1_287' title='bbox 1554 2483 1628 2513; x_wconf 87' lang='lat' dir='ltr'>Am.</span> 
     </span>
     <span class='ocr_line' id='line_1_47' title="bbox 972 2532 1628 2572; baseline 0 -10"><span class='ocrx_word' id='word_1_288' title='bbox 972 2533 1012 2563; x_wconf 83' lang='lat' dir='ltr'>ix.</span> <span class='ocrx_word' id='word_1_289' title='bbox 1029 2534 1081 2563; x_wconf 85' lang='lat'>33.</span> <span class='ocrx_word' id='word_1_290' title='bbox 1097 2533 1149 2563; x_wconf 89' lang='lat' dir='ltr'>ubi</span> <span class='ocrx_word' id='word_1_291' title='bbox 1171 2533 1281 2563; x_wconf 86' lang='lat' dir='ltr'>similis</span> <span class='ocrx_word' id='word_1_292' title='bbox 1295 2533 1446 2564; x_wconf 84' lang='lat' dir='ltr'>varietas:</span> <span class='ocrx_word' id='word_1_293' title='bbox 1471 2532 1526 2563; x_wconf 88' lang='lat' dir='ltr'>sed</span> <span class='ocrx_word' id='word_1_294' title='bbox 1549 2542 1628 2572; x_wconf 84' lang='lat' dir='ltr'>prae-</span> 
     </span>
     <span class='ocr_line' id='line_1_48' title="bbox 971 2582 1572 2624; baseline 0.002 -13"><span class='ocrx_word' id='word_1_295' title='bbox 971 2582 1268 2624; x_wconf 66' lang='lat' dir='ltr'>cessit,jiv1·tissi1nus</span> <span class='ocrx_word' id='word_1_296' title='bbox 1284 2582 1410 2613; x_wconf 73' lang='lat' dir='ltr'>Hector.</span> <span class='ocrx_word' id='word_1_297' title='bbox 1457 2582 1572 2612; x_wconf 73' lang='lat' dir='ltr'>Bmm.</span> 
     </span>
    </p>

    <p class='ocr_par' dir='ltr' id='par_1_19' title="bbox 1015 2630 1630 2672">
     <span class='ocr_line' id='line_1_49' title="bbox 1015 2630 1630 2672; baseline -0.005 -11"><span class='ocrx_word' id='word_1_298' title='bbox 1015 2632 1090 2661; x_wconf 84' lang='lat'>718.</span> <span class='ocrx_word' id='word_1_299' title='bbox 1118 2632 1217 2661; x_wconf 77' lang='lat' dir='ltr'>Tarda</span> <span class='ocrx_word' id='word_1_300' title='bbox 1227 2632 1409 2672; x_wconf 50' lang='lat' dir='ltr'>perficienda</span> <span class='ocrx_word' id='word_1_301' title='bbox 1423 2631 1534 2671; x_wconf 74' lang='grc' dir='ltr'>ηιυνιι.]</span> <span class='ocrx_word' id='word_1_302' title='bbox 1554 2630 1630 2660; x_wconf 78' lang='lat' dir='ltr'>Pro-</span> 
     </span>
    </p>
   </div>
   <div class='ocr_carea' id='block_1_7' title="bbox 962 2679 1629 2722">
    <p class='ocr_par' dir='ltr' id='par_1_20' title="bbox 962 2679 1629 2722">
     <span class='ocr_line' id='line_1_50' title="bbox 962 2679 1629 2722; baseline -0.001 -13"><span class='ocrx_word' id='word_1_303' title='bbox 962 2682 1060 2716; x_wconf 58' lang='lat' dir='ltr'>,jin-re</span> <span class='ocrx_word' id='word_1_304' title='bbox 1075 2680 1238 2721; x_wconf 72' lang='lat' dir='ltr'>Scioppius</span> <span class='ocrx_word' id='word_1_305' title='bbox 1253 2680 1309 2710; x_wconf 91' lang='lat' dir='ltr'>lib.</span> <span class='ocrx_word' id='word_1_306' title='bbox 1326 2679 1369 2710; x_wconf 87' lang='lat' dir='ltr'>iii.</span> <span class='ocrx_word' id='word_1_307' title='bbox 1384 2680 1527 2722; x_wconf 84' lang='lat' dir='ltr'>Suspect.</span> <span class='ocrx_word' id='word_1_308' title='bbox 1541 2680 1629 2710; x_wconf 86' lang='lat' dir='ltr'>Lect.</span> 
     </span>
    </p>
   </div>
   <div class='ocr_carea' id='block_1_8' title="bbox 973 2727 1631 2770">
    <p class='ocr_par' dir='ltr' id='par_1_21' title="bbox 973 2727 1631 2770">
     <span class='ocr_line' id='line_1_51' title="bbox 973 2727 1631 2770; baseline 0.002 -13"><span class='ocrx_word' id='word_1_309' title='bbox 973 2740 1042 2770; x_wconf 69' lang='lat' dir='ltr'>vap.</span> <span class='ocrx_word' id='word_1_310' title='bbox 1062 2729 1215 2759; x_wconf 75' lang='lat' dir='ltr'>20.‹10‹-‹=t</span> <span class='ocrx_word' id='word_1_311' title='bbox 1232 2740 1247 2759; x_wconf 80' lang='lat' dir='ltr'>a</span> <span class='ocrx_word' id='word_1_312' title='bbox 1260 2730 1410 2760; x_wconf 68' lang='lat' dir='ltr'>Cicerone</span> <span class='ocrx_word' id='word_1_313' title='bbox 1426 2735 1455 2759; x_wconf 77' lang='lat' dir='ltr'>et</span> <span class='ocrx_word' id='word_1_314' title='bbox 1473 2728 1542 2759; x_wconf 81' lang='lat' dir='ltr'>aliis</span> <span class='ocrx_word' id='word_1_315' title='bbox 1560 2727 1631 2769; x_wconf 89' lang='lat' dir='ltr'>poni</span> 
     </span>
    </p>
   </div>
  </div>
 </body>
</html>
