1760 3172
217 161 272 201 16
600 158 650 198 P.
685 157 900 199 OVIDII
940 157 1218 198 NASONIS

224 276 351 320 Sunt
375 283 540 321 tamen
567 282 616 320 et
640 274 817 328 doctae,
842 273 1089 319 rarissima
1113 274 1272 327 turba,
1301 272 1503 335 puellae:

291 350 461 397 Altera
486 366 582 397 non
607 350 766 396 doctae
793 350 953 404 turba,
981 351 1069 396 sed
1095 366 1205 397 esse
1230 350 1414 396 volunt.

232 427 451 489 Utraque
477 427 738 473 laudentur
764 442 851 489 per
876 426 1115 474 carmina:
1156 427 1375 473 carmina
1399 427 1554 473 lector

293 504 625 550 Commendet
648 503 780 549 dulci
807 503 1191 566 qualiacumque
1217 519 1354 550 sono.

231 581 320 627 llis
346 597 479 643 erg0‚
508 587 592 627 aut
618 580 728 635 illis,
756 580 1010 642 vigilatum
1036 596 1235 627 carmen
1262 580 1309 625 in
1336 579 1486 642 ipsas,
1513 581 1610 624 285

297 658 520 704 Forsitan
546 657 712 719 exigui
739 658 955 704 muneris
982 658 1134 704 instar
1159 656 1266 704 erit.

232 734 312 790 At,
335 735 470 797 quod
496 735 590 781 eris
616 750 705 797 per
728 741 778 781 te
803 734 1044 791 facturus3
1086 742 1136 781 et
1160 734 1279 780 utile
1301 733 1478 788 credis,

297 811 355 857 Id
381 818 467 858 tua
490 818 538 857 te
564 810 711 857 facito
737 827 933 874 semper
958 811 1118 857 amica
1142 817 1297 872 roget.

234 887 457 935 Libertas
483 887 629 934 alicui
654 886 800 934 fuerit
824 887 1069 950 promissa
1092 894 1316 942 tuorum;

299 963 443 1010 Hanc
469 971 635 1010 tamen
661 979 690 1010 a
713 963 915 1010 domina
941 962 1017 1010 fac
1044 970 1183 1026 petat
1206 963 1288 1010 ille
1313 963 1413 1009 tua.

1519 964 1616 1008 290

236 1041 288 1088 Si
313 1057 511 1105 poenam
536 1057 692 1096 servo,
721 1040 761 1087 si
785 1041 983 1087 vincula
1007 1056 1138 1087 saeva
1156 1039 1382 1095 remittiS,

300 1118 446 1173 Quod
470 1118 688 1166 facturus
714 1134 838 1174 eras,
866 1118 1048 1165 debeat
1072 1118 1156 1164 illa
1178 1117 1285 1164 tibi.

237 1195 438 1242 Utilitas
463 1202 550 1242 tua
574 1195 659 1242 sit:
700 1195 871 1241 titulus
896 1195 1106 1241 donetur
1131 1194 1318 1241 amicae.

302 1271 464 1318 Perde
487 1271 630 1318 nihil:
671 1278 836 1334 partes
863 1272 946 1318 illa
970 1272 1189 1335 potentis
1215 1278 1345 1333 agat.

238 1348 339 1395 Sed
357 1355 422 1404 te,
444 1348 743 1409 cuicumque
764 1354 841 1394 est
865 1348 1135 1394 retinendae
1157 1363 1277 1394 cura
1300 1347 1496 1411 puellae,
1523 1348 1620 1393 295

302 1424 583 1471 Attonitum
608 1423 764 1470 forma
788 1423 864 1471 fac
891 1432 1034 1488 putet
1058 1441 1169 1472 esse
1194 1427 1304 1472 sua.

240 1501 354 1548 Sive
380 1501 472 1548 erit
496 1501 546 1547 in
570 1500 751 1564 Tyriis,
778 1501 956 1564 Tyrios
982 1503 1206 1549 laudabis
1233 1502 1464 1549 amictus:

306 1577 420 1624 Sive
445 1577 537 1624 erit
561 1577 610 1623 in
638 1577 773 1632 Cois,
803 1577 909 1625 Co'ei
934 1579 1111 1626 decere
1137 1586 1259 1642 puta
1280 1597 1289 1627 :

238 1653 426 1700 Aurata
449 1660 540 1709 est,
567 1654 675 1717 ipso
696 1653 786 1700 tibi
809 1654 872 1701 sit
895 1655 1156 1718 pretiosior
1181 1672 1322 1703 auro:

307 1730 545 1794 Gausapa
569 1731 609 1777 si
634 1731 827 1787 sumsit,
854 1748 1077 1796 gausapa
1101 1740 1266 1780 sumta
1289 1733 1461 1796 proba.

282 1957 358 1987 294.
378 1956 485 1986 Partes
498 1957 553 1986 illa
568 1958 694 1995 potentis
705 1957 805 1998 agat]
825 1958 898 1989 Non

238 2004 337 2047 potuit
373 2004 440 2034 haec
481 2004 657 2045 intelligere
694 2006 898 2037 Gallicanum

239 2053 317 2084 illud
333 2052 468 2094 Crispini
492 2063 655 2089 cacumen,
680 2054 734 2095 qui
756 2057 897 2094 potentis,

240 2101 346 2132 divitis
372 2101 521 2143 explicat,
542 2102 631 2143 cujus
657 2109 704 2133 est
727 2103 814 2139 dare,
841 2115 901 2135 non

240 2151 393 2192 accipere.
439 2151 517 2187 Quis
540 2151 646 2192 paullo
667 2151 817 2183 literatior
840 2165 902 2185 non

242 2199 399 2240 intelligat
428 2206 562 2230 mentem
585 2201 686 2241 poeta:
711 2212 777 2232 csse
801 2202 901 2241 hanc3

242 2249 285 2278 ita
300 2249 366 2279 liaec
381 2258 475 2279 scena
498 2254 618 2289 agatur,
635 2255 668 2280 ut
690 2249 745 2280 illa
761 2250 902 2282 videatur

241 2297 345 2328 omnia
361 2308 379 2328 a
394 2303 424 2328 te
436 2308 524 2339 posse
539 2298 714 2339 impetrare,
727 2299 821 2330 etiam
831 2311 900 2341 quae

242 2354 275 2377 tu
291 2357 372 2387 oegre
387 2346 586 2382 concedei-QS,
604 2346 661 2378 nisi
685 2347 903 2389 deprecaretur

244 2406 297 2436 pro
312 2406 399 2425 servo
411 2401 441 2425 et
451 2394 521 2425 aliis
536 2395 655 2433 amica3
673 2395 717 2426 ita
728 2396 782 2427 illa
794 2404 904 2438 potens

244 2445 284 2474 sit
299 2444 382 2486 apud
395 2449 424 2474 te
435 2443 553 2486 specie,
569 2455 640 2475 cum
652 2444 747 2475 etiam
759 2445 826 2477 sine
839 2447 905 2489 ejus

244 2493 387 2534 precibus
412 2503 466 2534 per
488 2497 519 2523 te
545 2493 602 2524 lioc
625 2492 762 2524 facturus
783 2494 905 2526 fuisses.

247 2542 363 2572 BuuM.

289 2591 365 2621 298.
390 2590 457 2620 Sive
481 2593 538 2621 erit
563 2593 594 2622 in
617 2592 698 2628 Co'is,
723 2593 781 2623 Coa·
804 2596 905 2625 decere

244 2639 348 2680 palm]
376 2639 426 2669 De
444 2640 511 2670 Cois
525 2643 652 2672 vestibus
666 2642 790 2673 abunde
805 2649 834 2674 te
850 2643 903 2674 do-

247 2699 315 2720 cere
331 2695 473 2730 poterunt
489 2689 703 2722 eruditissima:
718 2692 903 2724 Broukhusii

1528 1736 1625 1780 300

966 1959 997 1990 in
1011 1960 1149 2001 Propert.
1166 1959 1221 1990 lib.
1236 1959 1257 1989 i.
1276 1959 1366 2000 Eleg.
1380 1958 1424 1990 iii.
1441 1960 1474 1989 2.
1492 1964 1584 1995 notae,
1597 1966 1628 1990 et

967 2020 1044 2050 quos
1076 2009 1119 2039 ibi
1153 2008 1282 2039 adducit
1315 2014 1466 2039 auctores.
1512 2009 1628 2040 Burni.

968 2058 1094 2099 Ubique
1112 2057 1174 2089 fere
1192 2058 1251 2089 Coa
1270 2059 1356 2088 vestis
1370 2068 1425 2099 pro
1440 2058 1628 2099 bombycina

970 2107 1134 2149 accipitur,
1147 2113 1178 2138 et
1192 2107 1224 2137 in
1241 2107 1287 2138 Co
1303 2107 1405 2138 insula
1414 2107 1527 2138 eadem
1541 2108 1628 2138 bom-

968 2156 1083 2196 bycina
1109 2156 1236 2192 fiebant,
1261 2162 1295 2186 ut
1325 2155 1446 2186 Plinius
1469 2155 1572 2192 docet,
1596 2157 1628 2187 ii.

970 2205 1022 2235 23.
1045 2204 1206 2241 Ceterum,
1229 2205 1359 2236 diversae
1386 2205 1496 2236 insulae
1523 2206 1576 2237 Cos
1599 2212 1629 2237 et

972 2254 1053 2284 Ceos.
1101 2253 1219 2284 Ama.

1013 2303 1088 2333 300.
1115 2303 1257 2343 Gausapa
1284 2305 1307 2333 si
1333 2303 1464 2343 sumsit]
1506 2303 1628 2345 Agnos-

970 2357 1044 2382 cunt
1057 2352 1116 2382 tria
1127 2352 1332 2383 Grammatici
1344 2365 1350 2383 ε
1378 2353 1531 2394 Gausapa,
1545 2354 1629 2384 Gau-

969 2412 1047 2440 sapa,
1062 2401 1249 2441 Gausapum.
1276 2402 1348 2433 Fuit
1360 2403 1579 2434 vestimentum
1593 2414 1630 2434 ex

971 2449 1079 2491 pingui
1103 2461 1139 2480 ac
1159 2451 1258 2481 densa
1278 2451 1349 2482 lana
1371 2458 1580 2494 compactum,
1600 2460 1631 2484 et

973 2508 1010 2528 ex
1036 2509 1098 2529 una
1117 2505 1237 2530 tantum
1259 2506 1346 2542 parte
1367 2501 1535 2539 villosum,·
1560 2513 1630 2533 nam

974 2547 1057 2588 quod
1081 2548 1225 2590 utrinque
1243 2548 1333 2580 villos
1350 2549 1497 2587 habebat,
1518 2552 1632 2590 amphi-

972 2597 1095 2627 mallum
1128 2608 1228 2639 graece
1266 2598 1385 2630 dictum
1413 2605 1470 2631 est.
1500 2600 1631 2636 Plinius,

974 2644 1036 2676 viii.
1052 2646 1104 2676 49.
1149 2647 1266 2678 ΑΜΑΠ.
