1760 3172
198 174 254 214 ⁶24
590 172 640 212 P.
675 171 887 213 0V1D11
923 170 1202 212 NASONIS

207 287 478 334 Luxuriant
503 287 650 333 animi
673 287 819 332 rebus
845 285 1139 348 plerumque
1165 287 1424 343 secundis;

272 363 380 410 Nec
405 363 547 411 facile
572 371 648 410 est
674 362 816 425 aequa
842 362 1104 409 commoda
1128 370 1294 410 mente
1320 364 1438 426 pati.

207 440 278 488 Ut
301 441 420 488 levis
447 440 688 488 absumtis
713 439 971 504 paullatim
996 439 1180 486 viribus
1206 440 1334 502 ignis

272 515 389 580 Ipse
414 517 550 571 latet,
578 532 770 564 summo
796 516 978 563 candet
1002 516 1051 562 in
1077 515 1190 577 igne
1215 516 1368 563 cinis:
1491 518 1590 563 440

209 593 310 640 Sed
334 600 500 640 tamen
526 593 772 640 extinctas
798 592 998 639 admoto
1023 591 1208 639 sulfure
1233 592 1458 639 flammas

271 668 493 727 Invenit;
533 677 583 717 et
605 670 789 725 lumen,
817 669 952 732 quod
977 668 1069 716 fuit
1094 676 1225 725 ante,
1252 669 1412 716 redit:

209 745 309 801 Sic,
336 746 420 793 ubi
446 746 587 810 pigra
610 747 708 793 situ
733 762 1009 809 securaque
1033 752 1239 809 pectora
1261 752 1477 809 torpent,

244 851 251 856 -
272 821 486 871 Acribus
511 830 588 870 est
611 822 821 870 stimulis
847 822 1120 870 eliciendus
1146 837 1299 869 amor.

209 898 308 946 Fac
333 898 506 946 timeat
529 900 591 947 de
615 906 681 955 te,
701 899 1026 963 tepidamque
1047 899 1291 947 recalface
1314 905 1559 946 mentem:

273 974 465 1023 Palleat
489 975 670 1024 indicio
694 976 912 1023 criminis
938 976 1021 1024 illa
1044 975 1134 1023 tui.
1494 977 1592 1023 446

208 1051 251 1098 Ο
279 1059 469 1115 quater,
492 1060 543 1100 et
559 1053 755 1117 quoties
777 1070 981 1101 numero
999 1052 1356 1116 comprendere
1377 1068 1476 1099 non
1495 1058 1588 1109 est,

275 1130 509 1187 Felicem,
537 1132 599 1178 de
625 1147 724 1194 quo
748 1132 868 1179 laesa
891 1131 1061 1195 puella
1085 1129 1247 1178 dolet!

209 1205 348 1263 Quae,
376 1207 522 1254 simul
546 1207 722 1255 invitas
748 1208 934 1255 crimen
959 1207 1185 1271 pervenit
1209 1206 1272 1253 ad
1298 1221 1457 1261 aures,

277 1282 478 1330 Excidit
498 1302 508 1340 ;
549 1291 599 1331 et
623 1285 814 1332 miserae
838 1300 1038 1347 voxque
1063 1284 1300 1346 colorque
1324 1281 1468 1345 fugit.
1498 1285 1597 1330 450

212 1358 302 1407 Ille
327 1375 419 1422 ego
444 1360 553 1416 sim,
581 1362 724 1424 cujus
748 1361 901 1407 laniet
925 1360 1110 1408 furiosa
1132 1359 1367 1423 capillos:

278 1435 369 1483 Ille
393 1453 485 1499 ego
512 1437 620 1493 sim,
646 1445 843 1484 teneras
868 1436 949 1484 cui
973 1443 1113 1500 petat
1137 1451 1305 1498 ungue
1330 1451 1510 1498 genas:

213 1511 374 1566 Quem
397 1513 564 1560 videat
581 1514 867 1561 lacrimans:
901 1529 1051 1576 quem
1071 1513 1221 1560 torvis
1245 1519 1443 1576 spectet
1465 1512 1596 1560 ocel-

283 1588 395 1644 Quo
421 1590 527 1638 sine
552 1606 649 1637 non
675 1590 835 1654 possit
858 1589 1048 1647 vivere;
1089 1605 1238 1653 posse
1262 1589 1396 1636 velit.
1417 1622 1422 1626 -
1492 1589 1598 1651 [lisz

215 1665 268 1713 Si
293 1666 507 1729 spatium
533 1682 754 1729 quaeras3
793 1667 942 1714 breve
966 1666 1045 1722 sit,
1068 1682 1170 1729 quo
1197 1666 1318 1712 laesa
1338 1673 1596 1729 queratur:

280 1742 359 1789 Ne
383 1742 518 1790 lenta
543 1744 670 1790 vires
696 1744 897 1807 colligat
917 1744 988 1791 ira
1012 1744 1164 1790 mora.
1266 1772 1277 1782 ·
1500 1746 1597 1791 456

215 1819 443 1867 Candida
460 1821 755 1882 jamdudum
782 1822 1042 1883 cingantur
1067 1821 1196 1867 colla
1218 1820 1446 1868 lacertis:

280 1895 442 1958 Inque
466 1903 577 1943 tuos
603 1897 727 1944 flens
753 1904 829 1945 est
854 1897 1147 1961 accipienda
1170 1896 1324 1943 sinus.

217 1971 404 2019 Oscula
427 1973 492 2019 da
516 1973 681 2020 flenti:
721 1972 930 2020 Veneris
957 1973 1021 2020 da
1045 1973 1228 2036 gaudia
1251 1972 1405 2020 flenti.

280 2048 390 2096 Pax
415 2049 534 2096 erit:
574 2050 668 2097 hoc
693 2067 790 2097 uno
816 2051 1021 2098 solvitur
1045 2051 1117 2098 ira
1140 2051 1304 2098 modO.
1500 2052 1599 2097 460

218 2124 347 2171 Cum
372 2125 500 2172 bene
524 2126 748 2182 saevierit,
777 2142 890 2174 cum
916 2135 1053 2175 certa
1074 2127 1321 2174 videbitur
1344 2126 1529 2184 hostis;

281 2200 408 2248 Tum
434 2209 549 2265 pete
573 2203 867 2251 concubitus
893 2204 1104 2252 foedera:
1145 2204 1278 2251 mitis
1302 2203 1410 2251 erit.

259 2309 336 2340 441.
360 2309 485 2340 Admota
495 2309 642 2350 sulfura]
670 2310 759 2340 Unus
774 2310 870 2341 Pata·
983 2312 1058 2342 448.
1088 2310 1245 2352 Felicem]
1269 2309 1412 2342 Tibul.i.
1428 2310 1470 2341 xi.
1486 2310 1539 2341 64.

216 2357 316 2393 vinus,
341 2369 468 2394 carcere,
487 2358 571 2388 unde
590 2359 777 2400 conjiciebat
798 2359 871 2390 olim
1249 2360 1365 2394 Quater
1379 2360 1431 2389 ille
1445 2360 1557 2395 beatus,

217 2406 364 2438 Heinsius
379 2419 387 2445 3
417 2414 512 2438 amoto
537 2419 676 2438 carcere:
709 2414 743 2439 ut
766 2419 873 2439 carcer
988 2409 1055 2443 Quo
1071 2415 1174 2439 tenera
1190 2409 1354 2450 iratoflere
1365 2409 1469 2447 puella
1482 2413 1586 2447 potest.

215 2456 255 2487 sit
277 2458 362 2493 ciuis,
383 2467 402 2487 a
422 2467 485 2498 quo
507 2456 588 2499 ignis
608 2458 750 2488 obsessus
772 2463 803 2488 et
825 2457 872 2487 in·
1425 2456 1556 2487 Douza.

217 2505 342 2535 clusus:
376 2503 459 2546 quod
486 2508 592 2536 tamen
616 2512 760 2546 argutum
784 2505 874 2536 nimis
995 2507 1070 2537 451.
1107 2506 1245 2546 Laniet.]
1285 2505 1398 2545 Rapiat
1427 2505 1489 2536 duo
1518 2505 1599 2543 libri,

216 2553 331 2584 fatetur
345 2554 351 2583 !
377 2555 636 2596 Admotoflamine
651 2554 787 2596 Neapol.
813 2555 872 2585 Pro
940 2555 1023 2595 quod
1038 2555 1158 2586 suriosae
1182 2565 1243 2585 non
1258 2555 1339 2585 male
1357 2554 1515 2585 convenit.
1531 2554 1598 2585 vid.

206 2604 359 2643 flammas,
388 2605 476 2634 toedas
504 2603 641 2634 habebat
663 2603 871 2644 Argentinen-
940 2603 1042 2645 Epist.
1059 2615 1090 2634 x.
1109 2605 1160 2634 16.
1177 2609 1209 2634 et
1227 2603 1315 2634 alibi.
1332 2614 1403 2634 mox
1428 2603 1600 2635 Vossianus

216 2652 268 2682 sis.
314 2652 424 2693 Inepte
449 2653 563 2688 omnia,
588 2662 644 2683 nec
670 2663 740 2694 quae
770 2658 872 2683 tantos
940 2659 971 2683 et
994 2652 1241 2693 Argentinensis,
1257 2654 1307 2683 cui
1331 2659 1404 2683 secet
1425 2663 1527 2694 ungue
1547 2664 1598 2694 ge-

216 2700 294 2732 viros
310 2701 358 2732 vel
375 2702 508 2742 proferre
524 2701 692 2733 decuisset.
748 2702 869 2733 Anum.
940 2712 1003 2732 nas.
1019 2701 1083 2732 vid.
1102 2701 1203 2744 Epist.
1219 2714 1249 2733 v.
1268 2703 1321 2732 72.
1368 2703 1486 2733 Boniu-
