1760 3172
202 204 259 244 22
592 201 641 242 P.
675 200 888 242 OVIDII
921 199 1201 241 NASONIS

210 316 464 371 Audierat,
494 315 717 378 Lyrnesi,
744 323 872 369 tuos,
901 314 1134 368 abducta,
1163 313 1387 367 dolores;

280 392 521 455 Bellaque
547 407 634 455 per
659 399 828 455 turpes
854 391 1047 452 longius
1073 390 1171 437 isse
1197 404 1375 436 moras.

213 468 334 515 Haec
359 475 525 515 tamen
552 468 773 515 audierat
795 485 804 514 :
845 466 1130 513 Priameida
1154 466 1343 512 viderat
1367 465 1545 527 ipsam.

276 545 448 592 Victor
473 560 580 592 eras
607 544 786 607 praedae
814 544 983 606 praeda
1007 543 1242 606 pudenda
1267 549 1382 588 tuae.

1497 543 1594 586 406

213 620 336 668 Inde
360 621 699 684 Thyestiaden
723 620 1042 681 thalamoque
1068 618 1334 680 animoque
1360 616 1577 679 recepit;

280 697 346 745 Et
370 698 497 745 male
522 705 816 761 peccantem
841 696 1086 760 Tyndaris
1113 696 1217 743 ulta
1239 695 1413 742 virum.

214 773 338 828 Quae
364 774 491 820 bene
516 774 707 829 celaris,
735 774 774 819 si
802 774 904 836 qua
930 780 1096 820 tamen
1126 779 1238 819 acta
1261 772 1521 835 patebunt,

282 849 375 897 Illa
398 851 512 897 licet
536 856 755 914 pateant,
781 856 835 895 tu
860 856 1028 896 tamen
1052 864 1213 911 usque
1238 863 1382 910 nega.

1500 849 1598 892 410

215 926 343 973 Tum
368 943 531 990 neque
556 928 829 989 subjectUS,
857 926 1000 973 solito
1026 941 1117 973 nec
1143 926 1372 972 blandior
1397 932 1520 971 esto.

283 1003 405 1050 Haec
432 1004 580 1051 animi
605 1004 815 1050 multum
841 1004 983 1066 signa
1007 1003 1230 1050 nocentis
1255 1002 1456 1049 habent.

219 1080 319 1127 Sed
344 1080 484 1127 lateri
510 1096 600 1128 nec
626 1096 773 1144 parce
798 1087 899 1127 tuo.
940 1096 1040 1143 pax
1065 1079 1224 1126 omnis
1251 1079 1300 1124 in
1325 1094 1423 1124 uno

284 1157 596 1204 Concubitu:
637 1157 770 1220 prior
794 1156 887 1202 hoc
914 1156 1181 1203 inficianda
1204 1155 1392 1202 Venus.

220 1233 364 1289 Sunt,
391 1233 476 1295 qui
502 1232 794 1296 praeci‘piant
818 1233 1015 1288 herbas,
1043 1232 1273 1287 satureia,
1302 1238 1539 1278 nocentes

287 1309 521 1357 Sumere:
562 1310 781 1372 (judiciis
808 1311 903 1356 ista
926 1326 1115 1357 venena
1138 1309 1304 1369 meis.)

1505 1311 1604 1355 416

218 1385 321 1432 Aut
345 1385 486 1448 piper
511 1386 681 1432 urticae
707 1386 950 1433 mordacis
977 1386 1165 1433 semine
1190 1386 1428 1442 miscent3

284 1461 522 1525 Tritaque
546 1462 596 1508 in
621 1478 805 1510 annoso
830 1463 957 1510 flava
981 1464 1218 1528 pyrethra
1240 1479 1394 1510 mero.

223 1538 324 1585 Sed
352 1538 461 1585 Dea
485 1555 584 1585 non
608 1539 793 1603 patitur
818 1540 888 1586 sic
915 1540 976 1587 ad
1003 1557 1094 1587 sua
1118 1540 1299 1603 gaudia
1324 1539 1452 1601 cogi,

287 1614 427 1662 Colle
452 1616 544 1662 sub
569 1616 802 1663 umbroso
828 1633 978 1679 quam
1004 1624 1141 1664 tenet
1165 1617 1294 1664 altus
1321 1615 1479 1679 Eryx.
1502 1618 1601 1662 420

264 1754 339 1785 405.
359 1753 546 1790 Priameia
559 1754 634 1795 &c.]
652 1754 875 1791 Cassandram,

224 1813 318 1843 quam
339 1812 444 1833 secum
461 1802 587 1834 Atrides
604 1803 787 1836 abduxerat.
804 1804 878 1835 Vid.

224 1850 369 1892 AEschyl.
399 1857 431 1882 et
455 1852 566 1882 Senee.
595 1852 627 1882 in
648 1853 878 1894 Agamemnone.

225 1900 343 1930 Ama.

267 1949 340 1979 407.
354 1947 430 1978 Inde
442 1948 668 1990 Thyestiaden]
681 1949 881 1991 AEgysthum,

225 1996 370 2038 Thyestis
385 1996 496 2027 filium.
542 1997 658 2027 Anna.

275 2047 349 2077 409.
381 2046 413 2075 Si
435 2046 524 2086 qum]
551 2046 583 2076 Si
611 2058 674 2086 quoe
703 2046 823 2087 Regius
852 2054 883 2078 et

228 2100 360 2135 quatuor
390 2094 455 2125 alii.
490 2101 575 2136 puto,
609 2097 632 2125 si
664 2097 726 2125 cui.
763 2096 882 2127 Hiems.

231 2143 299 2177 Qud
313 2149 360 2174 est
375 2142 505 2178 dictum,
524 2148 557 2173 ut
576 2144 679 2184 aliqud
701 2145 776 2179 alid,
795 2151 826 2175 et
842 2145 883 2175 si-

229 2191 329 2222 milia.
345 2191 415 2221 vide
430 2191 531 2233 ipsum
548 2191 659 2222 Heius.
676 2192 715 2222 ad
731 2191 775 2222 iii.
792 2193 884 2224 Tn'st.

230 2240 274 2270 iv.
299 2241 350 2271 75.
383 2240 423 2270 Et
445 2251 499 2270 nos
517 2240 556 2270 ad
578 2240 706 2277 Quinct.
726 2242 818 2272 Deci.
842 2242 883 2273 vi.

233 2289 283 2319 16.
300 2294 331 2320 et
346 2288 421 2319 xvii.
439 2291 472 2319 5.
489 2295 520 2319 et
536 2289 623 2319 alibi.
671 2290 786 2320 Burni.

274 2338 348 2369 415.
381 2337 459 2368 Sunt
487 2339 538 2378 qui
566 2340 743 2378 proecipiant
772 2340 884 2375 herbas,

229 2387 375 2422 satureia,
407 2393 542 2417 nocentes
571 2387 701 2423 Sumere,
729 2388 806 2428 &c.]
836 2388 885 2418 Ita

232 2435 357 2477 quidem
379 2435 519 2476 plerique
547 2435 665 2477 legunt,
696 2443 726 2467 et
753 2439 885 2467 satureia

232 2484 345 2525 plurali
370 2485 547 2515 accusativo
573 2484 690 2515 dictum
719 2486 887 2527 accipiunt.

233 2533 380 2563 Ceterum
405 2533 479 2575 quia
501 2533 584 2574 apud
607 2533 753 2570 Plinium,
775 2540 805 2565 et
827 2535 888 2565 Co-

231 2581 391 2612 lumellam
407 2582 493 2618 item,
507 2584 640 2613 satureia
660 2582 821 2613 foeminino
836 2593 888 2623 ge-

233 2640 316 2665 nere,
338 2640 374 2660 ac
400 2630 498 2671 prima
523 2630 733 2661 declinatione
757 2641 886 2673 usurpa-

233 2684 302 2708 tur:
327 2677 377 2709 hic
396 2685 500 2709 autem
524 2689 649 2710 necesse
667 2685 714 2710 est
734 2679 816 2710 idern
832 2690 885 2710 no-

233 2737 303 2757 men
331 2727 508 2757 accusativo
541 2738 614 2758 casu
649 2727 732 2769 poni,
764 2734 887 2769 propter

946 1756 1076 1786 verbum
1093 1755 1250 1794 Praecepit,
1267 1761 1298 1785 et
1311 1755 1363 1796 qui
1383 1753 1494 1796 reliqui
1517 1763 1610 1784 casus

947 1805 986 1835 ab
1015 1814 1052 1835 eo
1080 1803 1279 1845 dependent:
1314 1803 1499 1839 videndum,
1531 1812 1605 1833 num

946 1853 1046 1894 magis
1058 1852 1096 1883 de
1112 1853 1225 1892 Satyrii
1247 1852 1343 1883 herba
1358 1852 1409 1882 hic
1424 1852 1511 1882 locus
1527 1851 1609 1882 acci-

947 1901 1079 1943 piendus
1111 1901 1168 1932 sit:
1203 1901 1434 1943 legendumque
1470 1901 1609 1942 Sutyrea,

951 1960 969 1981 a
992 1950 1148 1992 primitivo
1177 1949 1286 1990 Satyro
1314 1950 1449 1981 deducto
1475 1949 1611 1982 nomine.

951 2000 1079 2030 Mrcx'x..

995 2049 1067 2078 417.
1096 2048 1234 2089 Unica]
1262 2048 1445 2089 Conjecerat
1459 2048 1546 2083 olim,
1566 2048 1608 2078 E-

951 2109 1031 2128 rucae
1041 2096 1200 2133 Heinsius,
1211 2097 1265 2128 sed
1277 2103 1385 2138 postea
1396 2097 1529 2127 mutavit
1541 2108 1610 2127 sen·

951 2147 1092 2177 tentiam.
1142 2146 1258 2176 Contra
1282 2146 1344 2176 vim
1372 2145 1491 2186 frigoris
1515 2146 1609 2177 etiam

952 2206 1057 2225 semen
1095 2194 1211 2225 Urticae
1247 2194 1441 2225 commendat
1479 2196 1613 2225 Serenus

951 2244 1109 2274 Sammon.
1125 2242 1229 2274 Carm.
1243 2255 1274 2273 x.
1292 2243 1330 2273 de
1343 2243 1409 2284 ejus
1423 2243 1451 2273 vi
1467 2243 1507 2274 ad
1519 2254 1612 2274 vene·

952 2303 1016 2323 rem
1042 2291 1238 2322 excitandam
1260 2292 1323 2333 egit
1350 2292 1381 2322 in
1407 2292 1523 2323 insanis
1549 2292 1612 2323 suis

953 2339 1182 2371 commentariis
1195 2340 1235 2370 ad
1250 2340 1428 2371 Petronium
1442 2340 1612 2377 Lotichius,

952 2389 1006 2419 lib.
1022 2389 1055 2419 ii.
1073 2399 1143 2430 cap.
1164 2390 1210 2420 16.
1257 2390 1372 2420 Brun.

999 2439 1071 2468 420.
1098 2438 1180 2468 Colle
1194 2440 1246 2468 sub
1260 2438 1417 2478 umbrosa]
1445 2438 1560 2469 Nescio
1573 2449 1613 2469 an

955 2497 1016 2516 non
1045 2486 1134 2517 ulcus
1157 2486 1263 2517 lateat.
1309 2488 1391 2528 Eryx
1417 2487 1498 2517 enirn
1526 2498 1614 2518 mons

955 2536 1048 2566 altus.
1077 2534 1140 2565 vid.
1167 2535 1205 2566 ad
1230 2536 1331 2577 Epist.
1350 2547 1401 2567 xv.
1420 2537 1474 2567 57.
1501 2537 1613 2568 anille

956 2584 1015 2614 sub
1037 2584 1117 2614 colle
1133 2584 1228 2615 habet
1243 2586 1417 2627 templum?
1441 2596 1480 2616 an
1498 2586 1531 2617 in
1548 2586 1614 2627 ipso

953 2637 1056 2663 monte
1077 2633 1207 2664 eminuit
1222 2634 1398 2670 colliculus,
1413 2634 1445 2665 in
1459 2646 1520 2676 quo
1536 2642 1613 2666 tem-

954 2680 1058 2722 plum?
1085 2681 1199 2711 Burin.
1224 2683 1273 2713 De
1293 2690 1395 2715 monte
1416 2684 1527 2724 Eryce.
1544 2684 1614 2714 vide

956 2728 1120 2769 Polybium
1136 2730 1158 2760 l.
1175 2731 1197 2760 i.
1216 2741 1245 2761 c.
1264 2732 1316 2762 58.
