1760 3172
398 168 587 213 ARTIS
620 168 977 212 AMATORIAE
1011 171 1131 212 LIB.
1167 171 1259 213 III.
1470 172 1527 214 49

126 281 228 330 Sed
248 284 366 347 quia
384 287 547 334 cultus
568 287 733 344 adest;
768 303 859 334 nec
879 294 1074 334 nostros
1093 288 1276 334 mansit
1296 289 1345 334 in
1366 303 1520 335 annos

193 359 486 420 Rusticitas,
514 364 690 428 priscis
716 364 801 411 illa
825 372 1079 428 superstes
1106 365 1226 411 avis.

120 436 223 484 Vos
246 454 448 503 quoque
473 457 572 488 non
597 442 724 488 caris
751 458 894 489 aures
916 436 1118 490 onerate
1143 442 1341 506 lapillis,

190 513 330 569 Quos
355 518 476 580 legit
500 519 549 565 in
574 519 715 566 viridi
737 520 938 567 decolor
964 519 1120 567 Indus
1147 520 1293 583 aqua.

1428 523 1519 566 130

123 589 232 638 Nec
259 595 452 657 prodite
478 612 652 658 graves
678 597 844 644 insuto
869 597 1091 659 vestibus
1117 613 1263 644 auro:

187 673 287 721 Per
312 687 437 734 quas
463 689 552 720 nos
578 673 765 737 petitis,
794 690 928 737 saepe
954 673 1153 736 fugatis,
1181 689 1320 737 opeS.

119 750 383 798 Munditiis
409 751 663 814 capimur:
704 767 801 797 non
828 751 927 797 sint
952 751 1058 798 sine
1082 752 1193 813 lege
1219 750 1404 814 capilli.

182 827 411 876 Admotae
426 827 634 874 formam
650 827 873 890 dantque
894 835 1180 891 negantque
1201 844 1396 875 manus.
1422 829 1512 873 134

120 905 230 953 Nec
256 922 414 968 genus
439 906 641 953 ornatus
674 921 827 952 unum
854 913 952 953 est:
995 906 1130 969 quod
1156 921 1411 969 quamque
1431 905 1517 951 de-

187 982 376 1046 Eligat;
407 989 457 1030 et
477 982 738 1046 speculum
764 983 992 1030 consulat
1011 989 1127 1030 ante
1147 999 1308 1030 suum.
1342 981 1515 1043 [cebit‚

122 1061 295 1123 Longa
319 1061 499 1125 probat
521 1060 675 1108 facies
701 1061 880 1124 capitis
906 1060 1195 1107 discrimina
1220 1059 1358 1124 puri:

185 1139 269 1186 Sic
295 1145 400 1187 erat
424 1139 608 1186 ornatis
636 1138 908 1186 Laodamia
933 1139 1110 1186 comis.

114 1215 369 1280 Exiguum
393 1217 590 1264 summa
616 1217 801 1264 nodum
827 1218 922 1265 sibi
946 1217 1108 1266 fronte
1134 1217 1365 1281 relinqui,

187 1294 258 1342 Ut
280 1300 485 1358 pateant
510 1311 670 1352 aures,
697 1312 784 1344 ora
808 1297 1020 1344 rotunda
1043 1296 1231 1343 volunt.

1424 1295 1517 1339 140

118 1371 337 1419 Alterius
364 1372 524 1419 crines
550 1373 756 1420 humero
776 1374 1029 1437 jactentur
1053 1381 1285 1435 utroque.

186 1448 321 1496 Talis
347 1465 400 1497 es
426 1450 678 1506 adsumta,
707 1451 900 1498 Phoebe
926 1467 1123 1506 canore,
1149 1450 1274 1513 lyra.

116 1525 290 1574 Altera
314 1527 583 1574 succinctae
609 1528 846 1590 religetur
872 1544 1007 1575 more
1038 1527 1231 1582 Dianae,

183 1603 253 1652 Ut
279 1605 419 1660 solet,
447 1606 683 1653 attonitas
709 1622 824 1653 cum
848 1606 975 1670 petit
1000 1605 1084 1652 illa
1107 1604 1253 1652 feras.

115 1679 246 1729 Huic
271 1682 418 1730 decet
441 1683 637 1730 inflatos
662 1684 776 1730 laxe
795 1683 1016 1746 jacuisse
1041 1682 1276 1746 capillos:

1420 1682 1510 1726 145

183 1758 278 1806 Illa
301 1759 366 1806 sit
390 1760 641 1807 adstrictis
669 1761 987 1825 impedienda
1011 1760 1185 1807 comis.

118 1833 263 1883 Hanc
288 1836 457 1900 placet
481 1838 641 1885 ornari
666 1838 921 1885 testudine
949 1838 1222 1902 Cyllenea:

183 1914 441 1964 Sustineat
465 1916 651 1964 similes
677 1917 911 1964 fluctibus
938 1916 1021 1963 illa
1046 1916 1199 1962 sinus.

162 2083 236 2115 131.
261 2082 368 2116 Insuto
378 2086 506 2117 vestibus
517 2086 621 2128 αυτ-0.]
642 2086 782 2118 Insutum

117 2137 256 2164 rectum:
281 2134 346 2175 agit
365 2134 448 2166 enim
471 2135 511 2166 de
527 2136 666 2167 vestibus
684 2136 783 2178 Phry—

116 2180 188 2222 giis.
204 2183 336 2215 Tertull.
352 2184 372 2215 i.
389 2184 428 2215 de
444 2184 523 2216 cult.
541 2187 572 2216 9.
620 2186 739 2217 Euam.

163 2233 234 2265 137.
258 2234 365 2277 Longa
374 2236 590 2277 probatfacies
605 2238 710 2277 capitis
725 2239 785 2268 dis-

116 2283 245 2313 crimina
269 2285 371 2325 puri]
409 2285 558 2322 Discreti,
582 2286 649 2317 sine
675 2292 785 2318 ornatu

118 2331 194 2368 ullo,
210 2343 268 2364 nec
290 2339 396 2365 tamen
416 2334 482 2366 sine
499 2340 575 2372 arte,
592 2336 712 2378 capilli,
728 2348 785 2378 pu-

117 2380 210 2412 ellam
221 2382 345 2421 decent‚
360 2384 410 2415 cui
421 2384 519 2416 facies
528 2385 677 2426 oblonga.
693 2386 785 2416 Idem

116 2441 230 2470 purum
247 2439 349 2473 caput,
366 2433 451 2475 quod
470 2434 596 2465 omnino
609 2434 786 2465 nudum.-—-

119 2479 320 2513 Discrimina.
352 2482 428 2514 Vid.
453 2493 539 2525 supr.
566 2483 623 2514 lib.
650 2483 684 2514 ii.
709 2485 784 2514 303.

118 2527 238 2561 Ama.

164 2579 235 2610 139.
260 2579 414 2621 Exiguum
438 2592 552 2612 summa
578 2581 719 2622 nodum]
747 2582 785 2612 Id

118 2631 166 2658 est
187 2627 315 2669 exiguos
335 2629 449 2661 nodos:
475 2641 537 2661 non
560 2630 644 2661 enim
660 2630 699 2661 de
726 2642 786 2662 uno

119 2675 199 2707 nodo
215 2676 327 2718 agitur.
351 2681 441 2710 nodos
456 2690 510 2721 pro
524 2680 605 2710 flexo
623 2679 656 2710 in
678 2680 787 2710 orbem

119 2725 245 2767 capillo,
263 2731 294 2756 et
307 2727 395 2759 tortis
413 2728 567 2759 cincinnis
583 2728 697 2771 posuit²

167 2778 266 2811 VOL.
283 2780 333 2811 Il.

1420 1915 1511 1959 148

898 2088 968 2118 141.
996 2087 1101 2117 Crines
1117 2081 1438 2125 humerojactentur.]
1457 2081 1519 2113 Ta-

852 2137 914 2168 lem
931 2135 1087 2178 Apollinis
1110 2145 1207 2166 unam
1221 2140 1252 2165 et
1268 2133 1399 2164 alteram
1413 2143 1451 2163 ex
1463 2142 1518 2163 an-

853 2186 949 2227 tiquis
985 2184 1197 2216 monumentis
1233 2182 1404 2223 imaginem
1433 2181 1522 2212 dedit

854 2234 996 2265 Broukh.
1008 2234 1047 2264 ad
1055 2234 1172 2264 Tibull.
1180 2232 1224 2263 iii.
1233 2232 1323 2273 Eleg.
1331 2231 1372 2262 iv.
1380 2242 1458 2262 vers.
1468 2232 1520 2262 27.

900 2285 971 2315 147.
999 2284 1159 2314 Testudine
1185 2281 1360 2323 Cyllenea]
1386 2281 1437 2311 De
1454 2281 1520 2311 Ga-

854 2334 929 2370 lero,
955 2344 1017 2375 quo
1044 2332 1152 2374 capilli
1177 2338 1328 2373 tanquam
1356 2329 1472 2371 vagina
1489 2335 1521 2360 et

853 2383 1000 2426 operculo
1023 2382 1278 2417 includebantur,
1294 2379 1379 2422 capit
1398 2379 1520 2410 Salma-

852 2433 916 2463 sius
932 2433 972 2462 ad
985 2431 1116 2462 Tertull.
1131 2430 1267 2461 Pallium
1282 2440 1353 2472 pag.
1369 2430 1443 2460 353.
1465 2428 1520 2459 sed

852 2481 1010 2523 praecipue
1027 2487 1102 2523 puto
1118 2480 1270 2522 respicere
1290 2480 1372 2510 hunc
1389 2478 1519 2521 capillo-

852 2543 918 2562 rum
930 2531 1076 2573 positum,
1088 2537 1122 2561 ut
1138 2540 1232 2572 supra
1242 2535 1337 2571 caput
1348 2529 1380 2559 in
1392 2528 1520 2559 modum

852 2581 927 2622 lyrae
944 2581 993 2612 vel
1008 2580 1136 2611 citharae
1156 2584 1274 2620 surgat,
1288 2578 1334 2609 ita
1349 2577 1428 2608 utin
1441 2577 1521 2608 duas

854 2630 944 2671 quasi
965 2630 1031 2661 alas
1056 2634 1225 2661 cresceret:
1251 2628 1306 2659 illa
1331 2628 1414 2659 enim
1430 2629 1520 2670 Lyrae

856 2680 966 2710 forma.
1014 2680 1130 2709 ssunm.

902 2731 974 2760 148.
995 2729 1054 2760 Illa
1070 2729 1183 2769 sinus]
1201 2729 1358 2760 Junianus
1370 2735 1401 2760 et
1412 2730 1520 2761 Schef-

983 2783 1009 2812 E
