1760 3172
191 188 277 229 244
580 185 631 225 P.
665 182 875 225 OVIDlI
911 180 1192 224 NASONIS

196 302 493 365 injicietque
518 315 720 346 manum
746 298 913 344 formae
938 297 1180 343 damnosa
1204 302 1452 350 senectus,
1517 297 1580 341 35

261 378 404 434 Quae,
433 377 696 440 strepitum
722 391 873 438 passu
900 390 997 420 non
1022 372 1250 429 faciente,
1276 371 1426 419 venit.

193 455 463 518 Quumque
479 453 658 516 aliquis
674 452 835 499 dicet:
867 450 961 498 fuit
975 450 1081 497 haec
1097 449 1340 505 formosa3
1372 447 1580 501 dolebis,

260 531 328 579 Et
350 531 612 594 speculum
639 528 853 576 mendax
880 543 991 574 esse
1017 542 1225 590 querere
1249 533 1407 572 tuum.

195 608 326 655 Sunt
336 608 425 656 tibi
435 624 557 671 opes
569 606 794 661 modicae,
809 619 963 668 quum
976 603 1043 651 sis
1056 601 1349 664 dignissima
1363 600 1579 663 magnis:

262 685 419 747 Finge
445 685 535 732 sed
560 682 814 730 immensis
841 681 1074 728 censibus
1099 695 1211 727 esse
1236 694 1398 742 pares.
1520 679 1585 722 40

197 761 394 826 Nempe
420 761 508 808 dat
532 761 582 807 id
607 760 909 821 cuicumque
933 758 1058 805 libet
1081 756 1294 811 fortuna,
1321 754 1552 818 rapitque
1572 769 1582 800 :

264 839 375 886 Irus
401 845 451 886 et
476 845 553 886 est
578 837 760 893 subito,
789 835 875 899 qui
901 835 1048 882 modo
1075 833 1280 880 Croesus
1306 839 1428 879 erat.

201 916 411 978 Singula
435 915 557 978 quid
582 913 826 962 referam?
865 912 932 958 nil
958 927 1057 958 non
1082 909 1291 957 mortale
1315 916 1561 962 tenemus,

264 993 490 1041 Pectoris
516 991 744 1055 exceptis
770 989 1059 1053 ingeniique
1084 987 1244 1035 bonis.

200 1071 277 1118 En
303 1087 414 1133 ego,
437 1086 592 1133 quum
617 1062 778 1132 patria
801 1082 1014 1123 caream,
1035 1065 1294 1127 vobisque,
1322 1064 1589 1125 domoque,

268 1148 536 1211 Raptaque
561 1147 676 1203 sint,
705 1144 854 1193 adimi
881 1160 993 1207 quae
1019 1149 1242 1207 potuere,
1269 1141 1419 1196 mihi3
1525 1139 1589 1184 46

202 1225 410 1287 Ingenio
435 1231 603 1272 tamen
628 1223 736 1287 ipse
762 1238 873 1270 meo
898 1221 1210 1283 comitorque
1234 1219 1496 1281 fruorque:

269 1302 441 1349 Caesar
466 1301 516 1348 in
541 1301 635 1347 hoc
661 1300 825 1364 potuit
842 1298 969 1362 juris
994 1299 1179 1345 habere
1204 1295 1344 1344 nihil.

202 1378 428 1433 Quilibet
452 1379 581 1425 hanc
607 1394 737 1424 saevo
762 1377 914 1424 vitam
939 1376 1060 1423 mihi
1083 1374 1224 1422 finiat
1247 1390 1382 1429 ense,

269 1455 356 1502 Me
381 1462 550 1502 tamen
575 1454 827 1502 exstincto
852 1453 984 1501 fama
1009 1460 1262 1517 superstes
1288 1451 1408 1499 erit:
1528 1452 1592 1496 50

205 1532 442 1596 Dumque
467 1532 569 1579 suis
593 1531 771 1579 victrix
797 1547 996 1578 omnem
1022 1531 1085 1577 de
1110 1529 1363 1577 montibus
1389 1528 1559 1575 orbem

271 1609 553 1674 Prospiciet
576 1608 822 1656 domitum
849 1607 1035 1655 Martia
1060 1607 1239 1663 Roma,
1266 1606 1419 1669 legar.

204 1687 279 1734 Tu
306 1703 525 1750 quoque,
554 1703 705 1750 quam
731 1687 881 1733 studii
907 1692 1109 1734 maneat
1131 1683 1321 1731 felicior
1344 1698 1480 1739 usus,

272 1764 452 1827 Effuge
476 1770 727 1820 venturos,
755 1779 856 1826 qua
880 1770 1040 1827 potes,
1068 1777 1229 1825 usque
1255 1776 1417 1823 rogos.

249 1905 301 1935 35.
318 1903 441 1943 Iry'iciet
452 1903 700 1944 manusformoe.]
726 1903 868 1933 Formam
937 1907 1000 1932 tate
1016 1912 1082 1937 sua,
1099 1901 1130 1931 in
1146 1900 1249 1931 medio
1264 1899 1458 1930 miseriarum
1474 1909 1599 1930 suarum

204 1953 263 1984 sibi
278 1952 463 1988 vindicabit,
479 1958 511 1982 et
525 1958 647 1994 turpem
663 1951 783 1982 reddet.
937 1951 1123 1982 consolatur.
1167 1951 1271 1981 Poxr.

249 2003 304 2033 36.
341 2003 493 2032 Damnosa
524 2001 684 2041 senectus]
719 2001 870 2031 Senectus

206 2062 276 2094 quae
302 2051 435 2093 juvenes
463 2051 577 2082 damno
604 2049 721 2081 adficit.
773 2050 870 2081 Passa

206 2101 411 2144 nonfaciente
429 2103 597 2140 strepitum..
643 2099 681 2130 Id
698 2106 755 2135 est,
771 2099 870 2141 gradu

207 2150 261 2192 qui
279 2161 340 2181 non
359 2149 502 2181 sentitur.
548 2149 679 2191 Obrepit
703 2149 786 2179 enim
810 2159 870 2179 non

207 2199 368 2230 intellecta
383 2204 539 2229 senectus.

251 2249 306 2278 41.
338 2247 398 2278 Ed.
424 2253 486 2278 vet.
517 2246 626 2286 Nempe
650 2248 702 2277 dat
728 2254 756 2277 et
779 2248 870 2287 quod-

208 2309 342 2338 cumque.
386 2297 431 2328 Ex
459 2307 521 2327 uno
544 2295 691 2327 Mediceo
715 2296 869 2338 rescripsit

209 2348 319 2379 Heins.
336 2348 512 2386 cuicumque
525 2356 560 2376 ac
576 2345 645 2376 loco
661 2352 689 2376 et
703 2345 870 2376 rescribere

204 2399 312 2439 jubet:
340 2398 390 2426 has
406 2402 459 2426 aut
477 2402 521 2425 ut.
568 2395 653 2426 Irum
668 2395 761 2426 fuisse
784 2405 868 2425 men—

208 2447 324 2481 dicum,
340 2451 371 2476 et
387 2446 543 2480 Croesum,
560 2455 665 2485 regem
687 2444 805 2485 Lydiae,
824 2443 871 2474 di-

209 2496 372 2530 tissimum,
408 2494 488 2524 inter
521 2504 628 2524 ornnes
666 2498 798 2524 constat.
832 2493 870 2523 cf.

212 2545 350 2586 Propert.
368 2544 410 2574 iii.
427 2545 456 2574 3.
473 2544 525 2573 39.
576 2543 724 2573 Hmurs.

253 2596 306 2625 45.
339 2594 380 2623 En
403 2594 485 2634 rga]
512 2593 606 2623 Tollit
630 2593 784 2623 interdum
807 2592 869 2634 spi-

210 2651 285 2674 ritus
304 2650 405 2685 poeta,
423 2649 449 2669 ct
476 2653 504 2668 se
531 2642 720 2683 i⁸a‚spc1·ala
749 2640 868 2672 antemi.

981 2001 1032 2031 47.
1056 2000 1213 2042 Compara
1228 1998 1492 2040 elegantissimam
1505 1996 1601 2039 ρησιν

938 2049 1021 2092 apud
1038 2050 1177 2092 Propert.
1196 2049 1240 2079 iii.
1256 2048 1278 2079 i.
1292 2048 1433 2080 55—64.
1452 2053 1483 2078 et
1506 2058 1599 2090 supra

938 2099 982 2130 iii.
998 2100 1030 2129 3.
1046 2099 1098 2130 78.
1114 2100 1236 2129 comitor
1250 2098 1282 2128 h.
1296 2098 1318 2129 l.
1334 2096 1469 2139 passive,
1484 2096 1600 2139 ἀρχαϊ-

939 2151 1012 2185 κῶς.
1041 2159 1070 2178 ν.
1100 2147 1321 2188 Lauremberg.
1354 2146 1509 2187 antiquar.
1538 2146 1596 2176 sub

939 2198 972 2227 h.
995 2209 1025 2228 v.
1070 2198 1120 2228 Sic
1144 2199 1297 2228 comitavit
1324 2196 1363 2227 de
1388 2196 1480 2227 Pont.
1503 2195 1549 2227 iii.
1566 2197 1597 2228 2.

939 2248 991 2278 33.
1009 2253 1039 2278 et
1061 2246 1148 2278 alibi.
1168 2246 1249 2277 conf.
1265 2245 1419 2287 Heusing.
1438 2245 1478 2276 ad
1495 2245 1600 2276 Vech-

940 2297 1003 2327 neri
1021 2296 1177 2328 Hellenol.
1193 2307 1265 2338 pag.
1283 2296 1356 2326 116.
1403 2296 1552 2327 HAnLEs.

982 2347 1034 2377 53.
1070 2346 1165 2380 Quam
1203 2346 1297 2375 studii
1332 2351 1448 2375 maneat
1472 2344 1601 2387 felicior

941 2395 1037 2435 usus]
1064 2395 1143 2431 Quae
1170 2394 1286 2424 habeas
1309 2393 1478 2424 feliciorem
1501 2393 1596 2424 fortu-

941 2455 1011 2475 nam
1026 2455 1061 2475 ex
1079 2443 1190 2474 studiis
1207 2443 1346 2485 poeticis,
1357 2453 1452 2485 quam
1469 2454 1527 2485 ego
1543 2443 1598 2474 ha-

941 2493 1004 2524 bui.

984 2544 1035 2573 54.
1055 2543 1121 2577 Qua
1137 2542 1244 2582 parem]
1274 2542 1368 2576 Quam
1386 2547 1455 2573 octo
1473 2546 1600 2572 veteres.

942 2592 1048 2623 s'odex
1068 2593 1107 2625 A,
1124 2603 1212 2632 quum
1229 2604 1235 2622 ,·
1262 2591 1358 2621 codex
1378 2592 1415 2627 B,
1431 2602 1510 2631 quos.
