1760 3172
225 167 309 208 418

612 167 662 207 Ρ.
696 165 905 207 OVIDII
940 164 1220 206 NASONIS

229 282 525 344 Mirarisque
550 282 688 338 alios,
717 293 870 344 quum
897 280 964 326 sis
988 279 1226 326 mirabilis
1251 279 1374 343 ipse,

295 358 403 406 Nec
429 360 619 406 lateant
642 366 789 414 artes,
817 357 1172 420 eloquiumque
1195 363 1352 403 tuum.

1546 360 1609 402 40

225 435 297 483 Te
316 437 554 500 juvenum
579 436 828 500 princeps,
855 435 935 482 cui
960 435 1046 482 dat
1070 434 1338 481 Germania
1361 449 1557 490 nomen,

293 512 597 577 Participem
624 511 772 559 studii
800 511 970 558 Caesar
993 511 1175 558 habere
1200 511 1351 557 solet:

226 589 301 636 Tu
323 606 489 637 comes
516 589 767 652 antiquus,
785 595 838 635 tu
857 588 1028 652 primis
1047 588 1253 650 junctus
1279 588 1341 635 ab
1368 587 1524 642 annis,

292 666 500 730 Ingenio
524 682 686 714 mores
711 665 1066 730 aequiparante,
1094 665 1259 729 places
1281 683 1291 714 :

226 743 298 791 Te
323 744 521 792 dicente
540 743 692 806 plius,
719 742 774 789 fit
798 742 1021 806 protinus
1047 742 1261 806 impetus
1287 742 1385 799 illi;

1546 743 1608 787 45

293 820 466 884 Teque
491 822 658 878 habet,
687 820 856 868 elicias
884 821 968 892 qui
995 836 1085 867 sua
1107 820 1257 867 verba
1280 820 1396 867 tuis.

230 898 398 953 Quum
423 906 477 946 tu
503 899 693 955 desisti,
720 898 1049 962 mortaliaque
1074 914 1159 946 ora
1182 898 1429 961 quierunt,

294 976 581 1040 Clausaque
606 993 705 1024 non
728 977 878 1039 longa
901 976 1186 1024 conticuere
1212 991 1364 1030 mora,

229 1053 399 1116 Surgit
424 1052 563 1100 Iuleo
582 1053 779 1116 juvenis
805 1053 1101 1116 cognomine
1125 1052 1321 1115 dignus,

293 1130 468 1185 Qualis
494 1131 556 1177 ab
585 1129 703 1178 Eois
730 1130 926 1179 Lucifer
951 1137 1088 1178 ortus
1113 1130 1274 1194 aquis.

1546 1131 1609 1177 50

229 1207 464 1270 Dumque
490 1207 639 1255 silens
661 1208 840 1265 adstat,
860 1215 1018 1255 status
1039 1214 1116 1255 est
1132 1208 1399 1270 vultusque
1420 1205 1608 1262 diserti,

296 1284 553 1349 Spemque
579 1285 764 1333 decens
790 1285 951 1332 doctae
976 1286 1110 1332 vocis
1138 1284 1348 1332 amictus
1372 1284 1540 1331 habet.

227 1361 368 1418 Mox,
385 1362 467 1409 ubi
485 1363 630 1426 pulsa
647 1379 783 1411 mora
798 1369 889 1419 est,
908 1369 1058 1426 atque
1078 1379 1132 1409 os
1149 1362 1351 1410 coeleste
1372 1362 1605 1416 solutum,

294 1438 404 1486 Hoc
433 1439 687 1504 Superos
671 1457 809 1504 Jures
834 1457 969 1489 more
995 1441 1154 1488 solere
1178 1440 1344 1503 loqui:

225 1515 410 1579 Atque,
426 1517 533 1564 haec
553 1524 645 1574 est,
664 1518 818 1574 dicas,
836 1518 1065 1566 facundia
1083 1518 1307 1582 plincipe
1329 1517 1503 1580 digna;
1544 1519 1606 1564 55

293 1592 507 1658 Eloquio
531 1601 725 1643 tantum
749 1595 1023 1644 nobilitatis
1048 1595 1203 1643 inest!

226 1669 358 1717 Huic
382 1678 436 1718 tu
461 1688 616 1735 quum
642 1674 860 1736 placeaS‚
888 1681 938 1722 et
960 1674 1146 1722 vertice
1172 1672 1334 1720 sidera
1356 1678 1548 1734 tangas,

295 1747 493 1812 Scripta
516 1755 684 1797 tamen
708 1750 902 1814 profugi
926 1751 1053 1798 vatis
1078 1750 1309 1797 habenda
1332 1756 1495 1813 putaS.

230 1824 433 1873 Scilicet
457 1826 670 1890 ingeniis
696 1827 864 1891 aliqua
887 1835 964 1875 est
988 1827 1252 1875 concordia
1268 1826 1474 1889 junctis,

293 1901 360 1948 Et
385 1910 546 1950 servat
568 1904 719 1951 studii
745 1904 930 1953 foedera
953 1906 1169 1969 quisque
1194 1905 1285 1952 sui.

269 2034 320 2063 45.
339 2033 378 2063 Te
398 2035 514 2066 dicente
532 2035 645 2075 prius]
666 2036 710 2066 Te
726 2036 810 2078 prius
826 2037 882 2068 de-

226 2082 391 2113 clamante.
439 2083 490 2113 Fit
514 2085 652 2123 protinus
675 2086 801 2124 impetus
824 2087 885 2117 illi.

226 2131 284 2162 Vis
307 2131 493 2172 eloquentiae
520 2133 622 2164 subito
643 2133 675 2163 in
697 2134 885 2167 Germanico

226 2180 381 2211 exoritur:
410 2187 441 2212 et
470 2182 625 2213 excitatur
654 2182 810 2225 cupiditas
838 2184 884 2215 di-

225 2230 316 2261 cendi
345 2236 377 2261 et
403 2237 432 2261 te
460 2231 617 2272 aequandi.
665 2232 760 2273 Teque
789 2233 884 2265 habet.

226 2280 266 2310 Et
280 2278 375 2311 habet
389 2280 421 2310 in
437 2286 467 2311 te
483 2280 594 2311 studiis
607 2280 758 2323 praevium
772 2281 884 2314 ducem

226 2334 257 2359 et
274 2329 362 2370 quasi
379 2330 510 2361 alterum
526 2336 758 2372 praeceptorem,

269 2379 323 2409 47.
339 2379 540 2420 mortaliaque
555 2391 606 2410 ora
617 2380 787 2421 quierunt]
801 2379 885 2411 Mor—

226 2428 300 2458 talia
330 2428 480 2469 adpellat,
504 2436 539 2459 ut
567 2428 711 2460 ostendat
737 2429 884 2461 Salanum

225 2477 395 2513 mortalem,
407 2477 630 2509 Germanicum
646 2489 717 2510 vero
729 2478 885 2510 Caesarem

225 2524 330 2556 divum
346 2526 450 2558 fuisse.

270 2576 322 2605 48.
341 2575 543 2616 Conticuere]
561 2576 629 2607 Hoc
647 2577 775 2608 verbum
791 2588 850 2608 non
866 2588 885 2609 a

227 2626 366 2661 conticeo,
383 2626 467 2666 quod
486 2636 640 2667 nusquam
659 2625 781 2667 legitur,
796 2627 849 2658 sed
865 2637 884 2658 a

227 2675 387 2705 conticesco
403 2674 497 2706 venit.
534 2675 626 2706 C1or.

271 2722 322 2752 49.
337 2723 490 2764 luterus]
509 2723 729 2755 Germanicus.

1545 1907 1609 1951 60

995 2039 1047 2069 52.
1060 2037 1200 2077 Spemque
1214 2039 1317 2067 docens
1337 2038 1427 2066 ἀοι-τω
1444 2038 1520 2066 vocis
1535 2039 1609 2066 ami-

951 2098 1002 2118 cus
1018 2086 1131 2126 haben]
1159 2086 1236 2116 Haec
1251 2084 1341 2115 nihili
1356 2090 1446 2115 sunt:
1471 2085 1608 2126 quinque

952 2141 1070 2166 veteres
1099 2137 1212 2166 decens.
1256 2134 1362 2164 Scribe
1391 2133 1532 2174 Spemque
1559 2136 1609 2165 de-

950 2195 1018 2215 cens
1029 2187 1120 2215 doctae
1135 2187 1210 2214 vocis
1221 2185 1346 2214 amictus
1361 2183 1456 2214 habet.
1487 2183 1526 2214 In
1542 2183 1610 2226 ipso

952 2233 1067 2264 amictu
1092 2243 1128 2264 ac
1150 2238 1224 2274 toga
1250 2232 1397 2263 decenter
1421 2232 1610 2274 complicata

947 2282 1014 2324 jam
1042 2293 1112 2325 spes
1140 2288 1187 2313 est
1214 2281 1342 2313 eruditae
1370 2282 1464 2313 vocis.
1508 2283 1610 2320 Quin-

952 2330 1080 2363 tilianus
1106 2331 1221 2373 aliique
1249 2331 1322 2362 artis
1343 2331 1483 2363 oratoriae
1509 2332 1608 2374 magi-

951 2380 1016 2416 stri,
1031 2390 1091 2411 non
1109 2379 1271 2411 minimum
1288 2379 1399 2412 referre
1424 2391 1478 2412 nos
1496 2380 1608 2413 docent

951 2429 991 2460 ad
1016 2429 1315 2461 commendationem
1339 2430 1478 2467 oratoris,
1502 2437 1537 2462 ut
1562 2437 1608 2463 to-

950 2489 1022 2520 gam
1035 2479 1182 2510 decenter
1197 2486 1373 2521 componat.
1405 2479 1521 2511 mes.

995 2530 1046 2560 53.
1073 2528 1193 2569 Pulsa]
1220 2529 1252 2559 h.
1267 2539 1294 2560 e.
1321 2529 1418 2560 finita.
1454 2530 1607 2572 Verpoor-

950 2577 1034 2608 tenio
1051 2577 1199 2609 adludere
1210 2578 1331 2609 videtur
1346 2578 1386 2609 ad
1397 2578 1523 2610 Ulixem
1540 2579 1605 2610 Ho-

951 2627 1100 2658 mericum
1117 2627 1210 2659 Iliad.
1226 2627 1266 2670 γ’.
1281 2628 1355 2659 216.
1367 2629 1442 2659 224.
1458 2629 1606 2661 Hmzmzs.

993 2679 1046 2707 59.
1064 2677 1354 2719 Ingeniisjunctis]
1380 2678 1517 2719 Ingeniis
1532 2689 1605 2710 con-

945 2725 1063 2765 junctis
1090 2733 1121 2757 et
1145 2726 1297 2768 colligatis
1323 2727 1354 2758 in
1381 2727 1486 2769 aliqua
1509 2727 1603 2758 disci-
