1760 3172
324 177 415 218 EX
449 176 660 218 PONTO
696 175 814 216 LIB.
849 175 912 216 II.
947 175 1139 217 EPIST.
1173 175 1308 217 VIII.

1425 178 1510 219 427

126 293 259 348 Quid
284 292 462 340 nostris
489 291 661 347 oculis,
690 291 781 337 nisi
809 290 913 337 sola
938 291 1123 353 palatia
1146 291 1363 338 desunt?

193 369 290 424 Qui
316 370 471 424 locus,
499 369 665 415 ablato
694 368 910 423 Caesare,
935 368 1044 414 vilis
1070 368 1177 415 erit.

130 446 274 495 Hunc
301 462 393 509 ego
419 462 573 511 quum
600 452 838 509 spectem,
855 445 1023 492 videor
1041 445 1162 492 mihi
1187 461 1389 493 cernere
1411 446 1510 494 Ro-

193 523 324 572 Nam
349 523 520 587 patriae
545 523 722 570 faciem
748 523 961 570 sustinet
984 523 1066 570 ille
1093 539 1210 570 suae.

1328 525 1480 585 [mani
1500 542 1509 571 :

128 601 324 649 Fallor?
362 617 425 649 an
449 600 560 648 irati
586 601 706 647 mihi
732 608 848 648 sunt
872 600 921 647 in
947 600 1160 663 imagine
1184 601 1367 657 vultus,
1450 604 1507 647 21

191 678 452 742 Torvaque
477 678 647 726 nescio
674 678 795 741 quid
820 677 976 726 forma
1000 678 1235 725 minantis
1261 678 1446 725 habet?

125 755 300 812 Parce,
326 755 399 803 vir
422 755 664 802 immenso
689 756 846 818 major
870 755 1135 802 virtutibus
1162 755 1296 811 orbe,

189 831 220 879 J
225 840 436 896 ustaque
460 832 693 880 vindictae
720 833 973 897 supprime
1000 833 1105 879 lora
1129 839 1244 879 tuae.

126 910 302 967 Parce,
329 926 521 975 precor,
549 910 680 958 saecli
709 910 864 958 decus
890 910 1155 957 indelebile
1180 908 1363 966 nostri3
1449 912 1512 955 25

191 987 453 1035 Terrarum
478 988 733 1035 dominum
759 1004 908 1051 quem
934 1004 1024 1035 sua
1048 1003 1166 1034 cura
1189 986 1323 1034 facit.
1403 1008 1419 1030 st

128 1064 227 1112 Per
250 1065 421 1129 patriae
447 1081 644 1120 nomen,
672 1073 782 1127 quae
807 1072 856 1112 te
881 1065 972 1112 tibi
997 1065 1155 1112 carior
1179 1065 1288 1128 ipso
1315 1054 1406 1119 est,

193 1141 292 1189 Per
317 1157 575 1205 nunquam
601 1142 775 1189 surdos
801 1143 851 1189 in
876 1148 963 1189 tua
986 1149 1101 1189 vota
1127 1141 1290 1199 Deos;

126 1217 327 1282 Perque
351 1220 444 1266 tori
471 1220 673 1276 sociam,
702 1236 813 1283 quae
838 1236 926 1283 par
950 1219 1040 1266 tibi
1073 1220 1178 1266 sola
1202 1225 1398 1282 reperta
1421 1224 1514 1273 est,

194 1295 261 1343 Et
286 1296 365 1344 cui
391 1298 625 1360 majestas
651 1314 748 1344 non
775 1313 985 1345 onerosa
1009 1304 1095 1343 tua
1119 1303 1218 1353 est3

1453 1299 1516 1342 30

127 1374 327 1436 Perque
352 1374 441 1422 tibi
469 1374 681 1422 similem
705 1374 899 1422 virtutis
926 1373 1141 1436 imagine
1168 1380 1357 1428 natum,

193 1450 421 1498 Moribus
447 1451 649 1513 agnosci
677 1451 762 1514 qui
788 1459 904 1498 tuus
931 1468 1040 1498 esse
1066 1457 1260 1515 potest;

125 1527 326 1591 Perque
351 1534 463 1576 tuos
488 1529 561 1577 vel
587 1545 692 1585 avo,
719 1530 796 1577 vel
821 1529 998 1592 dignos
1026 1536 1166 1593 patre
1192 1535 1417 1591 nepoteS,

195 1604 293 1659 Qui
318 1606 523 1653 veniunt
547 1623 728 1668 magno
753 1622 840 1670 per
864 1614 950 1653 tua
970 1614 1085 1653 vota
1111 1606 1295 1668 gradu3

128 1682 280 1729 Parte
300 1682 433 1729 leves
455 1682 659 1731 minima
677 1690 871 1730 nostras
893 1690 943 1731 et
962 1684 1198 1730 contrahe
1216 1699 1412 1746 poenas3
1453 1685 1515 1729 35

195 1759 391 1822 Daque,
409 1760 582 1823 procul
609 1760 848 1824 Scythico
874 1760 959 1825 qui
979 1760 1043 1807 sit
1069 1761 1130 1806 ab
1157 1760 1314 1816 hoste,
1332 1760 1513 1806 locum.

130 1835 195 1883 Et
215 1842 317 1892 tua,
347 1836 388 1883 si
412 1835 487 1883 fas
512 1844 605 1893 est,
634 1853 663 1884 a
689 1837 890 1885 Caesare
916 1837 1143 1900 proxime
1171 1836 1358 1892 Caesar,

200 1912 421 1961 Numina
446 1913 546 1961 sint
568 1915 801 1978 precibus
827 1931 926 1962 non
951 1915 1151 1964 inimica
1174 1915 1315 1962 meis.

174 2047 223 2078 18.
247 2048 354 2078 Ablata
369 2047 511 2088 Caesare.]
537 2048 652 2079 Amoto
664 2048 787 2091 Augus-

128 2101 170 2132 to,
186 2096 276 2138 cujus
297 2097 463 2139 praesentia
481 2097 627 2129 nobilitat
646 2099 792 2130 Romana

127 2145 259 2187 palatia,
274 2152 305 2178 et
321 2151 418 2178 totam
433 2147 554 2178 urbem.

172 2195 227 2225 ⁴24.
252 2195 410 2235 Supprime
429 2195 558 2238 frema]
586 2195 703 2226 Coerce
732 2195 792 2226 ira—

128 2244 275 2275 cundiam
290 2249 378 2275 tuam
392 2256 454 2286 qua
465 2245 579 2276 videris
590 2245 792 2276 exardescere

129 2293 169 2324 ad
184 2303 234 2324 me
248 2293 391 2324 acerbius
406 2293 614 2336 puniendum.
661 2294 764 2325 Poxr.

173 2344 225 2374 25,
250 2344 349 2374 Parce
359 2355 448 2384 puer,
468 2346 546 2375 soeclz'
568 2343 684 2384 decus]
713 2344 792 2374 Pue-

129 2403 198 2423 rum
227 2392 421 2435 accipiamus
448 2404 510 2425 non
538 2393 640 2424 aetatis
676 2392 793 2424 ratione

129 2441 262 2478 dictum,
280 2447 316 2473 ut
332 2443 386 2484 qui
396 2443 464 2485 jam
484 2454 578 2485 prope
599 2442 794 2485 quinquage—

129 2491 234 2522 narius
255 2498 350 2529 esset,
368 2503 466 2534 quum
489 2493 622 2524 Ovidius
642 2493 794 2533 relegare-

131 2546 180 2571 tur
193 2552 201 2579 ;
224 2541 278 2572 sed
293 2542 343 2572 vel
358 2548 481 2584 propter
497 2542 625 2584 picturae
646 2541 794 2583 speciem,

132 2589 192 2625 vel,
209 2590 292 2630 quod
315 2591 516 2632 probabilius,
531 2596 695 2633 propterea
710 2591 793 2632 quod

132 2648 228 2680 nuper
244 2638 321 2669 adeo
337 2645 406 2681 post
420 2646 550 2671 mortem
570 2641 605 2670 L.
621 2645 653 2671 et
668 2641 706 2671 C.
723 2640 794 2671 Cae-

131 2697 235 2718 sarum
258 2688 388 2724 scilicet,
404 2688 437 2719 in
455 2689 512 2720 filii
534 2689 637 2721 locum
662 2690 701 2720 ab
725 2689 793 2719 Au-

133 2742 222 2777 gusto
248 2736 414 2780 adoptatus
436 2738 553 2770 fuisset.
600 2740 643 2770 Ut
668 2749 796 2780 puerum

857 2050 1058 2093 accipiamus,
1077 2049 1167 2091 quasi
1188 2048 1286 2079 filium
1306 2047 1433 2079 alterius
1449 2048 1518 2079 Cae-

856 2099 943 2136 saris,
967 2099 1025 2131 hoc
1057 2105 1115 2135 est,
1141 2097 1288 2139 Augusti,
1313 2098 1518 2139 adpellatum.

857 2149 983 2179 MmYL.
1031 2149 1125 2179 Puer.
1170 2148 1262 2177 More
1305 2147 1428 2182 Graeco‚
1467 2144 1519 2187 qui

859 2198 954 2230 etiam
982 2197 1116 2233 adultos,
1139 2195 1261 2233 παῖδας
1277 2201 1409 2235 vocant3
1436 2195 1519 2237 quod

861 2248 980 2279 Latinis
993 2248 1157 2278 familiare.

907 2298 1015 2332 Parce,
1043 2296 1176 2336 pret-oin]
1225 2294 1276 2324 Sic
1314 2294 1394 2324 bene
1431 2293 1521 2323 resti-

860 2347 920 2379 tuit
935 2346 1082 2377 Heinsius
1107 2356 1145 2376 ex
1169 2355 1231 2375 uno
1248 2344 1420 2376 Vossiano:
1446 2343 1519 2373 hinc

861 2396 974 2427 corruit
1009 2395 1144 2437 suspicio
1172 2393 1309 2435 Micylli‚
1338 2393 1421 2434 quod
1449 2398 1522 2423 ante

860 2458 936 2486 puer
961 2446 992 2475 h.
1009 2456 1037 2476 e.
1055 2444 1197 2475 Tiberius
1220 2443 1392 2483 legebatur,
1407 2441 1452 2472 uti
1476 2447 1523 2472 est

862 2504 985 2536 quoque
1000 2494 1033 2524 in
1049 2495 1161 2524 Bavar.
1176 2498 1208 2523 et
1222 2491 1339 2522 Erfurt.
1353 2502 1459 2522 versus
1474 2491 1521 2521 fu-

862 2544 922 2574 isse
939 2543 1152 2584 transpositos.
1198 2541 1349 2571 HARLEs.

904 2594 956 2623 30.
982 2593 1022 2622 Et
1046 2595 1095 2622 cui
1119 2590 1280 2631 majestas]
1307 2591 1347 2620 Et
1371 2600 1452 2631 quae,
1475 2589 1522 2620 in-

861 2642 940 2685 quit,
966 2642 1163 2683 majestatem
1190 2646 1275 2671 tuam
1303 2644 1405 2681 potest
1429 2639 1519 2674 ferre,

863 2692 913 2722 vel
936 2701 1005 2732 quae
1029 2701 1061 2721 se
1082 2690 1209 2720 nutibus
1227 2690 1289 2719 tuis
1304 2688 1387 2719 belle
1402 2688 1521 2719 adtem-

864 2745 963 2781 perat.
