1760 3172
409 163 720 207 TRISTIUM
753 163 873 204 LIB.
909 163 992 206 IV.
1023 163 1203 205 ELEG.
1237 163 1319 205 IV.

1479 164 1564 206 285

173 280 313 329 Neve
338 280 653 328 retractando
678 278 900 325 nondum
926 279 1158 325 coeuntia
1182 295 1409 342 rumpam

236 357 483 414 Vulnera3
522 356 606 403 vix
632 355 728 402 illis
754 355 976 419 proderit
1001 356 1111 419 ipsa
1136 357 1296 419 quies,

172 434 322 497 Ergo,
350 441 407 480 ut
424 435 537 497 jure
563 434 741 481 damus
768 449 957 497 poenas,
987 433 1057 480 sic
1084 433 1242 480 abfuit
1267 450 1413 483 omne

239 511 458 558 Peccato
484 510 676 558 facinus
702 511 1067 573 consiliumque
1094 528 1223 559 meo.

172 587 336 650 quue
353 588 493 635 Deus
510 588 677 643 sentit,
690 603 779 650 pro
797 603 896 649 quo
913 588 1188 650 neclumen
1201 588 1456 635 ademtum
1473 596 1564 646 est,

241 665 350 718 Nec
376 665 497 712 mihi
523 665 774 712 detractas
801 665 1025 728 possidet
1051 665 1176 711 alter-
1200 681 1338 728 opes.
1501 670 1564 714 46

173 741 400 789 Forsitan
427 742 554 788 hanc
581 742 758 805 ipsam,
786 742 918 789 vivat
942 742 1106 797 modo,
1134 742 1273 789 finiet
1297 743 1430 799 olim,

238 819 485 883 Tempore
511 835 667 881 quum
692 819 841 866 fuerit
864 820 1022 867 lenior
1047 819 1132 875 ira,
1161 819 1345 881 fugam.

173 894 322 942 Nunc
347 912 522 959 precor
546 896 661 942 hinc
689 897 784 943 alio
805 897 982 960 jubeat
1007 897 1284 953 discedere,
1313 899 1352 944 si
1380 916 1476 946 11011

241 972 426 1020 Nostra
449 973 730 1020 verecundo
756 980 871 1019 vota
895 973 1085 1036 pudore
1111 982 1298 1021 carent.
1503 980 1566 1024 50

174 1049 351 1097 Mitius
378 1049 626 1105 exsilium,
651 1051 903 1114 pauloque
929 1051 1274 1114 propinquius,
1298 1059 1432 1115 opto,

241 1126 442 1189 Quique
468 1127 533 1174 sit
558 1144 587 1175 a
611 1144 740 1174 saevo
765 1128 962 1189 longius
988 1129 1150 1184 hoste,
1177 1129 1359 1176 locum.

175 1203 480 1267 Quantaque
506 1205 556 1251 in
581 1205 811 1267 Augusto
838 1206 1122 1261 clementia,
1151 1205 1191 1252 si
1218 1206 1330 1268 quis
1357 1208 1419 1254 ab
1446 1209 1529 1256 illo

241 1280 353 1328 Hoc
379 1287 574 1345 peteret
598 1298 686 1345 pro
712 1298 808 1338 me,
832 1281 1039 1328 forsitan
1064 1282 1146 1329 1110
1173 1282 1329 1330 daret.

176 1357 377 1420 Frigida
400 1374 480 1405 me
506 1359 744 1406 cohibent
770 1358 955 1405 Euxini
982 1359 1127 1406 litora
1152 1359 1331 1407 Ponti:
1506 1366 1568 1411 55

244 1434 422 1482 Dictus
449 1436 510 1482 ab
537 1435 758 1497 antiquis
785 1434 993 1483 Axenus
1019 1436 1102 1482 ille
1126 1435 1234 1482 fuit.

178 1512 309 1559 Nam
334 1528 499 1575 neque
518 1513 774 1575 jactantur
799 1511 1068 1559 moderatis
1089 1528 1291 1574 aequora
1308 1514 1498 1573 ventis;

245 1587 354 1635 Nec
380 1588 604 1652 placidos
631 1595 804 1651 portus
831 1586 1031 1651 hospita
1056 1589 1194 1635 navis
1222 1590 1342 1636 adit.

178 1665 310 1712 Sunt
325 1665 458 1712 circa
476 1671 670 1727 gentes,
690 1681 801 1727 quae
819 1665 1038 1728 praedam
1055 1665 1298 1726 sanguine
1314 1676 1539 1729 quaerant
1558 1687 1567 1717 :

247 1742 356 1790 Nec
382 1742 545 1788 minus
572 1741 724 1788 infida
747 1749 879 1789 terra
898 1742 1100 1789 timetur
1125 1758 1271 1806 aqua.
1509 1750 1572 1795 60

177 1957 242 1978 rem
272 1945 363 1976 illum
396 1956 556 1983 excusare,
585 1958 680 1989 seque
710 1949 841 1990 probare

177 1995 377 2026 innocentem
388 2007 418 2026 v.
433 1996 490 2026 ii.e
506 1997 606 2027 Ponto
623 1997 655 2028 ii.
669 1998 720 2028 17.
758 1997 842 2035 Quia

142 2059 145 2061 ¹
178 2055 250 2076 vero
274 2049 368 2086 poeta
386 2043 503 2085 ubique
528 2045 590 2076 sere
612 2045 729 2076 climen
751 2057 842 2077 suum

178 2098 272 2124 vocat
283 2095 413 2133 culpam,
422 2105 563 2130 errorem,
575 2097 757 2132 stultitimn3
772 2107 843 2126 011111

179 2143 322 2173 Puteano
346 2141 454 2173 codice
478 2143 651 2174 Burmann.
673 2144 842 2185 legendum

180 2196 270 2233 putat
285 2192 359 2222 liber
375 2191 441 2222 h.e.
456 2202 592 2228 carmen,
610 2202 659 2223 ars
676 2193 840 2229 amatoria,

180 2246 216 2271 ut
230 2251 324 2282 supra
338 2240 371 2270 ii.
384 2241 458 2271 207.
474 2240 649 2282 scripserat.
679 2243 828 2273 HARLns.

225 2290 277 2319 41.
290 2289 429 2320 Coemztia
444 2301 548 2329 rumpe
568 2291 727 2331 Vulnera]
748 2291 841 2321 Rum-

179 2350 248 2378 pam
261 2338 436 2369 Vaticanus
457 2338 603 2380 optimus,
621 2340 756 2381 optimus
771 2341 843 2370 Me-

182 2386 300 2422 diceus,
318 2391 350 2417 et
364 2392 426 2417 tres
442 2387 496 2417 alii
509 2399 517 2425 3
533 2398 660 2429 sequor:
680 2388 746 2430 ipse
761 2389 843 2419 enim

181 2436 297 2477 rumpit
325 2436 457 2466 vulnera
484 2437 692 2474 retractando,
714 2449 846 2479 quorum

182 2485 371 2515 mentionem
385 2484 496 2526 injicit.
527 2486 645 2517 ΗΕ1Ν5.

226 2535 278 2564 45.
295 2532 388 2573 quue
407 2534 488 2564 Deus
502 2535 624 2575 sentin]
651 2535 707 2565 Me
726 2534 848 2565 scilicet

183 2582 279 2624 culpa
303 2592 420 2613 carere.
469 2583 576 2614 Deum
601 2588 717 2619 autem,
733 2583 845 2624 Augu-

182 2637 265 2663 stum
283 2631 441 2672 intelligit.
457 2631 584 2663 Lumen.
597 2631 683 2663 Vita.
708 2633 783 2672 Opes
797 2635 846 2663 de-

185 2687 298 2711 tractas
312 2681 396 2711 mihi.
441 2680 527 2722 Opes
541 2681 617 2712 mihi
633 2682 793 2713 ademtas:
814 2687 849 2712 ut

185 2729 344 2760 exsulibus
359 2728 424 2759 fieri
439 2729 527 2760 solet.

954 1951 1006 1980 53.
1036 1949 1191 1990 Tantaque
1220 1951 1251 1979 in
1281 1950 1417 1990 Augusto
1445 1956 1486 1979 es†
1515 1951 1574 1980 cle-

910 1999 1050 2038 mentia]
1076 1999 1126 2029 De
1142 1997 1279 2039 Augusti
1296 1998 1465 2029 clementia
1481 1998 1575 2039 legito

910 2047 1140 2089 Tranquillum.
1225 2082 1231 2087 ,

955 2097 1006 2127 56.
1024 2096 1171 2136 Alenus]
1195 2094 1342 2132 ”Αὲε1)ος,
1368 2094 1576 2136 inhospitalis,

911 2146 993 2187 quod
1031 2146 1106 2176 olim
1136 2145 1229 2175 Ponti
1264 2145 1379 2175 accolae
1413 2145 1576 2185 praedones

910 2200 1011 2230 erant,
1039 2200 1070 2224 et
1094 2195 1230 2236 hospites
1252 2204 1288 2223 eo
1307 2192 1466 2224 venientes
1491 2204 1576 2224 mac-

912 2248 977 2274 tare
1001 2244 1154 2274 solebant.
1170 2255 1198 2273 v.
1216 2242 1359 2273 Eustath.
1376 2242 1415 2272 ad
1430 2242 1575 2283 Dionysii

913 2291 1118 2333 Περιὴγησιν
1133 2304 1163 2322 v.
1177 2292 1250 2322 145.
1265 2290 1317 2320 ubi
1332 2290 1370 2320 de
1384 2292 1484 2320 Ponto
1495 2291 1576 2332 ejus-

912 2352 972 2381 que
989 2341 1101 2371 finibus
1117 2346 1147 2371 et
1162 2340 1271 2370 incolis
1284 2339 1401 2369 multus
1413 2344 1471 2369 est.
1497 2340 1576 2370 Her-

913 2389 999 2419 cules
1023 2395 1086 2425 aut,
1104 2395 1138 2419 ut
1159 2388 1212 2419 alii
1231 2389 1335 2418 ferunt
1355 2389 1447 2418 Iones
1468 2394 1578 2430 postea.

914 2437 1072 2468 Euxinum
1084 2438 1259 2468 nominasse
1271 2436 1427 2467 (licuntur.
1444 2436 1576 2468 SalmaS.

914 2486 946 2516 in
962 2486 1112 2516 Exercitt.
1131 2486 1267 2516 Plinian.
1281 2486 1394 2527 p.203.
1419 2485 1575 2516 Scholias-

915 2536 954 2565 tis
969 2535 1009 2565 ad
1024 2535 1229 2577 Apollonium
1244 2536 1339 2565 verba
1351 2534 1459 2564 laudat
1472 2546 1479 2572 ;
1495 2535 1575 2576 πρό-

914 2596 1009 2626 τερον
1026 2584 1091 2616 ὑπὸ
1105 2586 1237 2626 λῃστῶν
1253 2583 1578 2625 περιοικούμενος”Α-

915 2633 1017 2669 ξεινος
1040 2632 1196 2663 ἐκαλεῖτο.
1233 2632 1316 2663 Vide
1332 2642 1426 2674 supra
1440 2632 1484 2664 iii.
1499 2632 1532 2664 ii.
1547 2633 1578 2664 7.

917 2681 966 2712 El.
981 2681 1034 2712 xii.
1051 2682 1102 2711 32.
1115 2682 1166 2712 38.
1199 2681 1347 2712 HARLES.
