1760 3172
434 136 742 179 TRISTIUM
777 136 897 177 LIB.
931 136 986 176 V.
1021 134 1196 176 ELEG,
1239 135 1343 175 VII.
1502 134 1588 175 327

195 252 289 300 His
315 252 402 316 qui
426 259 691 300 contentus
718 268 816 298 non
843 257 935 305 est,
965 250 1013 296 in
1038 250 1156 295 litus
1182 265 1371 303 arenas,

260 329 319 375 In
345 335 567 392 segetem
594 329 774 392 spicas,
802 329 851 374 in
877 344 1012 374 mare
1037 327 1214 373 fundat
1239 343 1412 389 aquas,

193 405 583 470 Intempestivos
610 406 761 468 igitur
786 421 1055 468 compesce
1081 403 1300 458 timores,
1525 406 1588 449 45

258 482 386 530 Vela
411 499 501 530 nec
528 484 578 530 in
604 483 768 530 medio
795 485 971 531 desere
996 489 1167 529 nostra
1191 481 1329 527 mari.

434 558 470 566 x„

643 813 973 861 ELEGIA
1024 814 1144 860 VII.

197 952 370 1006 QUAM
398 951 539 1013 legis,
568 966 631 997 ex
658 950 742 996 illa
767 948 857 995 tibi
883 948 1017 995 venit
1042 948 1255 1011 epistola
1279 956 1424 1003 terra,

264 1027 415 1075 Latus
440 1027 524 1074 ubi
550 1026 795 1089 aequoreis
822 1025 1021 1072 additur
1048 1024 1176 1072 Ister
1203 1027 1379 1088 aquis:

198 1106 252 1153 Si
278 1106 370 1152 tibi
394 1104 639 1166 contingit
665 1120 779 1151 cum
805 1103 939 1150 dulci
963 1102 1065 1150 vita
1090 1104 1267 1159 salute,

267 1182 500 1229 Candida
523 1181 732 1228 fortunae
759 1197 873 1245 pars
900 1187 1070 1228 manet
1094 1197 1193 1227 una
1212 1197 1354 1228 meae.

201 1259 424 1316 Scilicet,
444 1266 498 1306 ut
523 1274 737 1321 semper,
761 1258 883 1320 quid
908 1273 1070 1319 agam,
1092 1258 1364 1313 carissime,
1385 1259 1566 1321 quaeris
1585 1279 1595 1316 3

267 1336 510 1391 Quamvis
532 1336 625 1382 hoc
648 1335 725 1382 vel
752 1352 830 1382 me
854 1335 982 1382 scire
1008 1342 1206 1382 tacente
1231 1342 1393 1400 potes.
1568 1340 1596 1383 6

201 1414 325 1461 Sum
341 1413 492 1461 miser
509 1430 518 1460 ε
539 1414 647 1459 haec
666 1412 828 1460 brevis
846 1420 924 1461 est
938 1420 1219 1460 nostrorum
1235 1429 1430 1460 summa
1446 1414 1598 1460 malo-

267 1491 511 1553 Quisquis
538 1496 590 1537 et
613 1489 805 1538 offenso
834 1490 1035 1537 Caesare
1062 1490 1207 1545 vivet,
1236 1490 1345 1537 erit.

198 1567 368 1615 Turba
385 1567 662 1615 Tomitanae
690 1584 803 1630 quae
831 1568 895 1615 sit
920 1568 1154 1630 regioniS‚
1183 1574 1234 1615 et
1258 1568 1386 1615 inter

266 1644 404 1698 Quos
431 1644 653 1691 habitem
680 1660 859 1699 mores,
883 1644 1078 1692 discere
1103 1660 1222 1691 cura
1246 1645 1334 1691 tibi
1362 1646 1473 1691 est?
1540 1648 1597 1691 lo

202 1720 359 1768 Mista
379 1721 443 1767 sit
468 1721 575 1767 haec
603 1720 832 1783 quamvis
860 1721 987 1768 inter
1015 1721 1299 1785 Graiosque
1321 1722 1598 1786 Getasque,

268 1798 312 1845 A
338 1799 471 1846 male
498 1799 692 1861 pacatis
719 1799 830 1862 plus
856 1800 1009 1846 trahit
1033 1815 1119 1846 ora
1145 1799 1308 1846 Getis.

205 1875 496 1924 Sarmaticae
523 1877 679 1939 major
706 1876 1003 1940 Geticaeque
1028 1876 1314 1940 frequentia
1338 1877 1499 1938 gentis

268 1953 367 2001 Per
392 1953 582 2002 medias
608 1954 658 2000 in
685 1954 828 2017 equis
855 1954 995 2017 itque
1022 1954 1252 2017 reditque
1278 1953 1410 2000 vias:

201 2029 261 2078 In
281 2030 465 2094 quibus
485 2038 563 2078 est
582 2048 743 2086 nemo,
763 2032 850 2094 qui
871 2048 969 2079 non
988 2039 1215 2096 coryton,
1235 2038 1286 2078 et
1308 2046 1497 2084 arcum,
1544 2032 1600 2075 15

271 2108 497 2172 Telaque
522 2109 721 2173 vipereo
748 2110 909 2157 lurida
934 2110 1048 2158 felle
1077 2116 1231 2172 gerat.

1437 1492 1565 1551 [rum
1587 1507 1595 1537 :

202 2251 303 2293 lepsin
332 2250 377 2282 ita
400 2253 579 2283 scribebant
605 2259 747 2284 veteres:
772 2260 803 2284 et
827 2254 872 2285 ita

941 2254 1310 2296 quisquefht-oijaculis.
1345 2251 1492 2281 HARLizs.

204 2306 290 2333 recte
306 2300 414 2342 primae
431 2301 504 2332 edd.
520 2307 551 2332 et
575 2302 666 2333 multi
683 2313 720 2333 ex
737 2302 871 2345 scriptis.

984 2306 1014 2334 2.
1031 2303 1107 2334 Ister
1122 2302 1254 2342 aditura]
1276 2301 1337 2332 Sed
1357 2310 1453 2342 quum
1469 2300 1547 2330 Ister
1566 2299 1608 2330 ib1

204 2351 307 2382 Prave
332 2350 426 2392 igitur
445 2351 499 2382 alii
519 2352 676 2383 dederunt
699 2355 871 2384 σιίτιιιηεῑαί

204 2406 260 2432 aut
274 2403 457 2432 circumdat.
493 2403 622 2434 Sallust.
638 2404 672 2434 b.
691 2402 786 2434 Catil.
804 2414 873 2446 cap.

206 2450 259 2480 43.
280 2450 320 2481 ab
345 2449 414 2481 init.
460 2451 611 2482 Lentulus
635 2464 704 2482 cum
724 2454 874 2483 ceteris——

206 2501 441 2535 constituerunt,
469 2502 673 2532 uti—meatem
710 2503 875 2532 multitudo

208 2550 432 2587 conjurationis
463 2561 551 2580 suum
576 2552 698 2591 quisque
724 2553 877 2592 negotium

208 2604 437 2638 exsequerentur
460 2599 514 2630 ubi
541 2599 612 2630 vide
644 2600 796 2635 Coi-tium,
823 2599 876 2640 qui

209 2647 372 2677 commode
389 2646 497 2678 laudat
515 2648 626 2679 Silium
642 2649 714 2679 Ital.
730 2648 790 2678 xvi.
805 2649 878 2679 464.

213 2695 319 2725 Cetera
335 2698 465 2726 contenti
482 2696 646 2728 discedent
662 2698 753 2728 turba
767 2699 879 2727 dnobus

941 2365 973 2383 se
998 2358 1146 2383 exoneret
1168 2352 1199 2381 in
1224 2352 1400 2385 Oceanum,
1424 2350 1460 2380 τὸ
1482 2351 1609 2379 additur

943 2401 1172 2432 admittendum
1188 2400 1263 2430 duxi
1277 2412 1284 2437 3
1296 2400 1388 2430 Pont.
1400 2398 1444 2428 iii.
1456 2398 1507 2428 El.
1521 2409 1549 2428 v.
1565 2399 1584 2428 2
1599 2408 1604 2424 t

988 2451 1046 2481 His
1070 2452 1121 2480 ubi
1148 2450 1283 2480 cccv-vileis
1300 2449 1455 2489 jungitur
1479 2445 1557 2478 Ister
1576 2459 1609 2476 ‹z—

1029 2502 1107 2540 quiS.
1447 2498 1565 2528 mes.

994 2550 1040 2579 ll.
1080 2548 1166 2578 Inter
1198 2547 1391 2587 Graiosque]
1428 2546 1611 2577 Graecorum

945 2597 1027 2629 enirn
1043 2597 1165 2628 colonia
1181 2597 1237 2627 fuit
1253 2596 1380 2626 Tunius.

994 2649 1044 2678 15.
1069 2647 1230 2687 Corytmi]
1257 2646 1313 2676 Gr.
1327 2646 1471 2686 γωρυτὸς
1491 2655 1611 2686 proprie

949 2702 994 2726 pst
1016 2706 1104 2726 arcus
1124 2694 1228 2729 theca,
1246 2693 1358 2725 dicitur
1380 2699 1484 2724 lamen
1509 2698 1540 2724 et
1561 2704 1609 2723 sa-

1079 2745 1107 2775 Y
1123 2746 1140 2774 4
