1760 3172
189 192 275 234 182

190 307 292 354 Vos
318 305 483 362 facite,
510 313 565 353 ut
581 313 776 372 ventos²
800 307 912 354 loca
936 321 1093 375 qun
1118 306 1314 354 diversa
1338 313 1584 370 petamus,
1648 307 1701 368 ,Σ

581 191 633 233 Ρ.
668 190 885 234 OVIDII
917 190 1200 234 NASONIS

259 383 352 431 Illa
376 399 493 430 suos
518 380 839 440 habeat‚s11ec
865 382 1029 429 minus
1055 383 1141 429 illa
1164 399 1296 430 suos.
1525 385 1589 429 50

636 647 991 695 ELEGIA
1040 647 1136 695 XI.

194 759 407 807 LITERA
438 775 772 823 quaecumque
798 765 877 806 est
901 764 1006 805 toto
1032 758 1123 805 tibi
1148 758 1279 805 lecta
1303 758 1487 813 libello,

261 836 355 884 Est
380 837 499 883 mihi
525 836 752 883 sollicitae
774 843 1001 899 tempore
1026 835 1159 883 facta
1182 835 1290 883 viae.

193 912 298 960 Aut
328 913 456 961 hanc
489 929 585 969 me,
620 913 771 975 gelidi
809 920 1073 960 tremerem
1102 928 1258 985 quum
1297 927 1468 959 mense
1505 911 1590 958 de·

395 990 627 1045 cembris,

264 1066 582 1114 Scribentem
607 1065 786 1113 mediis
812 1063 1004 1112 Hadria
1028 1065 1153 1112 vidit
1176 1064 1320 1128 aquis
1340 1082 1350 1112 ε
1561 1067 1590 1110 4

195 1142 316 1200 Aut,
344 1150 614 1207 postquam
639 1142 881 1189 bimarem
910 1157 1059 1188 cursu
1093 1142 1433 1206 superavimus
1460 1140 1592 1188 Isth-

263 1219 538 1282 Alteraque
563 1225 642 1266 est
661 1225 844 1266 nostrae
870 1225 1035 1265 sumta
1059 1219 1229 1266 carina
1248 1217 1396 1280 fugae.
1434 1219 1589 1280 [mon,

198 1295 347 1350 Quod
372 1295 588 1344 facerem
614 1311 787 1342 versus
813 1294 942 1342 inter
966 1294 1071 1342 sera
1094 1311 1347 1343 murmura
1370 1295 1526 1359 ponti,

265 1372 519 1436 Cycladas
545 1372 744 1436 AEgaeas
768 1373 1089 1436 obstupuisse
1115 1380 1264 1437 puto:

198 1449 317 1515 Ipse
344 1467 437 1514 ego
462 1467 595 1498 nune
620 1451 786 1507 miror,
812 1450 965 1498 tantis
991 1450 1243 1514 animique
1269 1450 1520 1513 marisque

267 1527 526 1576 Fluctibus
552 1528 807 1591 ingenium
824 1541 931 1575 ‘non
956 1528 1200 1576 cecidisse
1225 1543 1408 1575 meum.
1537 1530 1596 1574 lO

201 1603 303 1652 Seu
330 1611 504 1669 stupor
529 1605 645 1652 huic
671 1604 854 1661 studio,
883 1605 985 1653 sive
1011 1605 1126 1652 huie
1152 1604 1344 1652 insania
1367 1619 1566 1659 nomen,

268 1682 446 1730 Omnis
473 1683 535 1730 ab
562 1683 655 1730 hac
681 1698 800 1731 cura
824 1699 965 1730 mens
992 1683 1209 1730 relevata
1232 1698 1345 1730 mea
1368 1688 1461 1730 est.

201 1758 349 1822 Saepe
374 1775 468 1822 ego
486 1755 735 1807 *nimbosis
760 1759 944 1806 dubius
965 1760 1195 1822 jactabar
1220 1760 1282 1807 ab
1309 1758 1512 1815 Haedis;

226 1853 230 1856 “
268 1836 416 1900 Saepe
440 1837 610 1884 minax
638 1836 877 1901 Steropes
903 1837 1064 1885 sidere
1089 1844 1273 1901 pontus
1299 1843 1431 1884 erat:

198 1956 332 1992 Seneca,
349 1955 489 1987 Hercule
505 1957 650 1993 Furente,
668 1968 696 1987 ν.
718 1957 818 1987 121οε

252 2016 315 2046 quoe
353 2012 477 2045 pontum
517 2006 647 2047 Scythen
690 2006 864 2049 Symplegas

285 2061 398 2086 arctat.

199 2103 327 2139 Statius,
358 2103 460 2135 Theb.
490 2115 520 2134 v.
548 2116 600 2134 ora
636 2110 709 2135 sunt
738 2105 865 2146 Cyaneis

200 2159 322 2184 arctata
344 2154 438 2183 vadis.
462 2153 614 2195 Sequenti
636 2164 738 2185 versu.
765 2154 864 2184 Bisto-

199 2203 288 2233 nidas
308 2213 401 2243 aquas
420 2213 474 2244 pro
498 2202 648 2233 Bistonias
663 2203 781 2245 primus
798 2204 862 2234 Va-

201 2252 346 2291 ticanus;
372 2253 416 2284 sic
438 2253 493 2284 lib.
517 2253 549 2284 ii.
574 2253 613 2285 de
636 2254 748 2290 Ponto,
776 2254 865 2294 Eleg.

201 2301 244 2333 ix.
261 2313 324 2334 ver.
340 2304 381 2334 54
396 2315 402 2332 :

248 2351 378 2382 Bistonis
388 2354 507 2393 ingenio
520 2359 601 2382 terra
614 2354 740 2393 superba
753 2359 804 2383 tuo
814 2360 866 2384 est.

201 2401 279 2430 Mox
300 2400 407 2431 malim
433 2403 495 2431 loc-11
517 2413 608 2441 quum
624 2404 742 2432 dirersa
759 2408 865 2442 petun-

204 2457 266 2487 tur,
283 2461 378 2491 quam
391 2458 535 2490 petamus.
581 2451 699 2482 mes.

248 2548 278 2578 4.
295 2548 446 2590 Hadria]
474 2550 564 2580 Mare
581 2549 810 2585 Hadriaticum,
825 2550 868 2580 ita

203 2596 398 2639 appellatum
427 2599 466 2628 ab
496 2598 617 2629 Hadria
644 2599 719 2629 urbe
743 2599 869 2639 Illyrico

205 2645 282 2676 mari
303 2646 461 2686 proxima:
487 2647 559 2678 vide
579 2646 730 2684 Plinium,
750 2648 804 2678 lib.
821 2647 866 2678 iii.

205 2703 275 2736 rap.
294 2694 343 2724 16.

248 2742 400 2774 Hadriam
426 2742 478 2774 hic
502 2755 557 2786 pro
580 2745 658 2776 mari
683 2745 772 2777 Ionio
795 2745 868 2787 poni

932 1962 1019 1988 notat
1049 1956 1189 1998 Scaliger
1219 1956 1276 1987 lib.
1301 1956 1341 1987 vi.
1366 1956 1405 1987 de
1430 1956 1598 1987 Emendat.

931 2012 1064 2048 tempor.
1082 2018 1112 2048 p.
1129 2006 1203 2037 536.
1219 2017 1248 2036 ν.
1265 2006 1374 2036 Burm.
1419 2005 1570 2036 HARLns.

975 2058 1006 2087 5.
1031 2055 1162 2086 Isthmon
1187 2055 1356 2096 bimarem]
1389 2055 1597 2097 Peloponnesi

932 2104 1097 2141 Isthmum,
1125 2104 1180 2146 qui
1210 2104 1348 2135 adluitur
1382 2102 1459 2134 mari
1488 2104 1599 2145 [Egaeo

933 2160 964 2184 et
992 2153 1090 2184 Ionio.
1138 2152 1270 2184 Isthmus
1296 2159 1403 2184 autem
1425 2152 1539 2184 dicitur
1562 2163 1599 2183 ea

932 2210 1020 2234 terrae
1045 2202 1199 2244 angustia,
1221 2213 1290 2244 quae
1316 2202 1397 2233 inter
1419 2202 1482 2232 duo
1502 2201 1601 2233 maria

934 2251 992 2283 iter
1008 2252 1135 2294 porrigit
1152 2252 1191 2283 ad
1209 2252 1450 2288 Chersonesum,
1468 2257 1503 2283 ut
1518 2251 1599 2282 dixi-

934 2312 1015 2331 mus.

978 2352 1008 2381 8.
1036 2351 1184 2391 Cycladas
1200 2352 1317 2392 AE'gcras
1339 2351 1520 2390 obstupuisse
1541 2362 1602 2390 pu-

935 2400 995 2440 10.]
1034 2399 1191 2440 Cyclades
1219 2400 1328 2430 insula>
1359 2405 1429 2430 sunt
1460 2400 1493 2430 in
1522 2399 1599 2430 mari

937 2450 1057 2490 zligceo,
1077 2460 1156 2489 quas
1176 2449 1344 2480 duodecim
1365 2455 1486 2480 tantum
1505 2449 1600 2480 fuisse

936 2498 1043 2529 scribit
1071 2500 1193 2529 Strabo.
1248 2498 1351 2529 Dictae
1383 2504 1488 2529 autem
1517 2504 1601 2534 sunt,

937 2547 1021 2588 quod
1045 2547 1129 2578 circa
1152 2548 1269 2578 Delum
1291 2550 1321 2578 ιἰι
1347 2549 1462 2588 cyclon,
1488 2547 1519 2578 1d
1543 2553 1601 2584 est,

937 2597 968 2627 in
990 2597 1106 2632 orbem,
1124 2597 1190 2627 sitan
1214 2602 1304 2628 sunt:
1330 2603 1364 2627 ut
1382 2595 1505 2627 Plinius
1526 2596 1601 2627 scri-

937 2645 994 2677 bit.
1040 2647 1135 2677 Man.

984 2696 1034 2726 13.
1062 2696 1193 2736 Haedis]
1219 2696 1313 2727 IIaedi
1331 2700 1481 2727 vocantur
1501 2694 1600 2726 stella:

938 2745 1008 2777 duae
1025 2745 1057 2776 in
1071 2756 1166 2777 manu
1183 2746 1311 2786 aurigae,
1327 2755 1458 2787 quorum
1472 2749 1556 2776 ortus
1571 2750 1603 2775 et
