1760 3172
211 192 297 233 m

603 190 653 230 P.
688 190 901 231 OVIDII
935 189 1215 232 NASONIS

215 306 398 352 Omnia
421 321 536 352 vera
560 313 683 369 puta
707 321 817 351 mea
842 305 1050 351 crimina
1071 323 1080 352 :
1122 305 1187 350 nil
1214 305 1278 351 sit
1305 305 1353 351 in
1379 306 1491 361 illis,

281 382 428 436 Quod
453 382 611 443 magis
637 397 868 436 errorem,
897 396 1048 443 quam
1074 381 1254 437 scelus,
1282 397 1392 430 esse
1419 390 1580 446 putes,

215 459 488 506 'Pendimus
509 475 571 506 en
591 458 802 522 profugi,
827 458 953 505 satia
972 465 1060 504 tua
1080 465 1298 521 pectora,
1316 474 1505 522 poenaS‚
1540 461 1602 506 35

280 535 575 599 Exsilioque
601 552 792 599 graves,
820 535 1086 598 exsiliique
1112 535 1247 582 loco:

214 612 448 660 Carnifici
470 612 665 660 fortuna
690 618 858 676 potest
882 627 994 658 mea
1017 611 1185 659 flenda
1208 612 1363 659 videri
1382 631 1392 669 ;

277 689 349 737 Te
373 697 540 737 tamen
567 696 643 736 est
668 705 766 736 uno
785 688 957 751 judice
982 695 1162 735 moesta
1186 704 1377 752 parum.

215 766 402 813 Saevior
427 783 480 814 es
504 766 631 812 tristi
658 764 891 812 Busiride
913 783 923 821 ;
965 764 1139 811 saevior
1164 765 1264 821 illo,

279 842 377 897 Qui
402 843 581 890 falsum
608 843 741 889 lento
767 842 944 889 torruit
970 842 1084 903 igne
1110 842 1317 898 bovem;

1539 845 1604 889 40

212 919 413 982 Quique
438 921 616 967 bovem
645 919 817 966 Siculo
842 918 997 966 fertur
1022 918 1235 966 donasse
1261 926 1488 981 tyranno,

281 996 347 1043 Et
370 997 518 1044 dictis
544 1004 674 1044 artes
701 996 994 1044 conciliasse
1020 1011 1153 1043 suas.

214 1073 425 1121 Munere
450 1074 500 1121 in
525 1074 634 1129 hoc,
665 1073 795 1129 Rex,
816 1081 894 1121 est
912 1090 1050 1130 usus,
1074 1074 1163 1121 sed
1184 1073 1398 1136 imagine
1418 1075 1600 1137 major3

280 1150 389 1198 Nec
415 1151 520 1197 sola
544 1157 621 1197 est
645 1150 807 1213 operis
832 1150 989 1197 forma
1012 1151 1271 1214 probanda
1296 1151 1391 1197 mei
1411 1168 1421 1198 ε

213 1227 448 1290 Adspicis
475 1243 503 1278 a
526 1227 707 1274 dextra
732 1227 862 1274 latus
886 1227 980 1274 hoc
1007 1227 1284 1290 adapertile
1308 1228 1470 1275 tauri?
1539 1230 1603 1274 45

279 1303 392 1351 Huc
419 1304 526 1360 tibi,
554 1320 706 1367 quem
731 1304 928 1368 perdes,
956 1304 1300 1367 conjiciendus
1326 1305 1450 1352 erit:

215 1380 449 1428 Protinus
476 1381 724 1427 inclusum
749 1380 895 1428 lentis
921 1380 1222 1428 carbonibus
1247 1397 1333 1429 ure
1355 1400 1366 1439 ;

279 1457 493 1520 Mugiet,
521 1464 571 1504 et
594 1457 695 1504 veri
721 1473 817 1504 vox
843 1458 936 1505 erit
960 1458 1044 1505 illa
1068 1458 1206 1505 bovis
1229 1476 1238 1506 :

214 1535 312 1582 Pro
337 1535 520 1598 quibus
546 1534 776 1590 inventis,
804 1543 859 1582 ut
883 1552 1064 1583 munus
1089 1551 1294 1583 munere
1320 1551 1516 1600 penses,

281 1612 375 1667 Da,
403 1628 593 1675 precor,
622 1613 822 1674 ingenio
848 1613 1052 1676 praemia
1077 1613 1228 1675 digna
1251 1628 1378 1660 meo.
1541 1615 1605 1660 50

215 1690 454 1746 Dixerat;
496 1697 547 1736 at
571 1689 828 1738 Phalaris:
869 1707 1029 1754 poenae
1056 1691 1278 1738 mirande
1304 1696 1539 1753 repertor,

280 1765 398 1829 Ipse
422 1773 564 1813 tuum
590 1783 809 1830 praesens
835 1767 1020 1823 imbue,
1048 1767 1191 1823 dixit,
1219 1783 1362 1830 opus.

213 1945 320 1965 titanes.
366 1934 526 1970 Animam,
542 1944 612 1975 quae
629 1944 647 1965 a
663 1944 732 1964 meo
747 1945 873 1976 corpore

210 1983 364 2015 discessit.

255 2034 307 2064 37.
346 2033 520 2074 Carnifici]
562 2032 787 2064 Crudelissimo
820 2033 874 2064 ho-

212 2081 299 2113 mini.
803 2106 808 2112 .

255 2133 307 2164 39.
331 2131 461 2168 Busiris,
479 2142 531 2162 rex
547 2131 678 2172 AEgypti
698 2131 873 2162 crudelissi-

212 2193 291 2218 mus,
315 2181 454 2224 Neptuni
476 2181 572 2217 filius,
597 2180 652 2222 qui
678 2180 816 2223 hospites
836 2181 874 2212 ad

213 2242 297 2263 aram
333 2235 471 2262 mactare
503 2230 634 2265 solebat,
670 2230 709 2260 ob
743 2241 876 2271 eamque

212 2291 353 2311 caussam
377 2280 416 2311 ab
432 2280 569 2311 Hercule
585 2290 684 2310 caesus
705 2284 762 2310 est.
778 2279 877 2320 Apol-

214 2330 275 2361 lod.
290 2329 321 2360 ii.
338 2332 371 2360 5.
392 2330 442 2360 ll.
468 2328 564 2360 Ovid.
584 2329 717 2359 Metam.
744 2327 785 2359 ix.
806 2330 876 2359 182.

214 2379 326 2420 Virgil.
349 2379 464 2419 Georg.
489 2378 532 2408 iii.
559 2380 590 2409 5.
616 2383 648 2408 et
673 2377 715 2408 ibi
739 2378 875 2409 Servius.

216 2429 380 2469 Verpoort.
427 2428 575 2458 Hmnns.

256 2479 307 2508 40.
341 2477 535 2518 Quifalsum
562 2479 641 2507 lento
666 2479 778 2507 torruit
808 2479 877 2518 igne

214 2527 336 2567 hovem]
362 2527 521 2558 Phalarim
543 2526 698 2568 designat,
721 2526 875 2568 Agrigen-

213 2576 347 2607 tinorum
377 2582 564 2618 tyrannum3
602 2575 640 2606 de
671 2586 732 2617 quo
760 2575 877 2606 Paulus

213 2625 354 2655 Orosius.

240 2675 308 2705 Al.
340 2674 456 2714 Quique
485 2675 581 2704 bovem
613 2674 713 2704 Siculo
732 2674 871 2714 sertum]

219 2722 364 2752 l‘crillum
381 2722 476 2753 dicit:
503 2734 574 2754 eum
599 2722 757 2754 crudelem
780 2723 874 2753 fuisse

220 2771 295 2802 l‘lin.
314 2772 446 2802 adserit:
471 2779 499 2800 ot
518 2773 655 2813 Propon.
673 2773 702 2802 ii.
721 2774 841 2812 51.ss1:

989 1935 1097 1966 Nonne
1111 1935 1181 1976 fuit
1205 1936 1300 1966 satius
1327 1936 1406 1965 tristi
1429 1936 1539 1966 servire
1561 1942 1605 1976 ty-

1030 1994 1138 2019 ranno,

990 2031 1030 2062 Et
1052 2043 1171 2073 gemere
1197 2033 1228 2062 ἰιι
1257 2039 1356 2068 muro,
1381 2042 1452 2062 saeve
1478 2032 1605 2068 Per-ille,

1031 2083 1105 2112 tuo?
1469 2081 1564 2113 Men.

989 2131 1043 2161 42.
1071 2131 1111 2161 Et
1129 2133 1219 2162 [lictis
1237 2137 1317 2161 artes
1340 2131 1540 2171 conciliasse]
1568 2132 1608 2163 Et

947 2181 1048 2212 verbis
1079 2191 1204 2212 ornasse
1238 2190 1352 2210 munus
1384 2186 1478 2221 atque
1512 2180 1608 2211 artifi-

943 2231 1027 2261 cium
1041 2241 1142 2266 suum,
1156 2229 1298 2270 illudque
1312 2229 1422 2260 fecisse
1436 2229 1607 2271 acceptius·

947 2279 1134 2311 PoxT.—‘H
1164 2278 1256 2321 χάρις
1276 2279 1314 2310 οὐ
1337 2282 1475 2320 μακρῶν
1496 2280 1608 2321 λόγων

945 2328 1044 2360 δεῖται
1065 2329 1178 2360 Nestor
1199 2339 1249 2370 ap.
1268 2327 1376 2369 Eurip.
1398 2328 1512 2359 Troad.
1532 2329 1605 2359 For-

944 2379 1031 2409 mula
1051 2376 1243 2408 conciliandi
1266 2377 1298 2407 in
1328 2377 1432 2408 Plaut.
1455 2377 1548 2409 Truc.
1575 2377 1607 2408 ii.

946 2427 997 2458 vii.
1014 2438 1076 2458 ver.
1092 2428 1132 2457 27
1147 2440 1152 2457 :

986 2477 1082 2506 ,lussit
1105 2487 1203 2511 orare,
1233 2483 1263 2505 ne
1293 2477 1351 2506 lucc
1374 2482 1465 2517 gratu
1491 2476 1608 2506 haberes

1031 2528 1095 2556 tibi.

988 2576 1039 2606 43.
1067 2575 1194 2605 Munere
1218 2576 1247 2604 in
1271 2575 1336 2609 hoc,
1363 2574 1437 2609 Res,
1461 2581 1501 2604 est
1526 2584 1606 2608 usus,

943 2627 991 2655 sea
1016 2624 1173 2666 imagine]
1200 2624 1278 2654 ssaee
1300 2629 1371 2653 sunt
1388 2622 1496 2654 Perilli
1513 2623 1606 2653 verba

944 2673 982 2704 ad
1000 2672 1198 2703 Phalaridein
1215 2682 1331 2713 regem.

987 2724 1038 2752 52.
1058 2722 1190 2761 Irnbuau]
1218 2721 1336 2763 Incipe.
1363 2721 1505 2751 imbuere
1521 2718 1603 2749 enim

944 2781 1085 2803 (auctore
1107 2771 1231 2804 Servio)
1252 2777 1294 2801 est
1319 2769 1440 2811 proprie
1461 2768 1604 2800 inchoare
