1760 3172
224 164 277 205 10
611 162 661 203 P.
698 158 910 202 OVIDII
945 158 1223 201 NASONIS

226 277 309 324 Me
335 276 534 324 memini
561 277 736 323 iratum
762 275 973 322 dominae
1000 274 1226 321 turbasse
1251 273 1485 337 capillos:

288 353 409 400 Haec
431 353 548 399 mihi
575 368 724 415 quam
751 352 931 398 multos
957 352 1162 398 abstulit
1188 352 1258 398 ira
1280 351 1416 398 dies!

1512 354 1603 397 170

221 430 328 477 Nec
355 436 489 493 puto,
518 445 608 476 nec
635 429 766 476 sensi
793 429 1009 475 tunicam
1035 429 1278 485 laniasse3
1319 428 1406 475 sed
1433 428 1542 490 ipsa

286 505 520 552 Dixerat:
561 512 611 551 et
635 505 793 568 pretio
818 512 895 551 est
920 504 1002 550 illa
1028 504 1249 551 redemta
1274 520 1400 550 meo.

221 582 287 629 At
309 598 411 637 vos,
440 581 523 644 qui
551 581 739 644 sapitis,
767 581 915 628 vestri
941 588 1150 644 peccata
1174 581 1395 643 magistri

286 657 519 720 Effugite,
547 664 598 704 ct
621 659 781 721 culpae
807 658 988 705 damna
1012 659 1184 706 timete
1210 674 1348 705 meae.

223 734 400 782 Proelia
419 749 532 781 cum
556 734 770 790 Parthis,
797 751 910 782 cum
931 737 1065 782 culta
1086 752 1185 800 pax
1208 736 1272 782 sit
1290 735 1447 782 amica
1465 753 1474 792 ;
1510 738 1600 782 175

284 810 349 858 Et
367 812 527 874 jOCUS,
554 819 604 858 et
628 827 830 858 caussas
858 812 1102 874 quidquid
1128 812 1306 859 amoris
1332 812 1498 859 habet.

219 889 271 935 Si
299 905 389 936 nec
416 889 598 936 blanda
623 889 758 945 satis,
787 905 878 936 nec
905 889 997 936 erit
1020 889 1107 935 tibi
1135 889 1290 936 comis
1319 889 1530 943 amanti3

281 964 468 1021 Perfer,
496 973 546 1012 et
570 966 786 1023 obdura3
828 966 1091 1029 postmodo
1116 966 1248 1013 mitis
1274 966 1382 1013 erit.

217 1041 454 1089 Flectitur
478 1043 721 1105 obsequio
747 1050 976 1090 curvatus
1002 1044 1064 1090 ab
1091 1044 1265 1090 arbore
1291 1057 1483 1089 ramus:

281 1118 500 1180 Frangis‚
529 1119 569 1164 si
593 1119 720 1166 vires
745 1119 1002 1182 experiere
1027 1127 1155 1166 tuas.

1505 1122 1597 1166 180

215 1195 474 1257 Obsequio
498 1201 754 1242 tranantur
779 1211 921 1259 aquae
945 1214 953 1243 :
995 1212 1084 1243 nec
1110 1196 1307 1243 vincere
1332 1195 1493 1259 possis

280 1270 522 1326 Flumina,
552 1272 591 1318 si
618 1279 805 1328 contra,
834 1289 984 1335 quam
1010 1273 1139 1337 rapit
1163 1273 1311 1328 unda,
1339 1279 1497 1320 nates.

213 1346 527 1410 Obsequium
552 1348 806 1411 tigresque
831 1349 1001 1396 domat
1028 1349 1374 1412 Numidasque
1407 1350 1593 1396 leoneS.

277 1422 488 1470 Rustica
512 1425 769 1487 paullatim
794 1432 965 1472 taurus
992 1432 1153 1473 aratra
1177 1426 1327 1473 subit.

210 1498 343 1552 Quid
367 1499 458 1546 fuit
482 1500 704 1563 asperius
732 1500 1017 1549 Nonacrina
1048 1502 1322 1549 Atalanta?

1504 1504 1594 1549 185

276 1575 553 1622 Succubuit
576 1577 763 1624 meritis
788 1585 903 1625 trux
928 1587 1094 1627 tamen
1120 1580 1204 1627 illa
1227 1580 1332 1626 viri.

212 1652 358 1715 Saepe
384 1668 501 1698 suos
527 1668 688 1708 casus,
717 1669 808 1701 nec
835 1655 974 1702 mitia
998 1655 1129 1702 facta
1152 1656 1329 1720 puellae

275 1728 445 1776 Flesse
471 1730 563 1776 sub
590 1731 846 1778 arboribus
873 1731 1148 1780 Milaniona
1171 1733 1348 1780 ferunt.

212 1806 357 1868 Saepe
381 1805 495 1852 tulit
512 1807 654 1868 jusso
679 1806 873 1854 fallacia
897 1809 1020 1855 retia
1043 1809 1198 1856 collo:

274 1882 422 1946 Saepe
446 1882 551 1930 fera
577 1890 741 1932 torvos
767 1885 976 1949 cuspide
999 1886 1109 1932 fixit
1134 1902 1297 1949 apros.

253 2086 323 2115 188.
361 2085 564 2126 Melaniona]
605 2086 706 2117 Valde
736 2088 864 2119 turbant

206 2135 237 2164 in
255 2134 311 2164 hoc
333 2133 455 2164 nomine
472 2140 591 2165 veteres
613 2135 695 2165 libri.
715 2136 769 2166 sed
794 2136 863 2178 lege

207 2183 377 2213 Milaniona
391 2192 462 2213 cum
478 2182 590 2224 Regio,
607 2183 659 2224 qui
677 2184 754 2214 libro
768 2184 863 2215 etiam

202 2233 244 2263 iii.
261 2232 333 2263 775.
358 2242 428 2262 cum
454 2231 523 2262 aliis
549 2232 738 2269 melioribus,
766 2233 861 2264 Mila-

203 2283 273 2311 nion
288 2282 418 2310 humeris
439 2282 598 2311 Atalantes
619 2293 711 2312 crura
724 2282 862 2324 ferebat.

203 2329 330 2370 Reliqui
358 2329 494 2365 codices,
520 2329 702 2366 Minalimm,
723 2337 777 2361 aut
805 2332 863 2361 Mi-

200 2380 340 2409 maliona.
356 2378 440 2419 apud
455 2379 584 2409 Graecos
602 2379 779 2411 Μιλανίων
793 2386 840 2411 est
854 2393 859 2410 :

202 2437 234 2458 ut
251 2427 448 2469 Xenophonti
465 2427 504 2458 (le
519 2427 692 2459 venatione
706 2441 713 2467 ;
738 2435 769 2460 at
784 2430 859 2471 poe'-

203 2477 242 2507 tis
260 2475 465 2507 Μειλανὶων.
483 2475 527 2506 sic
547 2477 707 2515 Musaeus;

244 2523 409 2566 Παρθὲνος
422 2524 460 2555 οὐ
478 2525 510 2555 σὲ
525 2524 661 2563 λέληθεν
675 2525 734 2556 ἀπ’
746 2525 860 2567 Ἀρκα-

328 2572 398 2611 δίης
411 2572 612 2612 Ἀταλάντη,

236 2623 278 2657 ’Ἡ
299 2633 376 2652 ποτε
399 2623 624 2660 Μειλανίωνος
641 2622 861 2665 ἐρασσιιμὲνου

327 2670 431 2713 φύγεν
445 2671 559 2709 εὐνὴν.

1502 1888 1592 1931 190

930 2089 1034 2130 Atque
1068 2088 1112 2119 ita
1138 2087 1266 2118 Tzetzes
1295 2097 1418 2127 quoque
1451 2086 1589 2122 Chiliad,

930 2138 985 2168 xii.
1018 2138 1093 2168 453.
1128 2142 1169 2172 et,
1206 2135 1395 2166 Scholiastes
1431 2135 1591 2177 Apollonii

931 2186 1067 2217 Rhodii:
1100 2184 1288 2222 Ἀταλάντη
1316 2183 1463 2221 Ἰάσονος
1491 2184 1593 2226 Θυγά-

930 2247 1000 2277 τηρ,
1014 2236 1056 2272 ἣν
1074 2234 1170 2276 ἔγημε
1194 2233 1397 2264 Μειλανίων.
1419 2232 1507 2274 ἑτέρα
1528 2233 1590 2275 γάρ

931 2283 1018 2314 ἐστιν
1036 2282 1056 2321 ἡ
1071 2281 1199 2324 Ἀργεία
1222 2281 1242 2320 ἡ
1265 2280 1437 2322 Σχοινέως,
1457 2282 1502 2319 ἣν
1516 2282 1590 2324 ἔγη-

931 2344 992 2373 μεν
1005 2329 1226 2372 Ἱππομέδων.
1275 2330 1337 2361 Ubi
1352 2329 1518 2367 Ἰασίωνος
1532 2332 1588 2362 θυ-

930 2379 1033 2422 γάτηρ
1057 2379 1254 2410 scribendum
1276 2385 1333 2416 est,
1357 2385 1388 2409 et
1410 2380 1454 2416 ἣν
1472 2379 1591 2421 ἔγημεν

929 2428 1141 2469 Ἱππομένης.
1165 2438 1344 2469 quanquam
1367 2427 1450 2469 apud
1473 2428 1589 2459 Johan-

932 2478 1143 2507 ncni'l'zetzen
1157 2476 1294 2507 Chiliad.
1306 2475 1363 2506 xli.
1374 2486 1443 2517 cap.
1453 2477 1586 2508 ccccliii.

929 2526 1024 2556 etiam
1040 2524 1259 2567 Hippomedon
1279 2524 1406 2555 (licitur.
1426 2524 1480 2555 sed
1503 2525 1590 2556 locus

928 2581 975 2605 cst
986 2574 1163 2605 mendosus.
1176 2574 1306 2616 Repone
1317 2573 1410 2614 igitur
1423 2572 1589 2616 Ἠπτᾷται

929 2622 1126 2665 Ἱππομένει,
1137 2634 1190 2665 pro
1203 2622 1446 2664 Ἱππομέδοντα.
1469 2623 1588 2655 HmNs.
