<?xml version="1.0" encoding="UTF-8"?>
<!DOCTYPE html PUBLIC "-//W3C//DTD XHTML 1.0 Transitional//EN"
    "http://www.w3.org/TR/xhtml1/DTD/xhtml1-transitional.dtd">
<html xmlns="http://www.w3.org/1999/xhtml" xml:lang="en" lang="en">
 <head>
  <title>
</title>
<meta http-equiv="Content-Type" content="text/html;charset=utf-8" />
  <meta name='ocr-system' content='tesseract 3.04.00' />
  <meta name='ocr-capabilities' content='ocr_page ocr_carea ocr_par ocr_line ocrx_word'/>
</head>
<body>
  <div class='ocr_page' id='page_1' title='image "./povidiinasonisop02oviduoft_0233.png"; bbox 0 0 1760 3172; ppageno 0'>
   <div class='ocr_carea' id='block_1_1' title="bbox 367 172 1239 217">
    <p class='ocr_par' dir='ltr' id='par_1_1' title="bbox 367 172 1239 217">
     <span class='ocr_line' id='line_1_1' title="bbox 367 172 1239 217; baseline 0.003 -3"><span class='ocrx_word' id='word_1_1' title='bbox 367 172 675 214; x_wconf 89' lang='lat' dir='ltr'><strong>TRISTIUM</strong></span> <span class='ocrx_word' id='word_1_2' title='bbox 710 172 828 213; x_wconf 91' lang='lat' dir='ltr'>LIB.</span> <span class='ocrx_word' id='word_1_3' title='bbox 863 172 953 213; x_wconf 93' lang='grc' dir='ltr'><strong>ΙΙΙ.</strong></span> <span class='ocrx_word' id='word_1_4' title='bbox 990 173 1168 216; x_wconf 88' lang='lat' dir='ltr'>ELEG.</span> <span class='ocrx_word' id='word_1_5' title='bbox 1204 176 1239 217; x_wconf 91' lang='lat' dir='ltr'>I.</span> 
     </span>
    </p>
   </div>
   <div class='ocr_carea' id='block_1_2' title="bbox 1421 179 1506 220">
    <p class='ocr_par' dir='ltr' id='par_1_2' title="bbox 1421 179 1506 220">
     <span class='ocr_line' id='line_1_2' title="bbox 1421 179 1506 220; baseline 0.012 -1"><span class='ocrx_word' id='word_1_6' title='bbox 1421 179 1506 220; x_wconf 68' lang='lat'>2⁴23</span> 
     </span>
    </p>
   </div>
   <div class='ocr_carea' id='block_1_3' title="bbox 109 287 1505 972">
    <p class='ocr_par' dir='ltr' id='par_1_3' title="bbox 120 287 1505 429">
     <span class='ocr_line' id='line_1_3' title="bbox 120 287 1505 350; baseline 0.006 -17"><span class='ocrx_word' id='word_1_7' title='bbox 120 287 292 350; x_wconf 87' lang='lat' dir='ltr'>thue</span> <span class='ocrx_word' id='word_1_8' title='bbox 313 287 439 336; x_wconf 87' lang='lat' dir='ltr'>viret</span> <span class='ocrx_word' id='word_1_9' title='bbox 463 303 659 350; x_wconf 82' lang='lat' dir='ltr'>semper</span> <span class='ocrx_word' id='word_1_10' title='bbox 684 287 869 343; x_wconf 89' lang='lat' dir='ltr'>laurus,</span> <span class='ocrx_word' id='word_1_11' title='bbox 897 303 988 334; x_wconf 90' lang='lat' dir='ltr'>nec</span> <span class='ocrx_word' id='word_1_12' title='bbox 1014 287 1187 337; x_wconf 89' lang='lat' dir='ltr'>fronde</span> <span class='ocrx_word' id='word_1_13' title='bbox 1212 293 1402 340; x_wconf 85' lang='lat' dir='ltr'>caduca</span> <span class='ocrx_word' id='word_1_14' title='bbox 1442 297 1505 340; x_wconf 81' lang='lat'>45</span> 
     </span>
     <span class='ocr_line' id='line_1_4' title="bbox 179 365 1295 429; baseline 0.003 -17"><span class='ocrx_word' id='word_1_15' title='bbox 179 365 430 429; x_wconf 83' lang='lat' dir='ltr'>Carpitur,</span> <span class='ocrx_word' id='word_1_16' title='bbox 457 373 698 413; x_wconf 83' lang='lat' dir='ltr'>aeternum</span> <span class='ocrx_word' id='word_1_17' title='bbox 723 365 794 412; x_wconf 92' lang='lat' dir='ltr'>sic</span> <span class='ocrx_word' id='word_1_18' title='bbox 820 365 974 411; x_wconf 87' lang='lat' dir='ltr'>habet</span> <span class='ocrx_word' id='word_1_19' title='bbox 998 365 1083 412; x_wconf 85' lang='lat' dir='ltr'>illa</span> <span class='ocrx_word' id='word_1_20' title='bbox 1107 367 1295 415; x_wconf 80' lang='lat' dir='ltr'>decus?</span> 
     </span>
    </p>

    <p class='ocr_par' dir='ltr' id='par_1_4' title="bbox 113 442 1334 583">
     <span class='ocr_line' id='line_1_5' title="bbox 113 442 1334 506; baseline 0.003 -18"><span class='ocrx_word' id='word_1_21' title='bbox 113 442 381 505; x_wconf 81' lang='lat' dir='ltr'>Causaque</span> <span class='ocrx_word' id='word_1_22' title='bbox 406 443 676 506; x_wconf 83' lang='lat' dir='ltr'>subpositae</span> <span class='ocrx_word' id='word_1_23' title='bbox 703 442 889 505; x_wconf 88' lang='lat' dir='ltr'>scripto</span> <span class='ocrx_word' id='word_1_24' title='bbox 915 449 1100 489; x_wconf 85' lang='lat' dir='ltr'>testata</span> <span class='ocrx_word' id='word_1_25' title='bbox 1124 459 1334 500; x_wconf 77' lang='lat' dir='ltr'>coronae,</span> 
     </span>
     <span class='ocr_line' id='line_1_6' title="bbox 179 518 1099 583; baseline 0.002 -18"><span class='ocrx_word' id='word_1_26' title='bbox 179 518 411 567; x_wconf 86' lang='lat' dir='ltr'>Servatos</span> <span class='ocrx_word' id='word_1_27' title='bbox 435 519 569 566; x_wconf 88' lang='lat' dir='ltr'>cives</span> <span class='ocrx_word' id='word_1_28' title='bbox 595 519 782 566; x_wconf 84' lang='lat' dir='ltr'>indicat</span> <span class='ocrx_word' id='word_1_29' title='bbox 807 519 956 582; x_wconf 92' lang='lat' dir='ltr'>hujus</span> <span class='ocrx_word' id='word_1_30' title='bbox 976 535 1070 583; x_wconf 91' lang='lat' dir='ltr'>ope</span> <span class='ocrx_word' id='word_1_31' title='bbox 1090 537 1099 567; x_wconf 92' lang='lat'>:</span> 
     </span>
    </p>

    <p class='ocr_par' dir='ltr' id='par_1_5' title="bbox 109 595 1501 737">
     <span class='ocr_line' id='line_1_7' title="bbox 109 595 1315 659; baseline 0.003 -18"><span class='ocrx_word' id='word_1_32' title='bbox 109 595 287 658; x_wconf 89' lang='lat' dir='ltr'>Adjice</span> <span class='ocrx_word' id='word_1_33' title='bbox 312 597 517 644; x_wconf 86' lang='lat' dir='ltr'>servatis</span> <span class='ocrx_word' id='word_1_34' title='bbox 542 613 711 652; x_wconf 89' lang='lat' dir='ltr'>unum,</span> <span class='ocrx_word' id='word_1_35' title='bbox 739 603 880 659; x_wconf 84' lang='lat' dir='ltr'>pater</span> <span class='ocrx_word' id='word_1_36' title='bbox 905 597 1110 659; x_wconf 82' lang='lat' dir='ltr'>optime,</span> <span class='ocrx_word' id='word_1_37' title='bbox 1139 598 1315 654; x_wconf 85' lang='lat' dir='ltr'>civem,</span> 
     </span>
     <span class='ocr_line' id='line_1_8' title="bbox 178 671 1501 737; baseline 0.003 -17"><span class='ocrx_word' id='word_1_38' title='bbox 178 671 276 727; x_wconf 85' lang='lat' dir='ltr'>Qui</span> <span class='ocrx_word' id='word_1_39' title='bbox 300 674 473 737; x_wconf 87' lang='lat' dir='ltr'>procul</span> <span class='ocrx_word' id='word_1_40' title='bbox 498 680 722 720; x_wconf 86' lang='lat' dir='ltr'>extremo</span> <span class='ocrx_word' id='word_1_41' title='bbox 747 674 921 737; x_wconf 87' lang='lat' dir='ltr'>pulsus</span> <span class='ocrx_word' id='word_1_42' title='bbox 948 674 998 719; x_wconf 93' lang='lat' dir='ltr'>in</span> <span class='ocrx_word' id='word_1_43' title='bbox 1023 675 1143 721; x_wconf 86' lang='lat' dir='ltr'>orbe</span> <span class='ocrx_word' id='word_1_44' title='bbox 1163 675 1328 737; x_wconf 82' lang='lat' dir='ltr'>jacet3</span> <span class='ocrx_word' id='word_1_45' title='bbox 1437 681 1501 724; x_wconf 84' lang='lat'>50</span> 
     </span>
    </p>

    <p class='ocr_par' dir='ltr' id='par_1_6' title="bbox 112 748 1318 814">
     <span class='ocr_line' id='line_1_9' title="bbox 112 748 1318 814; baseline 0.003 -19"><span class='ocrx_word' id='word_1_46' title='bbox 112 748 170 796; x_wconf 93' lang='lat' dir='ltr'>In</span> <span class='ocrx_word' id='word_1_47' title='bbox 197 766 296 813; x_wconf 92' lang='lat' dir='ltr'>quo</span> <span class='ocrx_word' id='word_1_48' title='bbox 321 767 594 814; x_wconf 88' lang='lat' dir='ltr'>poenarum,</span> <span class='ocrx_word' id='word_1_49' title='bbox 622 767 747 814; x_wconf 89' lang='lat' dir='ltr'>quas</span> <span class='ocrx_word' id='word_1_50' title='bbox 774 767 828 798; x_wconf 89' lang='lat' dir='ltr'>se</span> <span class='ocrx_word' id='word_1_51' title='bbox 854 751 1095 798; x_wconf 91' lang='lat' dir='ltr'>meruisse</span> <span class='ocrx_word' id='word_1_52' title='bbox 1120 751 1318 808; x_wconf 82' lang='lat' dir='ltr'>fatetur,</span> 
     </span>
    </p>

    <p class='ocr_par' dir='ltr' id='par_1_7' title="bbox 114 826 1365 883">
     <span class='ocr_line' id='line_1_10' title="bbox 114 826 1365 883; baseline 0.003 -9"><span class='ocrx_word' id='word_1_53' title='bbox 114 857 120 861; x_wconf 88' lang='lat'>-</span> <span class='ocrx_word' id='word_1_54' title='bbox 177 826 293 874; x_wconf 92' lang='lat' dir='ltr'>Non</span> <span class='ocrx_word' id='word_1_55' title='bbox 316 827 510 875; x_wconf 87' lang='lat' dir='ltr'>facinus</span> <span class='ocrx_word' id='word_1_56' title='bbox 534 845 754 883; x_wconf 86' lang='lat' dir='ltr'>causam,</span> <span class='ocrx_word' id='word_1_57' title='bbox 782 829 871 875; x_wconf 92' lang='lat' dir='ltr'>sed</span> <span class='ocrx_word' id='word_1_58' title='bbox 895 845 1014 875; x_wconf 88' lang='lat' dir='ltr'>suus</span> <span class='ocrx_word' id='word_1_59' title='bbox 1040 845 1174 876; x_wconf 91' lang='lat' dir='ltr'>error</span> <span class='ocrx_word' id='word_1_60' title='bbox 1198 830 1365 878; x_wconf 87' lang='lat' dir='ltr'>habet.</span> 
     </span>
    </p>

    <p class='ocr_par' dir='ltr' id='par_1_8' title="bbox 111 902 1500 972">
     <span class='ocr_line' id='line_1_11' title="bbox 111 902 1500 972; baseline 0.005 -23"><span class='ocrx_word' id='word_1_61' title='bbox 111 902 198 950; x_wconf 90' lang='lat' dir='ltr'>Me</span> <span class='ocrx_word' id='word_1_62' title='bbox 218 904 475 952; x_wconf 89' lang='lat' dir='ltr'>miserum!</span> <span class='ocrx_word' id='word_1_63' title='bbox 501 922 773 969; x_wconf 88' lang='lat' dir='ltr'>vereorque</span> <span class='ocrx_word' id='word_1_64' title='bbox 794 907 975 962; x_wconf 90' lang='lat' dir='ltr'>locum,</span> <span class='ocrx_word' id='word_1_65' title='bbox 992 922 1299 970; x_wconf 86' lang='lat' dir='ltr'>venerorque</span> <span class='ocrx_word' id='word_1_66' title='bbox 1323 916 1500 972; x_wconf 84' lang='lat' dir='ltr'>poten-</span> 
     </span>
    </p>
   </div>
   <div class='ocr_carea' id='block_1_4' title="bbox 107 980 1298 1123">
    <p class='ocr_par' dir='ltr' id='par_1_9' title="bbox 107 980 1298 1123">
     <span class='ocr_line' id='line_1_12' title="bbox 177 980 1252 1046; baseline 0.005 -19"><span class='ocrx_word' id='word_1_67' title='bbox 177 980 245 1028; x_wconf 85' lang='lat' dir='ltr'>Et</span> <span class='ocrx_word' id='word_1_68' title='bbox 270 983 709 1046; x_wconf 82' lang='lat' dir='ltr'>quatitur&#39;trepido</span> <span class='ocrx_word' id='word_1_69' title='bbox 735 983 881 1030; x_wconf 86' lang='lat' dir='ltr'>litera</span> <span class='ocrx_word' id='word_1_70' title='bbox 904 993 1076 1030; x_wconf 87' lang='lat' dir='ltr'>nostra</span> <span class='ocrx_word' id='word_1_71' title='bbox 1099 992 1252 1032; x_wconf 77' lang='lat' dir='ltr'>metu,</span> 
     </span>
     <span class='ocr_line' id='line_1_13' title="bbox 107 1057 1298 1123; baseline 0.005 -20"><span class='ocrx_word' id='word_1_72' title='bbox 107 1057 342 1121; x_wconf 86' lang='lat' dir='ltr'><strong>Adspicis</strong></span> <span class='ocrx_word' id='word_1_73' title='bbox 368 1059 611 1122; x_wconf 83' lang='lat' dir='ltr'>exsangui</span> <span class='ocrx_word' id='word_1_74' title='bbox 636 1059 860 1106; x_wconf 84' lang='lat' dir='ltr'>chartam</span> <span class='ocrx_word' id='word_1_75' title='bbox 885 1060 1074 1123; x_wconf 88' lang='lat' dir='ltr'>pallere</span> <span class='ocrx_word' id='word_1_76' title='bbox 1099 1063 1298 1109; x_wconf 81' lang='lat' dir='ltr'>colore?</span> 
     </span>
    </p>
   </div>
   <div class='ocr_carea' id='block_1_5' title="bbox 1359 987 1498 1110">
    <p class='ocr_par' dir='ltr' id='par_1_10' title="bbox 1359 987 1498 1110">
     <span class='ocr_line' id='line_1_14' title="bbox 1359 987 1498 1048; baseline -0.007 -15"><span class='ocrx_word' id='word_1_77' title='bbox 1359 987 1479 1048; x_wconf 83' lang='lat' dir='ltr'>[tem</span> <span class='ocrx_word' id='word_1_78' title='bbox 1488 1026 1498 1042; x_wconf 91' lang='lat'>‚</span> 
     </span>
     <span class='ocr_line' id='line_1_15' title="bbox 1435 1067 1497 1110; baseline 0 0"><span class='ocrx_word' id='word_1_79' title='bbox 1435 1067 1497 1110; x_wconf 85' lang='lat'>55</span> 
     </span>
    </p>
   </div>
   <div class='ocr_carea' id='block_1_6' title="bbox 105 1134 1410 1432">
    <p class='ocr_par' dir='ltr' id='par_1_11' title="bbox 105 1134 1410 1432">
     <span class='ocr_line' id='line_1_16' title="bbox 170 1134 1209 1201; baseline 0.004 -20"><span class='ocrx_word' id='word_1_80' title='bbox 170 1134 405 1199; x_wconf 87' lang='lat' dir='ltr'>Adspicis</span> <span class='ocrx_word' id='word_1_81' title='bbox 431 1137 645 1184; x_wconf 85' lang='lat' dir='ltr'>alternos</span> <span class='ocrx_word' id='word_1_82' title='bbox 670 1137 989 1184; x_wconf 87' lang='lat' dir='ltr'>intremuisse</span> <span class='ocrx_word' id='word_1_83' title='bbox 1015 1138 1209 1201; x_wconf 82' lang='lat' dir='ltr'>pedes?</span> 
     </span>
     <span class='ocr_line' id='line_1_17' title="bbox 105 1211 1410 1279; baseline 0.003 -20"><span class='ocrx_word' id='word_1_84' title='bbox 105 1211 553 1276; x_wconf 83' lang='lat' dir='ltr'>Quandocumque,</span> <span class='ocrx_word' id='word_1_85' title='bbox 580 1229 770 1277; x_wconf 85' lang='lat' dir='ltr'>precor,</span> <span class='ocrx_word' id='word_1_86' title='bbox 800 1222 967 1260; x_wconf 83' lang='lat' dir='ltr'>nostro</span> <span class='ocrx_word' id='word_1_87' title='bbox 993 1215 1191 1277; x_wconf 85' lang='lat' dir='ltr'>placata</span> <span class='ocrx_word' id='word_1_88' title='bbox 1215 1216 1410 1279; x_wconf 85' lang='lat' dir='ltr'>parenti</span> 
     </span>
     <span class='ocr_line' id='line_1_18' title="bbox 173 1288 1226 1354; baseline 0.003 -18"><span class='ocrx_word' id='word_1_89' title='bbox 173 1288 342 1337; x_wconf 89' lang='lat' dir='ltr'>Isdem</span> <span class='ocrx_word' id='word_1_90' title='bbox 367 1291 460 1337; x_wconf 93' lang='lat' dir='ltr'>sub</span> <span class='ocrx_word' id='word_1_91' title='bbox 486 1291 698 1338; x_wconf 89' lang='lat' dir='ltr'>dominis</span> <span class='ocrx_word' id='word_1_92' title='bbox 725 1291 1002 1354; x_wconf 89' lang='lat' dir='ltr'>adspiciare</span> <span class='ocrx_word' id='word_1_93' title='bbox 1029 1293 1226 1339; x_wconf 88' lang='lat' dir='ltr'>domus.</span> 
     </span>
     <span class='ocr_line' id='line_1_19' title="bbox 106 1366 1270 1432; baseline 0.003 -19"><span class='ocrx_word' id='word_1_94' title='bbox 106 1366 232 1414; x_wconf 92' lang='lat' dir='ltr'>Inde</span> <span class='ocrx_word' id='word_1_95' title='bbox 254 1373 427 1415; x_wconf 86' lang='lat' dir='ltr'>tenore</span> <span class='ocrx_word' id='word_1_96' title='bbox 451 1368 574 1432; x_wconf 87' lang='lat' dir='ltr'>pari,</span> <span class='ocrx_word' id='word_1_97' title='bbox 602 1369 837 1431; x_wconf 84' lang='lat' dir='ltr'>gradibus</span> <span class='ocrx_word' id='word_1_98' title='bbox 864 1368 1097 1415; x_wconf 87' lang='lat' dir='ltr'>sublimia</span> <span class='ocrx_word' id='word_1_99' title='bbox 1122 1369 1270 1416; x_wconf 90' lang='lat' dir='ltr'>celsis</span> 
     </span>
    </p>
   </div>
   <div class='ocr_carea' id='block_1_7' title="bbox 171 1443 1236 1509">
    <p class='ocr_par' dir='ltr' id='par_1_12' title="bbox 171 1443 1236 1509">
     <span class='ocr_line' id='line_1_20' title="bbox 171 1443 1236 1509; baseline 0.001 -19"><span class='ocrx_word' id='word_1_100' title='bbox 171 1443 342 1491; x_wconf 88' lang='lat' dir='ltr'>Ducor</span> <span class='ocrx_word' id='word_1_101' title='bbox 364 1445 427 1492; x_wconf 91' lang='lat' dir='ltr'>ad</span> <span class='ocrx_word' id='word_1_102' title='bbox 452 1445 634 1492; x_wconf 90' lang='lat' dir='ltr'>intonsi</span> <span class='ocrx_word' id='word_1_103' title='bbox 659 1445 874 1492; x_wconf 86' lang='lat' dir='ltr'>candida</span> <span class='ocrx_word' id='word_1_104' title='bbox 897 1446 1086 1509; x_wconf 89' lang='lat' dir='ltr'>templa</span> <span class='ocrx_word' id='word_1_105' title='bbox 1112 1446 1236 1503; x_wconf 85' lang='lat' dir='ltr'>Dei3</span> 
     </span>
    </p>
   </div>
   <div class='ocr_carea' id='block_1_8' title="bbox 1434 1450 1497 1495">
    <p class='ocr_par' dir='ltr' id='par_1_13' title="bbox 1434 1450 1497 1495">
     <span class='ocr_line' id='line_1_21' title="bbox 1434 1450 1497 1495; baseline 0.016 -1"><span class='ocrx_word' id='word_1_106' title='bbox 1434 1450 1497 1495; x_wconf 87' lang='lat'>60</span> 
     </span>
    </p>
   </div>
   <div class='ocr_carea' id='block_1_9' title="bbox 106 1520 1298 1663">
    <p class='ocr_par' dir='ltr' id='par_1_14' title="bbox 106 1520 1298 1663">
     <span class='ocr_line' id='line_1_22' title="bbox 106 1520 1298 1584; baseline 0.003 -17"><span class='ocrx_word' id='word_1_107' title='bbox 106 1520 262 1583; x_wconf 87' lang='lat' dir='ltr'>Signa</span> <span class='ocrx_word' id='word_1_108' title='bbox 284 1522 557 1584; x_wconf 85' lang='lat' dir='ltr'>peregrinis</span> <span class='ocrx_word' id='word_1_109' title='bbox 582 1522 668 1569; x_wconf 88' lang='lat' dir='ltr'>ubi</span> <span class='ocrx_word' id='word_1_110' title='bbox 694 1530 812 1569; x_wconf 84' lang='lat' dir='ltr'>sunt</span> <span class='ocrx_word' id='word_1_111' title='bbox 837 1523 1028 1570; x_wconf 85' lang='lat' dir='ltr'>alterna</span> <span class='ocrx_word' id='word_1_112' title='bbox 1052 1524 1298 1570; x_wconf 88' lang='lat' dir='ltr'>columnis</span> 
     </span>
     <span class='ocr_line' id='line_1_23' title="bbox 171 1597 1275 1663; baseline 0.003 -19"><span class='ocrx_word' id='word_1_113' title='bbox 171 1597 392 1655; x_wconf 89' lang='lat' dir='ltr'>Belides,</span> <span class='ocrx_word' id='word_1_114' title='bbox 420 1606 471 1646; x_wconf 83' lang='lat' dir='ltr'>et</span> <span class='ocrx_word' id='word_1_115' title='bbox 495 1599 666 1646; x_wconf 86' lang='lat' dir='ltr'>stricto</span> <span class='ocrx_word' id='word_1_116' title='bbox 690 1600 932 1647; x_wconf 85' lang='lat' dir='ltr'>barbarus</span> <span class='ocrx_word' id='word_1_117' title='bbox 959 1616 1078 1647; x_wconf 90' lang='lat' dir='ltr'>ense</span> <span class='ocrx_word' id='word_1_118' title='bbox 1103 1608 1275 1663; x_wconf 84' lang='lat' dir='ltr'>pater:</span> 
     </span>
    </p>
   </div>
   <div class='ocr_carea' id='block_1_10' title="bbox 95 1730 764 2754">
    <p class='ocr_par' dir='ltr' id='par_1_15' title="bbox 97 1730 764 1958">
     <span class='ocr_line' id='line_1_24' title="bbox 101 1730 763 1767; baseline 0.005 -7"><span class='ocrx_word' id='word_1_119' title='bbox 101 1730 277 1762; x_wconf 85' lang='lat' dir='ltr'>Paciferam</span> <span class='ocrx_word' id='word_1_120' title='bbox 299 1730 423 1761; x_wconf 85' lang='lat' dir='ltr'>laurum</span> <span class='ocrx_word' id='word_1_121' title='bbox 446 1731 552 1767; x_wconf 84' lang='lat' dir='ltr'>fmsse,</span> <span class='ocrx_word' id='word_1_122' title='bbox 577 1731 669 1763; x_wconf 89' lang='lat' dir='ltr'>docet</span> <span class='ocrx_word' id='word_1_123' title='bbox 694 1732 763 1763; x_wconf 88' lang='lat' dir='ltr'>Pli-</span> 
     </span>
     <span class='ocr_line' id='line_1_25' title="bbox 101 1779 762 1822; baseline 0.003 -12"><span class='ocrx_word' id='word_1_124' title='bbox 101 1779 183 1816; x_wconf 86' lang='lat' dir='ltr'>nius,</span> <span class='ocrx_word' id='word_1_125' title='bbox 203 1780 258 1810; x_wconf 93' lang='lat' dir='ltr'>lib.</span> <span class='ocrx_word' id='word_1_126' title='bbox 277 1791 328 1810; x_wconf 78' lang='grc' dir='ltr'>Χν.</span> <span class='ocrx_word' id='word_1_127' title='bbox 344 1790 415 1822; x_wconf 85' lang='lat' dir='ltr'>cap.</span> <span class='ocrx_word' id='word_1_128' title='bbox 434 1781 486 1810; x_wconf 90' lang='grc'>40.</span> <span class='ocrx_word' id='word_1_129' title='bbox 503 1781 577 1812; x_wconf 86' lang='lat' dir='ltr'>edit.</span> <span class='ocrx_word' id='word_1_130' title='bbox 594 1782 762 1818; x_wconf 86' lang='lat' dir='ltr'>Harduini,</span> 
     </span>
     <span class='ocr_line' id='line_1_26' title="bbox 101 1828 762 1871; baseline 0.006 -13"><span class='ocrx_word' id='word_1_131' title='bbox 101 1828 150 1860; x_wconf 90' lang='lat' dir='ltr'>his</span> <span class='ocrx_word' id='word_1_132' title='bbox 160 1829 278 1860; x_wconf 85' lang='lat' dir='ltr'>verbis:</span> <span class='ocrx_word' id='word_1_133' title='bbox 296 1829 365 1869; x_wconf 82' lang='lat' dir='ltr'>Ipsa</span> <span class='ocrx_word' id='word_1_134' title='bbox 378 1831 524 1871; x_wconf 62' lang='lat' dir='ltr'>pacifera,</span> <span class='ocrx_word' id='word_1_135' title='bbox 536 1838 573 1861; x_wconf 83' lang='lat' dir='ltr'>ut</span> <span class='ocrx_word' id='word_1_136' title='bbox 585 1843 671 1871; x_wconf 83' lang='lat' dir='ltr'>quam</span> <span class='ocrx_word' id='word_1_137' title='bbox 685 1843 762 1871; x_wconf 73' lang='lat' dir='ltr'>prce-</span> 
     </span>
     <span class='ocr_line' id='line_1_27' title="bbox 101 1879 764 1921; baseline 0.006 -13"><span class='ocrx_word' id='word_1_138' title='bbox 101 1879 184 1908; x_wconf 81' lang='lat' dir='ltr'>tendi</span> <span class='ocrx_word' id='word_1_139' title='bbox 197 1880 287 1909; x_wconf 75' lang='lat' dir='ltr'>etiam</span> <span class='ocrx_word' id='word_1_140' title='bbox 299 1880 380 1909; x_wconf 80' lang='lat' dir='ltr'>inter</span> <span class='ocrx_word' id='word_1_141' title='bbox 395 1886 524 1910; x_wconf 70' lang='lat' dir='ltr'>armatos</span> <span class='ocrx_word' id='word_1_142' title='bbox 540 1881 643 1917; x_wconf 77' lang='lat' dir='ltr'>hostes,</span> <span class='ocrx_word' id='word_1_143' title='bbox 657 1883 764 1921; x_wconf 81' lang='lat' dir='ltr'>qnietis</span> 
     </span>
     <span class='ocr_line' id='line_1_28' title="bbox 97 1929 308 1958; baseline 0.005 -1"><span class='ocrx_word' id='word_1_144' title='bbox 97 1929 137 1957; x_wconf 82' lang='lat' dir='ltr'>sit</span> <span class='ocrx_word' id='word_1_145' title='bbox 152 1929 308 1958; x_wconf 84' lang='lat' dir='ltr'>indicium.</span> 
     </span>
    </p>

    <p class='ocr_par' dir='ltr' id='par_1_16' title="bbox 95 1976 762 2555">
     <span class='ocr_line' id='line_1_29' title="bbox 141 1976 762 2020; baseline 0.003 -14"><span class='ocrx_word' id='word_1_146' title='bbox 141 1977 194 2008; x_wconf 88' lang='lat'>47.</span> <span class='ocrx_word' id='word_1_147' title='bbox 219 1976 374 2017; x_wconf 83' lang='lat' dir='ltr'>Causaque</span> <span class='ocrx_word' id='word_1_148' title='bbox 400 1977 580 2018; x_wconf 79' lang='lat' dir='ltr'>subpositae.]</span> <span class='ocrx_word' id='word_1_149' title='bbox 615 1978 762 2020; x_wconf 87' lang='lat' dir='ltr'>Superior</span> 
     </span>
     <span class='ocr_line' id='line_1_30' title="bbox 98 2025 760 2068; baseline 0.003 -12"><span class='ocrx_word' id='word_1_150' title='bbox 98 2036 170 2068; x_wconf 68' lang='lat' dir='ltr'>pars</span> <span class='ocrx_word' id='word_1_151' title='bbox 179 2026 297 2067; x_wconf 85' lang='lat' dir='ltr'>januae,</span> <span class='ocrx_word' id='word_1_152' title='bbox 311 2025 473 2057; x_wconf 82' lang='lat' dir='ltr'>frondibus</span> <span class='ocrx_word' id='word_1_153' title='bbox 483 2026 564 2057; x_wconf 85' lang='lat' dir='ltr'>lauri</span> <span class='ocrx_word' id='word_1_154' title='bbox 580 2028 760 2064; x_wconf 83' lang='lat' dir='ltr'>ornabatur,</span> 
     </span>
     <span class='ocr_line' id='line_1_31' title="bbox 97 2074 760 2118; baseline 0.003 -13"><span class='ocrx_word' id='word_1_155' title='bbox 97 2074 148 2105; x_wconf 90' lang='lat' dir='ltr'>cui</span> <span class='ocrx_word' id='word_1_156' title='bbox 170 2074 313 2116; x_wconf 84' lang='lat' dir='ltr'>subjecta</span> <span class='ocrx_word' id='word_1_157' title='bbox 331 2080 398 2105; x_wconf 86' lang='lat' dir='ltr'>erat</span> <span class='ocrx_word' id='word_1_158' title='bbox 417 2085 531 2106; x_wconf 88' lang='lat' dir='ltr'>corona</span> <span class='ocrx_word' id='word_1_159' title='bbox 545 2086 674 2117; x_wconf 87' lang='lat' dir='ltr'>querna,</span> <span class='ocrx_word' id='word_1_160' title='bbox 691 2087 760 2118; x_wconf 82' lang='lat' dir='ltr'>quae</span> 
     </span>
     <span class='ocr_line' id='line_1_32' title="bbox 97 2123 759 2165; baseline 0.003 -11"><span class='ocrx_word' id='word_1_161' title='bbox 97 2124 127 2154; x_wconf 86' lang='lat' dir='ltr'>ei</span> <span class='ocrx_word' id='word_1_162' title='bbox 142 2124 285 2160; x_wconf 86' lang='lat' dir='ltr'>dabatur,</span> <span class='ocrx_word' id='word_1_163' title='bbox 300 2123 354 2165; x_wconf 87' lang='lat' dir='ltr'>qui</span> <span class='ocrx_word' id='word_1_164' title='bbox 372 2123 473 2155; x_wconf 87' lang='lat' dir='ltr'>civem</span> <span class='ocrx_word' id='word_1_165' title='bbox 488 2131 652 2161; x_wconf 85' lang='lat' dir='ltr'>servasset,</span> <span class='ocrx_word' id='word_1_166' title='bbox 669 2131 700 2156; x_wconf 81' lang='lat' dir='ltr'>et</span> <span class='ocrx_word' id='word_1_167' title='bbox 715 2129 759 2156; x_wconf 79' lang='lat' dir='ltr'>ci-</span> 
     </span>
     <span class='ocr_line' id='line_1_33' title="bbox 96 2173 760 2205; baseline 0.003 -2"><span class='ocrx_word' id='word_1_168' title='bbox 96 2175 163 2204; x_wconf 79' lang='lat' dir='ltr'>vica</span> <span class='ocrx_word' id='word_1_169' title='bbox 185 2173 359 2204; x_wconf 81' lang='lat' dir='ltr'>dicebatur.</span> <span class='ocrx_word' id='word_1_170' title='bbox 401 2173 486 2204; x_wconf 87' lang='lat' dir='ltr'>Hinc</span> <span class='ocrx_word' id='word_1_171' title='bbox 509 2174 616 2205; x_wconf 84' lang='lat' dir='ltr'>civicae</span> <span class='ocrx_word' id='word_1_172' title='bbox 641 2185 760 2205; x_wconf 86' lang='lat' dir='ltr'>coronae</span> 
     </span>
     <span class='ocr_line' id='line_1_34' title="bbox 97 2221 760 2264; baseline 0.003 -12"><span class='ocrx_word' id='word_1_173' title='bbox 97 2222 244 2257; x_wconf 82' lang='lat' dir='ltr'>militum,</span> <span class='ocrx_word' id='word_1_174' title='bbox 259 2221 382 2252; x_wconf 85' lang='lat' dir='ltr'>virtutis</span> <span class='ocrx_word' id='word_1_175' title='bbox 397 2222 519 2264; x_wconf 87' lang='lat' dir='ltr'>insigne</span> <span class='ocrx_word' id='word_1_176' title='bbox 540 2223 760 2255; x_wconf 83' lang='lat' dir='ltr'>clarissimum.</span> 
     </span>
     <span class='ocr_line' id='line_1_35' title="bbox 97 2270 760 2314; baseline 0.003 -14"><span class='ocrx_word' id='word_1_177' title='bbox 97 2270 184 2301; x_wconf 85' lang='lat' dir='ltr'>Illud</span> <span class='ocrx_word' id='word_1_178' title='bbox 195 2270 378 2307; x_wconf 89' lang='lat' dir='ltr'>notandum,</span> <span class='ocrx_word' id='word_1_179' title='bbox 387 2270 522 2301; x_wconf 88' lang='lat' dir='ltr'>civicam</span> <span class='ocrx_word' id='word_1_180' title='bbox 533 2282 678 2303; x_wconf 86' lang='lat' dir='ltr'>coronam</span> <span class='ocrx_word' id='word_1_181' title='bbox 690 2273 760 2314; x_wconf 81' lang='lat' dir='ltr'>ilig-</span> 
     </span>
     <span class='ocr_line' id='line_1_36' title="bbox 96 2319 761 2363; baseline 0.005 -14"><span class='ocrx_word' id='word_1_182' title='bbox 96 2330 168 2350; x_wconf 81' lang='lat' dir='ltr'>nam</span> <span class='ocrx_word' id='word_1_183' title='bbox 191 2319 290 2361; x_wconf 86' lang='lat' dir='ltr'>primo</span> <span class='ocrx_word' id='word_1_184' title='bbox 305 2319 420 2358; x_wconf 83' lang='lat' dir='ltr'>fuisse3</span> <span class='ocrx_word' id='word_1_185' title='bbox 443 2326 552 2362; x_wconf 87' lang='lat' dir='ltr'>postea</span> <span class='ocrx_word' id='word_1_186' title='bbox 573 2321 674 2362; x_wconf 82' lang='lat' dir='ltr'>magis</span> <span class='ocrx_word' id='word_1_187' title='bbox 695 2322 761 2363; x_wconf 85' lang='lat' dir='ltr'>pla·</span> 
     </span>
     <span class='ocr_line' id='line_1_37' title="bbox 97 2368 760 2411; baseline 0.002 -12"><span class='ocrx_word' id='word_1_188' title='bbox 97 2369 161 2399; x_wconf 87' lang='lat' dir='ltr'>cuit</span> <span class='ocrx_word' id='word_1_189' title='bbox 174 2378 212 2398; x_wconf 86' lang='lat' dir='ltr'>ex</span> <span class='ocrx_word' id='word_1_190' title='bbox 228 2368 342 2398; x_wconf 87' lang='lat' dir='ltr'>aesculo</span> <span class='ocrx_word' id='word_1_191' title='bbox 355 2368 428 2400; x_wconf 89' lang='lat' dir='ltr'>Jovi</span> <span class='ocrx_word' id='word_1_192' title='bbox 443 2379 541 2400; x_wconf 88' lang='lat' dir='ltr'>sacra.</span> <span class='ocrx_word' id='word_1_193' title='bbox 586 2371 687 2411; x_wconf 85' lang='lat' dir='ltr'>Leges</span> <span class='ocrx_word' id='word_1_194' title='bbox 706 2381 760 2400; x_wconf 86' lang='lat' dir='ltr'>au-</span> 
     </span>
     <span class='ocr_line' id='line_1_38' title="bbox 95 2416 760 2458; baseline 0.006 -12"><span class='ocrx_word' id='word_1_195' title='bbox 95 2423 160 2447; x_wconf 88' lang='lat' dir='ltr'>tem</span> <span class='ocrx_word' id='word_1_196' title='bbox 175 2416 254 2458; x_wconf 80' lang='lat' dir='ltr'>eju5,</span> <span class='ocrx_word' id='word_1_197' title='bbox 266 2416 320 2457; x_wconf 88' lang='lat' dir='ltr'>qui</span> <span class='ocrx_word' id='word_1_198' title='bbox 333 2416 434 2448; x_wconf 87' lang='lat' dir='ltr'>civica</span> <span class='ocrx_word' id='word_1_199' title='bbox 448 2428 562 2448; x_wconf 89' lang='lat' dir='ltr'>corona</span> <span class='ocrx_word' id='word_1_200' title='bbox 576 2419 760 2455; x_wconf 78' lang='lat' dir='ltr'>donabatur,</span> 
     </span>
     <span class='ocr_line' id='line_1_39' title="bbox 95 2465 759 2510; baseline 0.005 -14"><span class='ocrx_word' id='word_1_201' title='bbox 95 2465 191 2506; x_wconf 84' lang='lat' dir='ltr'>legito</span> <span class='ocrx_word' id='word_1_202' title='bbox 207 2465 290 2507; x_wconf 85' lang='lat' dir='ltr'>apud</span> <span class='ocrx_word' id='word_1_203' title='bbox 306 2465 388 2496; x_wconf 92' lang='lat' dir='ltr'>Plin.</span> <span class='ocrx_word' id='word_1_204' title='bbox 400 2466 478 2496; x_wconf 91' lang='lat' dir='ltr'>libro</span> <span class='ocrx_word' id='word_1_205' title='bbox 491 2467 622 2510; x_wconf 83' lang='lat' dir='ltr'>xvi.cap</span> <span class='ocrx_word' id='word_1_206' title='bbox 638 2470 668 2498; x_wconf 87' lang='lat'>4.</span> <span class='ocrx_word' id='word_1_207' title='bbox 694 2467 759 2499; x_wconf 77' lang='lat' dir='ltr'>Alii</span> 
     </span>
     <span class='ocr_line' id='line_1_40' title="bbox 95 2514 523 2555; baseline 0.005 -11"><span class='ocrx_word' id='word_1_208' title='bbox 95 2514 205 2555; x_wconf 86' lang='lat' dir='ltr'>legunt</span> <span class='ocrx_word' id='word_1_209' title='bbox 219 2525 309 2544; x_wconf 79' lang='lat' dir='ltr'>causa</span> <span class='ocrx_word' id='word_1_210' title='bbox 325 2517 523 2554; x_wconf 77' lang='lat' dir='ltr'>superpositoe.</span> 
     </span>
    </p>

    <p class='ocr_par' dir='ltr' id='par_1_17' title="bbox 95 2563 758 2654">
     <span class='ocr_line' id='line_1_41' title="bbox 139 2563 758 2606; baseline 0.002 -12"><span class='ocrx_word' id='word_1_211' title='bbox 139 2564 192 2594; x_wconf 87' lang='lat'>59.</span> <span class='ocrx_word' id='word_1_212' title='bbox 215 2563 293 2593; x_wconf 79' lang='lat' dir='ltr'>Pari</span> <span class='ocrx_word' id='word_1_213' title='bbox 308 2564 436 2604; x_wconf 65' lang='lat' dir='ltr'>tenore]</span> <span class='ocrx_word' id='word_1_214' title='bbox 466 2564 540 2595; x_wconf 89' lang='lat' dir='ltr'>Pari</span> <span class='ocrx_word' id='word_1_215' title='bbox 562 2564 681 2601; x_wconf 88' lang='lat' dir='ltr'>ordine,</span> <span class='ocrx_word' id='word_1_216' title='bbox 697 2575 758 2606; x_wconf 91' lang='lat' dir='ltr'>quo</span> 
     </span>
     <span class='ocr_line' id='line_1_42' title="bbox 95 2612 579 2654; baseline 0.004 -12"><span class='ocrx_word' id='word_1_217' title='bbox 95 2623 150 2654; x_wconf 87' lang='lat' dir='ltr'>per</span> <span class='ocrx_word' id='word_1_218' title='bbox 164 2613 274 2643; x_wconf 81' lang='lat' dir='ltr'>urbem</span> <span class='ocrx_word' id='word_1_219' title='bbox 290 2612 442 2644; x_wconf 88' lang='lat' dir='ltr'>hactenus</span> <span class='ocrx_word' id='word_1_220' title='bbox 455 2612 579 2644; x_wconf 85' lang='lat' dir='ltr'>incessi.</span> 
     </span>
    </p>

    <p class='ocr_par' dir='ltr' id='par_1_18' title="bbox 95 2661 758 2754">
     <span class='ocr_line' id='line_1_43' title="bbox 138 2661 758 2704; baseline 0.002 -12"><span class='ocrx_word' id='word_1_221' title='bbox 138 2662 191 2692; x_wconf 88' lang='lat'>60.</span> <span class='ocrx_word' id='word_1_222' title='bbox 222 2661 340 2693; x_wconf 83' lang='lat' dir='ltr'>Intonsi</span> <span class='ocrx_word' id='word_1_223' title='bbox 364 2662 450 2702; x_wconf 81' lang='lat' dir='ltr'>Dei.]</span> <span class='ocrx_word' id='word_1_224' title='bbox 483 2662 642 2704; x_wconf 88' lang='lat' dir='ltr'>Apollinis</span> <span class='ocrx_word' id='word_1_225' title='bbox 664 2663 758 2704; x_wconf 88' lang='lat' dir='ltr'>Capi-</span> 
     </span>
     <span class='ocr_line' id='line_1_44' title="bbox 95 2710 758 2754; baseline 0.003 -14"><span class='ocrx_word' id='word_1_226' title='bbox 95 2710 196 2742; x_wconf 79' lang='lat' dir='ltr'>tolini.</span> <span class='ocrx_word' id='word_1_227' title='bbox 233 2711 513 2742; x_wconf 56' lang='lat' dir='ltr'>Mna—Candida</span> <span class='ocrx_word' id='word_1_228' title='bbox 536 2717 662 2754; x_wconf 87' lang='lat' dir='ltr'>propter</span> <span class='ocrx_word' id='word_1_229' title='bbox 678 2722 758 2742; x_wconf 84' lang='lat' dir='ltr'>mar-</span> 
     </span>
    </p>
   </div>
   <div class='ocr_carea' id='block_1_11' title="bbox 825 1738 1500 2693">
    <p class='ocr_par' dir='ltr' id='par_1_19' title="bbox 831 1738 1500 1861">
     <span class='ocr_line' id='line_1_45' title="bbox 832 1738 1498 1774; baseline 0.003 -12"><span class='ocrx_word' id='word_1_230' title='bbox 832 1743 908 1767; x_wconf 90' lang='lat' dir='ltr'>mor,</span> <span class='ocrx_word' id='word_1_231' title='bbox 945 1743 1006 1774; x_wconf 93' lang='lat' dir='ltr'>quo</span> <span class='ocrx_word' id='word_1_232' title='bbox 1045 1738 1129 1763; x_wconf 88' lang='lat' dir='ltr'>tecta</span> <span class='ocrx_word' id='word_1_233' title='bbox 1165 1740 1197 1763; x_wconf 85' lang='lat' dir='ltr'>et</span> <span class='ocrx_word' id='word_1_234' title='bbox 1234 1739 1343 1763; x_wconf 87' lang='lat' dir='ltr'>ornata</span> <span class='ocrx_word' id='word_1_235' title='bbox 1387 1740 1473 1764; x_wconf 80' lang='lat' dir='ltr'>erant</span> <span class='ocrx_word' id='word_1_236' title='bbox 1493 1747 1498 1763; x_wconf 93' lang='lat'><strong>:</strong></span> 
     </span>
     <span class='ocr_line' id='line_1_46' title="bbox 831 1782 1500 1824; baseline 0.003 -12"><span class='ocrx_word' id='word_1_237' title='bbox 831 1782 880 1812; x_wconf 75' lang='lat' dir='ltr'>vel</span> <span class='ocrx_word' id='word_1_238' title='bbox 905 1788 1030 1824; x_wconf 87' lang='lat' dir='ltr'>propter</span> <span class='ocrx_word' id='word_1_239' title='bbox 1053 1782 1275 1823; x_wconf 83' lang='lat' dir='ltr'>elegantiorem</span> <span class='ocrx_word' id='word_1_240' title='bbox 1300 1789 1500 1815; x_wconf 81' lang='lat' dir='ltr'>structuram.</span> 
     </span>
     <span class='ocr_line' id='line_1_47' title="bbox 831 1831 936 1861; baseline 0.01 -1"><span class='ocrx_word' id='word_1_241' title='bbox 831 1831 936 1861; x_wconf 66' lang='lat' dir='ltr'>PoxT.</span> 
     </span>
    </p>

    <p class='ocr_par' dir='ltr' id='par_1_20' title="bbox 825 1879 1499 2400">
     <span class='ocr_line' id='line_1_48' title="bbox 874 1879 1499 1922; baseline 0.005 -13"><span class='ocrx_word' id='word_1_242' title='bbox 874 1880 926 1910; x_wconf 80' lang='lat'>62.</span> <span class='ocrx_word' id='word_1_243' title='bbox 965 1879 1111 1920; x_wconf 59' lang='lat' dir='ltr'>Belides]</span> <span class='ocrx_word' id='word_1_244' title='bbox 1153 1880 1184 1911; x_wconf 86' lang='lat' dir='ltr'>h.</span> <span class='ocrx_word' id='word_1_245' title='bbox 1212 1891 1240 1911; x_wconf 88' lang='lat' dir='ltr'>e.</span> <span class='ocrx_word' id='word_1_246' title='bbox 1270 1880 1499 1922; x_wconf 81' lang='lat' dir='ltr'>quinquaginta</span> 
     </span>
     <span class='ocr_line' id='line_1_49' title="bbox 830 1928 1496 1971; baseline 0.002 -12"><span class='ocrx_word' id='word_1_247' title='bbox 830 1929 937 1959; x_wconf 86' lang='lat' dir='ltr'>Danai</span> <span class='ocrx_word' id='word_1_248' title='bbox 949 1928 1035 1964; x_wconf 85' lang='lat' dir='ltr'>filiae,</span> <span class='ocrx_word' id='word_1_249' title='bbox 1051 1929 1130 1965; x_wconf 86' lang='lat' dir='ltr'>Beli,</span> <span class='ocrx_word' id='word_1_250' title='bbox 1141 1930 1285 1971; x_wconf 76' lang='lat' dir='ltr'>AEgyptii</span> <span class='ocrx_word' id='word_1_251' title='bbox 1296 1936 1416 1971; x_wconf 77' lang='lat' dir='ltr'>neptes,</span> <span class='ocrx_word' id='word_1_252' title='bbox 1427 1942 1496 1971; x_wconf 77' lang='lat' dir='ltr'>quae</span> 
     </span>
     <span class='ocr_line' id='line_1_50' title="bbox 825 1978 1497 2020; baseline 0.001 -12"><span class='ocrx_word' id='word_1_253' title='bbox 825 1978 914 2019; x_wconf 86' lang='lat' dir='ltr'>jussu</span> <span class='ocrx_word' id='word_1_254' title='bbox 929 1978 1028 2020; x_wconf 83' lang='lat' dir='ltr'>patris</span> <span class='ocrx_word' id='word_1_255' title='bbox 1042 1978 1179 2013; x_wconf 88' lang='lat' dir='ltr'>maritos,</span> <span class='ocrx_word' id='word_1_256' title='bbox 1190 1978 1269 2008; x_wconf 90' lang='lat' dir='ltr'>filios</span> <span class='ocrx_word' id='word_1_257' title='bbox 1282 1979 1425 2020; x_wconf 74' lang='lat' dir='ltr'>AEgypti,</span> <span class='ocrx_word' id='word_1_258' title='bbox 1436 1979 1497 2010; x_wconf 83' lang='lat' dir='ltr'>fra-</span> 
     </span>
     <span class='ocr_line' id='line_1_51' title="bbox 829 2027 1499 2070; baseline 0.003 -14"><span class='ocrx_word' id='word_1_259' title='bbox 829 2027 883 2058; x_wconf 85' lang='lat' dir='ltr'>tris</span> <span class='ocrx_word' id='word_1_260' title='bbox 907 2027 1023 2063; x_wconf 85' lang='lat' dir='ltr'>Danai,</span> <span class='ocrx_word' id='word_1_261' title='bbox 1044 2027 1278 2063; x_wconf 84' lang='lat' dir='ltr'>interfecerunt,</span> <span class='ocrx_word' id='word_1_262' title='bbox 1294 2035 1407 2070; x_wconf 86' lang='lat' dir='ltr'>praeter</span> <span class='ocrx_word' id='word_1_263' title='bbox 1430 2029 1499 2069; x_wconf 82' lang='lat' dir='ltr'>Hy-</span> 
     </span>
     <span class='ocr_line' id='line_1_52' title="bbox 828 2077 1498 2117; baseline -0.001 -11"><span class='ocrx_word' id='word_1_264' title='bbox 828 2082 1041 2117; x_wconf 86' lang='lat' dir='ltr'>permestram,</span> <span class='ocrx_word' id='word_1_265' title='bbox 1067 2087 1137 2117; x_wconf 85' lang='lat' dir='ltr'>quae</span> <span class='ocrx_word' id='word_1_266' title='bbox 1165 2077 1327 2117; x_wconf 84' lang='lat' dir='ltr'>Lynceum</span> <span class='ocrx_word' id='word_1_267' title='bbox 1350 2077 1498 2107; x_wconf 79' lang='lat' dir='ltr'>servavit.</span> 
     </span>
     <span class='ocr_line' id='line_1_53' title="bbox 829 2124 1498 2166; baseline 0.003 -12"><span class='ocrx_word' id='word_1_268' title='bbox 829 2136 858 2155; x_wconf 91' lang='lat' dir='ltr'>v.</span> <span class='ocrx_word' id='word_1_269' title='bbox 875 2124 992 2166; x_wconf 82' lang='lat' dir='ltr'>Hygin.</span> <span class='ocrx_word' id='word_1_270' title='bbox 1010 2125 1073 2155; x_wconf 81' lang='lat' dir='ltr'>fab.</span> <span class='ocrx_word' id='word_1_271' title='bbox 1093 2126 1163 2155; x_wconf 85' lang='lat'>168.</span> <span class='ocrx_word' id='word_1_272' title='bbox 1195 2125 1387 2155; x_wconf 85' lang='lat' dir='ltr'>Alternatim</span> <span class='ocrx_word' id='word_1_273' title='bbox 1403 2125 1498 2166; x_wconf 81' lang='lat' dir='ltr'>igitur</span> 
     </span>
     <span class='ocr_line' id='line_1_54' title="bbox 828 2173 1497 2215; baseline 0.001 -12"><span class='ocrx_word' id='word_1_274' title='bbox 828 2173 860 2203; x_wconf 90' lang='lat' dir='ltr'>in</span> <span class='ocrx_word' id='word_1_275' title='bbox 872 2174 1005 2215; x_wconf 88' lang='lat' dir='ltr'>porticu,</span> <span class='ocrx_word' id='word_1_276' title='bbox 1016 2174 1097 2204; x_wconf 82' lang='lat' dir='ltr'>inter</span> <span class='ocrx_word' id='word_1_277' title='bbox 1107 2184 1365 2214; x_wconf 81' lang='lat' dir='ltr'>unamquamque</span> <span class='ocrx_word' id='word_1_278' title='bbox 1378 2174 1497 2204; x_wconf 85' lang='lat' dir='ltr'>colum-</span> 
     </span>
     <span class='ocr_line' id='line_1_55' title="bbox 829 2222 1497 2263; baseline 0.001 -11"><span class='ocrx_word' id='word_1_279' title='bbox 829 2233 939 2252; x_wconf 87' lang='lat' dir='ltr'>narum</span> <span class='ocrx_word' id='word_1_280' title='bbox 954 2222 1079 2263; x_wconf 84' lang='lat' dir='ltr'>signum</span> <span class='ocrx_word' id='word_1_281' title='bbox 1094 2222 1221 2263; x_wconf 84' lang='lat' dir='ltr'>aliquod</span> <span class='ocrx_word' id='word_1_282' title='bbox 1237 2222 1421 2252; x_wconf 88' lang='lat' dir='ltr'>Danaidum</span> <span class='ocrx_word' id='word_1_283' title='bbox 1439 2223 1497 2253; x_wconf 86' lang='lat' dir='ltr'>fuit</span> 
     </span>
     <span class='ocr_line' id='line_1_56' title="bbox 830 2271 1496 2312; baseline -0.002 -11"><span class='ocrx_word' id='word_1_284' title='bbox 830 2271 1029 2306; x_wconf 85' lang='lat' dir='ltr'>collocatum,</span> <span class='ocrx_word' id='word_1_285' title='bbox 1045 2271 1077 2300; x_wconf 90' lang='lat' dir='ltr'>in</span> <span class='ocrx_word' id='word_1_286' title='bbox 1094 2272 1156 2301; x_wconf 86' lang='lat' dir='ltr'>alia</span> <span class='ocrx_word' id='word_1_287' title='bbox 1175 2278 1264 2312; x_wconf 73' lang='lat' dir='ltr'>pater</span> <span class='ocrx_word' id='word_1_288' title='bbox 1279 2272 1411 2302; x_wconf 85' lang='lat' dir='ltr'>Danaus</span> <span class='ocrx_word' id='word_1_289' title='bbox 1426 2271 1496 2302; x_wconf 79' lang='lat' dir='ltr'>stri-</span> 
     </span>
     <span class='ocr_line' id='line_1_57' title="bbox 828 2319 1496 2362; baseline 0.001 -12"><span class='ocrx_word' id='word_1_290' title='bbox 828 2326 879 2351; x_wconf 87' lang='lat' dir='ltr'>cto</span> <span class='ocrx_word' id='word_1_291' title='bbox 895 2331 980 2355; x_wconf 89' lang='lat' dir='ltr'>ense,</span> <span class='ocrx_word' id='word_1_292' title='bbox 993 2320 1082 2360; x_wconf 84' lang='lat' dir='ltr'>quasi</span> <span class='ocrx_word' id='word_1_293' title='bbox 1095 2320 1174 2350; x_wconf 90' lang='lat' dir='ltr'>filias</span> <span class='ocrx_word' id='word_1_294' title='bbox 1193 2319 1232 2350; x_wconf 89' lang='lat' dir='ltr'>ad</span> <span class='ocrx_word' id='word_1_295' title='bbox 1249 2319 1369 2350; x_wconf 87' lang='lat' dir='ltr'>caedem</span> <span class='ocrx_word' id='word_1_296' title='bbox 1385 2320 1496 2362; x_wconf 87' lang='lat' dir='ltr'>impel-</span> 
     </span>
     <span class='ocr_line' id='line_1_58' title="bbox 829 2370 1105 2400; baseline -0.004 0"><span class='ocrx_word' id='word_1_297' title='bbox 829 2370 907 2400; x_wconf 89' lang='lat' dir='ltr'>lens.</span> <span class='ocrx_word' id='word_1_298' title='bbox 954 2370 1105 2399; x_wconf 70' lang='lat' dir='ltr'>HARLES.</span> 
     </span>
    </p>

    <p class='ocr_par' dir='ltr' id='par_1_21' title="bbox 872 2418 1351 2458">
     <span class='ocr_line' id='line_1_59' title="bbox 872 2418 1351 2458; baseline 0 -11"><span class='ocrx_word' id='word_1_299' title='bbox 872 2419 984 2448; x_wconf 58' lang='lat' dir='ltr'>Str-icto</span> <span class='ocrx_word' id='word_1_300' title='bbox 1000 2420 1144 2448; x_wconf 66' lang='lat' dir='ltr'>barbarus</span> <span class='ocrx_word' id='word_1_301' title='bbox 1158 2428 1224 2447; x_wconf 81' lang='lat' dir='ltr'>ense</span> <span class='ocrx_word' id='word_1_302' title='bbox 1237 2418 1351 2458; x_wconf 55' lang='lat' dir='ltr'>patera]</span> 
     </span>
    </p>

    <p class='ocr_par' dir='ltr' id='par_1_22' title="bbox 960 2467 1367 2497">
     <span class='ocr_line' id='line_1_60' title="bbox 960 2467 1367 2497; baseline 0 -1"><span class='ocrx_word' id='word_1_303' title='bbox 960 2467 1104 2497; x_wconf 73' lang='lat' dir='ltr'>Potuitne</span> <span class='ocrx_word' id='word_1_304' title='bbox 1120 2468 1245 2497; x_wconf 79' lang='lat' dir='ltr'>ultricia</span> <span class='ocrx_word' id='word_1_305' title='bbox 1263 2467 1367 2497; x_wconf 82' lang='lat' dir='ltr'>Graiis</span> 
     </span>
    </p>

    <p class='ocr_par' dir='ltr' id='par_1_23' title="bbox 875 2517 1497 2557">
     <span class='ocr_line' id='line_1_61' title="bbox 875 2517 1497 2557; baseline -0.002 -11"><span class='ocrx_word' id='word_1_306' title='bbox 875 2517 1049 2557; x_wconf 63' lang='lat' dir='ltr'>Virginibus</span> <span class='ocrx_word' id='word_1_307' title='bbox 1069 2518 1143 2546; x_wconf 82' lang='lat' dir='ltr'>dare</span> <span class='ocrx_word' id='word_1_308' title='bbox 1166 2517 1225 2546; x_wconf 79' lang='lat' dir='ltr'>tela</span> <span class='ocrx_word' id='word_1_309' title='bbox 1240 2522 1338 2555; x_wconf 80' lang='lat' dir='ltr'>pater,</span> <span class='ocrx_word' id='word_1_310' title='bbox 1355 2517 1497 2555; x_wconf 61' lang='lat' dir='ltr'>laetusque</span> 
     </span>
    </p>

    <p class='ocr_par' dir='ltr' id='par_1_24' title="bbox 956 2566 1104 2600">
     <span class='ocr_line' id='line_1_62' title="bbox 956 2566 1104 2600; baseline 0 -5"><span class='ocrx_word' id='word_1_311' title='bbox 956 2566 1104 2600; x_wconf 77' lang='lat' dir='ltr'>dolorum,</span> 
     </span>
    </p>

    <p class='ocr_par' dir='ltr' id='par_1_25' title="bbox 871 2613 1497 2656">
     <span class='ocr_line' id='line_1_63' title="bbox 871 2613 1497 2656; baseline -0.002 -12"><span class='ocrx_word' id='word_1_312' title='bbox 871 2615 1028 2656; x_wconf 76' lang='lat' dir='ltr'>Sanguine</span> <span class='ocrx_word' id='word_1_313' title='bbox 1035 2616 1190 2653; x_wconf 79' lang='lat' dir='ltr'>securosjn</span> <span class='ocrx_word' id='word_1_314' title='bbox 1198 2625 1300 2645; x_wconf 73' lang='lat' dir='ltr'>venum</span> <span class='ocrx_word' id='word_1_315' title='bbox 1312 2613 1497 2654; x_wconf 57' lang='lat' dir='ltr'>perfundere</span> 
     </span>
    </p>

    <p class='ocr_par' dir='ltr' id='par_1_26' title="bbox 955 2665 1085 2693">
     <span class='ocr_line' id='line_1_64' title="bbox 955 2665 1085 2693; baseline 0 0"><span class='ocrx_word' id='word_1_316' title='bbox 955 2665 1085 2693; x_wconf 77' lang='lat' dir='ltr'>somnos!</span> 
     </span>
    </p>
   </div>
   <div class='ocr_carea' id='block_1_12' title="bbox 827 2710 1495 2751">
    <p class='ocr_par' dir='ltr' id='par_1_27' title="bbox 827 2710 1495 2751">
     <span class='ocr_line' id='line_1_65' title="bbox 827 2710 1495 2751; baseline -0.003 -9"><span class='ocrx_word' id='word_1_317' title='bbox 827 2713 906 2742; x_wconf 84' lang='lat' dir='ltr'>Stat.</span> <span class='ocrx_word' id='word_1_318' title='bbox 918 2712 1017 2743; x_wconf 88' lang='lat' dir='ltr'>Theb.</span> <span class='ocrx_word' id='word_1_319' title='bbox 1034 2712 1090 2743; x_wconf 90' lang='lat' dir='ltr'>lib.</span> <span class='ocrx_word' id='word_1_320' title='bbox 1104 2723 1133 2742; x_wconf 92' lang='lat' dir='ltr'>v.</span> <span class='ocrx_word' id='word_1_321' title='bbox 1148 2712 1219 2742; x_wconf 86' lang='lat'>117.</span> <span class='ocrx_word' id='word_1_322' title='bbox 1249 2710 1332 2741; x_wconf 89' lang='lat' dir='ltr'>Hinc</span> <span class='ocrx_word' id='word_1_323' title='bbox 1350 2710 1495 2751; x_wconf 59' lang='lat' dir='ltr'>Aischyl.</span> 
     </span>
    </p>
   </div>
  </div>
 </body>
</html>
