1760 3172
179 168 266 209 336

184 282 290 329 Sub
317 281 462 344 galea
486 287 657 344 pastor
676 279 866 343 junctis
893 280 1002 343 pice
1029 287 1200 327 cantat
1225 280 1421 336 avenis3

573 166 624 206 P.
661 163 772 206 OVI
781 164 873 205 DII
909 163 1190 206 NASONIS

1512 283 1575 327 25

247 358 449 421 Proque
477 358 595 421 lupo
621 356 815 420 pavidae
842 357 974 404 bella
998 364 1231 404 verentur
1252 373 1386 404 oves,

180 434 281 481 Vix
306 450 401 497 ope
426 433 620 480 castelli
647 432 962 480 defendimur
982 413 1073 518 Jet
1099 441 1266 480 tamen
1289 433 1420 479 intus

251 510 407 557 Mista
430 509 550 557 facit
576 509 742 556 Graiis
768 509 980 556 barbara
1003 510 1150 556 turba
1174 518 1393 557 metum:

184 587 387 651 Quippe
414 587 561 633 simul
588 587 732 634 nobis
755 586 949 634 habitat
973 587 1259 634 discrimine
1284 587 1422 634 nullo

254 658 604 721 Barbarus,='et
627 663 748 710 tecti
774 663 887 726 plus
914 679 1117 727 quoque
1143 671 1284 727 parte
1309 671 1464 711 tenet.
1516 665 1580 710 30

184 739 325 795 Quos
350 747 406 786 ut
429 755 527 808 non
555 732 751 801 timeas,
778 740 942 803 possis
968 740 1133 787 odisse
1158 740 1372 786 videndo

251 810 555 872 Pellibuss'et
577 816 728 879 longa
752 824 980 880 tempora
1002 824 1138 864 tecta
1161 832 1320 864 coma.

183 892 290 940 Hos
318 908 537 956 quoque,
567 893 653 955 qui
679 893 833 955 geniti
857 893 1011 940 Graia
1035 893 1305 940 creduntur
1331 893 1392 940 ab
1419 894 1556 949 urbe,

252 968 352 1016 Pro
378 968 541 1033 patrio
567 969 708 1015 cultu
736 969 942 1017 Persica
967 971 1148 1016 bracca
1168 970 1310 1032 tegit.

184 1044 439 1094 Exercent
463 1045 535 1092 illi
562 1045 710 1092 sociae
737 1046 1037 1093 commercia
1062 1046 1245 1108 linguae
1266 1064 1275 1094 :

1516 1049 1579 1094 35

248 1121 348 1169 Per
373 1128 571 1184 gestum
597 1138 675 1169 res
702 1129 779 1169 est
804 1123 1134 1185 significanda
1158 1123 1296 1170 mihi.

184 1198 434 1246 Barbarus
460 1198 541 1246 hic
566 1215 660 1261 ego
682 1215 809 1255 sum,
838 1200 957 1262 quia
982 1216 1081 1247 non
1101 1200 1350 1262 intelligor
1374 1199 1490 1257 ulli;

248 1275 316 1323 Et
339 1276 502 1323 rident
526 1276 693 1323 stolidi
718 1277 870 1324 verba
897 1276 1076 1324 Latina
1103 1277 1248 1324 Getae
1269 1293 1278 1323 :

183 1351 373 1415 Meque
398 1353 565 1416 palam
590 1353 653 1400 de
678 1369 758 1400 me
783 1360 891 1400 tuto
918 1354 1049 1401 mala
1074 1369 1209 1416 saepe
1240 1353 1541 1416 loquuntur;

246 1428 474 1476 Forsitan
499 1429 743 1492 objiciunt
768 1430 1105 1493 exsiliumque
1131 1430 1268 1477 mihi.

1512 1431 1578 1476 40

188 1505 362 1569 thue
387 1506 458 1562 fit,
481 1507 531 1553 in
557 1523 636 1555 me
663 1498 933 1571 aliquid‚‘si
960 1508 1082 1570 quid
1108 1506 1391 1554 dicentibus
1412 1505 1509 1552 illis

249 1581 752 1651 Abnueriny'quoties
781 1576 1160 1646 adnuerimque,
1188 1589 1382 1646 putant.

184 1659 347 1715 Adde,
375 1661 510 1723 quod
536 1661 779 1724 injustum
800 1661 958 1724 rigido
977 1663 1062 1724 jus
1089 1660 1271 1707 dicitur
1295 1674 1431 1714 ense,

253 1736 450 1784 Dantur
475 1744 525 1785 et
549 1737 599 1785 in
625 1738 793 1786 medio
814 1739 1021 1786 vulnera
1045 1752 1180 1801 saepe
1205 1735 1326 1784 foro.

183 1922 323 1963 audeat]
350 1922 436 1959 Quid
454 1922 570 1954 audeat
586 1923 710 1954 colere?
733 1925 852 1961 Scribe,

186 1983 238 2001 rus
253 1973 304 2012 qui
319 1973 413 2002 colere
425 1974 548 2002 audeat.
582 1972 702 2003 mes.

229 2021 283 2050 28.
301 2019 440 2050 Barbara
457 2021 574 2061 turba]
603 2021 706 2057 Getae,
720 2021 773 2063 qui
790 2032 855 2053 una

183 2079 256 2099 cum
272 2070 393 2100 Graecis
405 2070 524 2100 Tomon
537 2069 692 2101 habitant.

228 2119 281 2148 31.
311 2117 390 2152 Quos
418 2125 449 2148 ul
475 2122 532 2148 ιιόη
561 2119 689 2160 timens]
718 2119 853 2153 Quorum

184 2166 277 2208 prim.
304 2167 373 2197 Pal.
399 2167 491 2208 prim.
517 2167 626 2198 Vatic.
654 2174 685 2198 et
713 2168 853 2210 quinque

185 2215 252 2251 alii,
271 2221 306 2246 ut
325 2221 407 2246 esset
431 2214 563 2253 dictum,
580 2217 737 2257 quomodo
761 2219 851 2247 absti-

185 2270 252 2294 neto
269 2266 397 2300 irarum,
413 2266 512 2295 desine
527 2267 718 2305 querelarum
734 2267 773 2296 ab
788 2266 853 2297 Ho-

184 2312 275 2348 ratio,
291 2319 322 2343 et
338 2313 452 2343 similia
466 2314 582 2355 passim
598 2313 702 2344 obvia.

230 2363 282 2392 32.
303 2361 438 2392 Pellibus
462 2369 489 2393 et
515 2364 604 2404 longa
627 2374 748 2403 corpora
776 2370 854 2393 tecta

186 2410 297 2451 comm]
341 2410 468 2442 Pectora
498 2411 627 2453 quidam
652 2417 790 2443 veteres:
822 2419 854 2443 at

187 2470 268 2490 unus
283 2460 490 2491 Bononiensis
503 2470 576 2491 cum
591 2460 701 2502 priscis
713 2461 857 2492 editioni-

184 2509 254 2544 bus,
280 2515 431 2548 tempora5
457 2509 540 2550 quod
567 2516 683 2541 temere
708 2510 858 2541 Ciofanus

187 2557 372 2595 damnarat;
397 2568 469 2588 nam
484 2565 610 2589 comatos
625 2558 742 2601 passim
756 2560 856 2591 Getas

187 2605 347 2642 describit,
376 2612 409 2638 et
436 2606 574 2648 pellibus
603 2608 721 2650 operire
750 2608 855 2649 capita

186 2654 356 2685 etiamnum
382 2655 482 2686 solent
510 2666 565 2698 per
591 2656 855 2699 septemtrionem.

188 2702 310 2734 mes.

965 1926 1018 1956 34.
1038 1924 1101 1954 Pro
1120 1925 1219 1964 patrio
1243 1921 1363 1962 culum]
1394 1922 1454 1952 Pro
1477 1921 1586 1953 habitu

920 1974 1044 2010 Graeco,
1076 1972 1130 2014 qui
1159 1977 1207 2003 est
1242 1971 1355 2003 cultior
1392 1977 1423 2002 et
1455 1970 1586 2002 civilior.

923 2023 1027 2054 Poxr.

965 2073 1017 2102 41.
1050 2071 1120 2102 Hoc
1149 2069 1306 2101 distichon
1336 2069 1586 2100 commentitium

921 2126 975 2151 aut
1002 2127 1086 2151 certe
1114 2120 1340 2161 perobscurum
1365 2124 1496 2149 censent
1519 2128 1587 2149 esse

921 2169 1070 2200 Heinsius
1085 2174 1115 2200 et
1133 2169 1298 2210 Verpoort.
1344 2167 1410 2208 Ego
1427 2177 1499 2197 vero
1514 2177 1587 2198 cum

922 2218 1095 2248 Burmann.
1127 2227 1145 2247 a
1169 2227 1264 2247 manu
1289 2222 1390 2258 poetae
1415 2216 1589 2258 profectum

920 2277 986 2298 esse
1000 2267 1143 2297 arbitror.
1175 2266 1291 2296 Forsan
1307 2265 1385 2295 nihil
1401 2265 1586 2296 mutandum

921 2322 979 2351 est,
995 2315 1048 2346 sed
1074 2315 1116 2345 ita
1139 2313 1418 2356 interpretandum.
1457 2313 1508 2344 Illi
1531 2313 1586 2344 ho-

921 2365 1032 2400 mines,
1049 2370 1084 2395 ut
1109 2363 1214 2394 stolidi
1239 2362 1465 2404 inhumanique
1487 2362 1588 2393 facere

922 2413 1034 2450 solent,
1051 2413 1174 2454 quoties
1200 2412 1379 2443 dicentibus
1398 2412 1460 2442 illis
1483 2411 1587 2453 capite

925 2468 1008 2492 moto
1033 2468 1087 2492 aut
1110 2461 1287 2502 negaverim
1309 2467 1363 2491 aut
1384 2460 1587 2495 adsenserim,

926 2511 1074 2542 adversus
1091 2521 1139 2541 me
1156 2509 1288 2551 aliquid,
1304 2520 1417 2552 nempe
1438 2509 1523 2540 mala
1543 2509 1590 2540 lo-

926 2559 990 2601 qui,
1016 2566 1129 2601 putant
1151 2559 1183 2590 h.
1196 2569 1225 2590 e.
1248 2559 1399 2600 cogitant,
1421 2558 1497 2599 (nisi
1521 2559 1589 2589 loco

920 2615 1033 2647 putant
1049 2609 1153 2650 legere
1166 2607 1256 2638 malis
1270 2608 1411 2647 parant,)
1424 2614 1477 2638 aut
1493 2607 1524 2638 in
1540 2617 1589 2638 me

923 2656 1058 2698 aliquid,
1078 2656 1117 2687 de
1141 2666 1203 2698 quo
1226 2655 1308 2688 male
1332 2656 1511 2698 loquantur,
1533 2656 1587 2686 ob-

922 2711 1060 2736 servant.
1101 2705 1251 2736 Hmiiirs.
