1760 3172
1509 193 1536 232 w

427 191 615 234 ARTIS
650 189 1005 232 AMATORIAE
1037 190 1157 232 LIB.
1192 191 1255 232 ΙΙ.

145 307 224 354 Da
246 307 460 354 reditum
486 322 656 370 puero,
685 306 816 352 senis
843 313 918 353 est
944 306 983 352 si
1010 306 1170 368 gratia
1194 306 1330 353 vilis:

211 384 264 431 Si
290 400 387 431 non
411 385 484 430 vis
509 400 662 447 puero
687 399 907 447 parcere,
936 398 1085 446 parce
1110 384 1233 430 seni.
1469 388 1533 431 30

143 460 352 508 Dixerat
376 461 498 507 haec.
527 460 616 507 sed
642 466 693 507 et
717 460 840 514 haec,
869 466 919 506 et
943 460 1099 506 multo
1126 460 1269 523 plura
1292 460 1476 507 licebat

209 537 417 585 Dicere:
457 553 711 599 regressus
734 553 832 584 non
857 537 1010 584 dabat
1034 537 1116 584 ille
1143 537 1262 584 viro.

142 614 287 668 Quod
307 614 452 661 simul
472 630 528 661 ac
549 614 719 669 sensit,
741 614 904 669 Nunc,
926 615 955 660 ὂ
975 630 1122 669 nunc,
1143 614 1368 669 Daedale,
1386 614 1529 669 dixit,

207 690 487 747 Materiam,
516 692 618 754 qua
645 691 711 737 sis
738 691 1040 753 ingeniosus,
1068 691 1242 738 habes.

144 768 377 816 Possidet
401 785 463 816 en
487 776 659 823 terraS,
681 774 731 815 et
755 767 979 831 possidet
1005 783 1207 830 aequora
1233 768 1427 815 Minos:
1468 771 1531 816 35

209 845 316 893 Nec
341 846 487 894 tellus
508 853 705 901 nostrae,
734 861 824 892 nec
850 851 988 909 patet
1012 845 1146 892 unda
1170 844 1316 908 fugae.

143 922 321 971 Restat
345 924 437 971 iter
461 924 613 971 coelo:
654 923 779 970 coelo
804 922 1107 970 tentabimus
1133 922 1219 969 ire.

208 999 287 1048 Da
309 1001 504 1048 veniam
529 1007 710 1064 coepto,
737 999 767 1047 J
773 1000 972 1064 uppiter
997 1000 1111 1056 alte,
1139 1016 1267 1047 meo.

141 1076 256 1124 Non
280 1094 373 1140 ego
398 1078 615 1125 sidereas
642 1077 836 1125 adfecto
862 1085 1065 1140 tangere
1091 1078 1253 1125 sedes.

205 1152 317 1208 Qua
339 1154 525 1217 fugiam
550 1155 805 1202 dominum
824 1155 975 1210 nulla,
997 1154 1090 1201 nisi
1112 1154 1221 1209 ista,
1243 1154 1322 1201 via
1345 1161 1437 1201 est.
1466 1157 1530 1199 40

140 1229 238 1278 Per
265 1232 426 1295 Styga
448 1233 593 1280 detur
620 1233 738 1280 iter:
783 1232 985 1296 Stygias
1012 1231 1322 1278 tranabimus
1348 1230 1523 1277 undas.

207 1308 319 1355 Sint
343 1309 462 1355 mihi
487 1316 674 1356 naturae
695 1310 809 1372 jura
833 1309 1060 1356 novanda
1084 1325 1224 1356 meae.

140 1384 402 1447 Ingenium
435 1388 565 1434 mala
592 1403 726 1450 saepe
758 1393 974 1433 movent.
1022 1386 1134 1448 quis
1162 1385 1389 1432 crederet
1423 1401 1526 1431 um-

203 1462 374 1510 Aerias
400 1464 651 1512 hominem
676 1480 879 1528 carpere
905 1480 1053 1528 posse
1078 1463 1218 1510 vias?
1335 1464 1525 1525 [quam‚

139 1539 423 1603 Remigium
448 1542 672 1589 volucres
697 1541 918 1604 disponit
942 1540 991 1586 in
1016 1540 1187 1587 ordine
1212 1555 1424 1603 pennas:
1461 1542 1525 1586 45

206 1615 271 1664 Et
294 1618 402 1665 leve
426 1634 515 1682 per
539 1619 623 1665 lini
648 1619 845 1666 vincula
869 1618 1024 1665 nectit
1048 1633 1173 1680 opus
1193 1634 1202 1664 :

139 1693 348 1757 Imaque
373 1711 488 1758 pars
513 1697 640 1743 ceris
666 1697 988 1759 adstringitur
1013 1695 1127 1757 igne
1157 1695 1360 1742 solutis:

204 1771 499 1835 Finitusque
524 1790 660 1821 novae
681 1776 786 1838 jam
811 1775 950 1822 labor
975 1773 1092 1820 artis
1119 1780 1239 1820 erat.

136 1847 405 1896 Tractabat
428 1866 696 1914 ceramque
722 1868 845 1916 puer
870 1866 1162 1916 pennasque
1188 1849 1434 1905 renidens,

204 1925 418 1973 Nescius
444 1927 549 1975 haec
574 1929 792 1976 humeris
819 1944 955 1975 arma
979 1933 1152 1991 parata
1175 1926 1294 1973 suiS.
1463 1928 1527 1972 50

137 2001 233 2049 Cui
257 2009 414 2066 pater,
438 2003 549 2059 His,
572 2005 750 2068 inquit,
773 2005 934 2069 patria
958 2011 1035 2052 est
1060 2003 1291 2051 adeunda
1315 2002 1493 2049 carinis
1513 2019 1523 2049 ε

203 2078 312 2126 Hac
337 2080 480 2127 nobis
508 2080 674 2128 Minos
700 2081 1012 2144 effugiendus
1038 2096 1148 2144 ope.

909 2238 961 2267 50.
988 2238 1078 2266 Arma
1092 2234 1234 2275 parata]
1262 2233 1411 2264 Francius
1430 2233 1528 2264 male—

866 2287 931 2323 bat,
958 2287 1069 2322 vincla,
1092 2291 1126 2316 ut
1150 2283 1198 2315 bis
1225 2290 1310 2314 terve
1338 2288 1439 2313 vocat.
1469 2283 1527 2318 vel,

179 2235 230 2266 45.
254 2234 294 2265 In
316 2236 420 2265 ordine
435 2236 579 2276 pennas]
607 2235 686 2267 Alas
703 2237 795 2267 remi-

135 2283 221 2324 gium
239 2293 363 2325 quoque
390 2283 494 2314 Graeci
518 2290 632 2315 vocant
655 2295 797 2316 nonnun—

136 2342 242 2373 quam.
272 2331 316 2362 sic
346 2332 518 2374 AEsehylus
548 2333 796 2374 Agamemnone,

136 2381 174 2412 de
202 2380 334 2417 Avibus,
361 2380 648 2423 στροφοδινοῦνται
677 2382 795 2425 πτερύ-

135 2443 204 2472 γων
227 2431 406 2473 ἐρετμοῖσιν
428 2431 635 2474 ἐρεσσόμενοι.
659 2432 798 2474 εἰρεσίαν

136 2484 264 2523 πτερῶν
283 2480 440 2512 Luciauus
459 2481 539 2512 dixit
560 2481 593 2512 in
608 2481 737 2513 Timone
758 2482 797 2512 de

135 2531 314 2562 Mercurio:
348 2530 365 2562 ὁ
400 2532 460 2572 μὲν
495 2530 720 2570 ἀπελήλυθεν,
757 2530 799 2569 ὡς

136 2579 229 2611 δοκεῖ.
251 2580 465 2622 Τεκμαίρομαι
477 2581 537 2623 γὰρ
548 2582 590 2623 τῇ
602 2580 720 2623 εἰρεσίᾳ
731 2583 799 2612 τῶν

138 2633 276 2671 πτερῶν.
294 2629 338 2661 sic
358 2635 390 2660 et
407 2631 528 2661 alarum
546 2632 704 2671 remigium
725 2630 797 2660 Vir-

139 2677 232 2718 gilius
254 2679 286 2709 in
305 2679 366 2709 hac
387 2679 498 2710 eadem
513 2678 552 2709 de
577 2679 710 2710 Daedalo
737 2679 796 2709 Fa-

139 2726 226 2757 bula.
245 2727 364 2757 mes.

865 2338 956 2366 dona.
971 2335 1025 2366 sed
1041 2344 1216 2376 perperam,
1233 2332 1357 2363 adludit
1378 2331 1461 2362 enim
1488 2331 1527 2362 ad

866 2384 992 2414 navium
1006 2395 1091 2414 arma
1107 2382 1156 2413 vel
1169 2387 1367 2416 armamenta,
1385 2386 1420 2410 ut
1434 2390 1526 2410 voca-

865 2433 991 2464 bantur.
1016 2442 1089 2462 nam
1115 2441 1188 2461 mox
1215 2432 1351 2460 carinam
1379 2434 1471 2459 vocat
1498 2433 1529 2459 et

866 2482 1025 2523 remigium
1045 2490 1148 2522 supra,
1171 2484 1203 2510 et
1223 2489 1303 2510 vers.
1321 2478 1372 2508 64.
1397 2478 1474 2507 vela.
1493 2482 1528 2508 ut

867 2530 972 2562 Graeci
992 2529 1082 2561 ὅπλα
1105 2528 1235 2560 Hesiod.
1249 2528 1314 2570 έργ.
1330 2527 1406 2558 627.
1428 2526 1528 2568 Apol-

868 2580 930 2611 lon.
943 2579 966 2611 i.
987 2580 1061 2610 369.
1074 2584 1104 2610 et
1120 2578 1217 2609 ceteri
1235 2576 1363 2619 passim.
1377 2576 1461 2607 unde
1477 2587 1528 2605 ar-

864 2640 946 2659 mare
968 2635 1001 2660 et
1025 2637 1179 2659 exarmare
1202 2627 1336 2657 classem
1357 2630 1389 2656 et
1413 2624 1528 2656 similia

865 2677 967 2708 obvia.
1013 2678 1133 2707 anM.

932 2780 993 2809 B2
