1760 3172
191 189 277 231 260

583 190 633 231 Ρ.
669 189 781 231 OVI
790 189 883 231 DII
916 190 1198 233 NASONIS

195 304 314 351 Otia
340 321 468 352 nunc
496 305 606 352 istic
630 298 968 369 :jjunctisque
994 322 1057 354 ex
1083 306 1254 354 ordine
1279 306 1408 353 ludis

260 381 464 429 Cedunt
483 365 676 430 verbo‘si
703 383 898 445 garrula
923 383 1056 430 bella
1079 383 1186 430 fori.

194 459 328 506 Usus
355 459 471 522 equi
498 476 628 507 nunc
655 467 746 515 est,
774 460 966 507 levibus
993 477 1122 508 nunc
1148 460 1335 507 luditur
1359 457 1536 515 armis;

261 536 408 584 Nunc
435 537 551 600 pila,
580 553 710 584 nunc
736 537 884 585 celeri
908 539 1117 585 volvitur
1141 539 1260 585 orbe
1286 538 1488 584 trochus
1511 552 1520 582 :

192 611 357 668 Nunc,
385 613 469 660 ubi
496 613 697 677 perfusa
721 621 799 661 est
823 614 931 661 oleo
956 614 1157 662 labente
1176 615 1432 677 juventus,
1515 614 1574 657 21

259 689 498 738 Defessos
526 698 662 737 artus
688 689 893 751 Virgine
918 690 1065 752 tingit
1089 706 1238 754 aqua.

192 766 356 814 Scena
379 767 528 829 viget,
557 766 839 829 studiisque
864 765 998 813 favor
1022 767 1325 815 distantibus
1351 765 1520 821 ardet3

254 843 457 908 Proque
482 844 639 891 tribus
664 851 898 892 resonant
921 851 1064 892 terna
1087 844 1283 892 theatra
1305 842 1440 889 foris.

231 1063 279 1092 17.
303 1062 469 1093 Mensibus
491 1062 590 1104 Aprili
616 1069 648 1093 et
671 1062 758 1094 Maio
779 1063 845 1094 ludi

183 1117 273 1142 erant
300 1112 361 1142 fere
389 1111 540 1148 continui,
563 1112 653 1151 (hinc
683 1123 717 1143 es
742 1114 845 1143 ordine

173 1163 282 1200 juncti
298 1161 388 1192 dixit.
403 1162 444 1192 cf.
461 1172 555 1204 supra
568 1161 589 1192 i.
604 1163 631 1192 1.
647 1163 734 1201 107.)
753 1167 785 1193 et
800 1162 843 1193 fe-

182 1211 234 1241 riae
257 1210 397 1241 stativae:
437 1210 526 1241 Bonae
551 1213 611 1241 dete
636 1222 754 1242 sacrum
777 1211 843 1241 Ka-

182 1259 266 1290 lend.
282 1259 389 1290 Maiis.
416 1260 553 1291 Cerealia
572 1259 603 1290 in
618 1259 766 1290 honorem
782 1259 844 1290 Ce-

181 1309 266 1344 reris,
284 1320 312 1339 v.
325 1308 396 1340 idus
412 1309 513 1350 April.
539 1309 686 1345 Floralia,
704 1309 736 1339 in
748 1308 844 1339 hono-

181 1369 246 1389 rem
266 1358 375 1394 Florae,
393 1357 435 1389 iv.
451 1358 528 1388 Kal.
542 1357 657 1388 Maias.
677 1358 727 1398 (v.
743 1358 842 1399 Span-

180 1407 262 1438 hem.
286 1408 326 1438 de
346 1408 386 1438 V.
403 1412 435 1438 et
454 1407 524 1437 PR.
545 1407 690 1438 numism.
712 1406 785 1438 diss.
808 1418 841 1438 x.

180 1462 255 1487 tom.
272 1456 305 1486 ii.
320 1467 392 1498 pag.
408 1456 480 1486 146.
496 1455 585 1497 sqq.)
634 1455 762 1486 Lavatio
780 1467 842 1486 ma-

180 1508 235 1536 tris
259 1506 357 1537 deam.
380 1506 422 1535 iv.
447 1505 523 1535 Kal.
548 1504 650 1546 April.
675 1504 842 1542 Liberalia,

179 1567 249 1597 quae
275 1555 404 1586 Baccho
432 1565 521 1585 sacra
549 1559 638 1585 erant
667 1554 731 1585 xvi.
762 1554 840 1586 Kal.

178 1605 280 1646 April.
299 1605 481 1644 Lupercalia
497 1603 577 1634 Pani
594 1613 682 1634 sacra
698 1615 748 1634 xv.
765 1603 840 1635 Kal.

178 1655 275 1684 Mart.
293 1654 481 1683 Matronalia
499 1652 573 1683 Kal.
590 1652 710 1687 Martii,
728 1653 759 1683 in
774 1663 839 1683 me-

176 1702 309 1733 moriam
325 1702 449 1733 diremti
471 1712 489 1732 a
509 1700 658 1732 matronis
679 1701 759 1732 inter
774 1701 839 1732 Ro-

176 1762 284 1783 manos
311 1758 342 1782 et
366 1751 497 1782 Sabinos
518 1751 594 1781 belli
619 1750 731 1791 (ovid.
756 1751 840 1783 Fast.

177 1800 209 1831 in
225 1800 339 1842 quibus
353 1799 439 1831 libris
459 1799 498 1830 de
520 1799 604 1830 feriis
625 1799 839 1831 Romanorum

177 1850 294 1881 multus
324 1856 380 1885 est,
409 1849 454 1879 iii.
489 1849 561 1879 170.
592 1848 679 1890 sqq.)
720 1849 839 1880 Parilia

175 1900 240 1931 sive
271 1900 391 1930 Palilia
418 1904 490 1929 ante
517 1898 653 1928 Romam
679 1898 839 1929 conditam

171 1950 238 1992 jam
270 1949 438 1984 celebrata,
468 1953 578 1990 postea
608 1957 679 1977 vero
715 1948 839 1979 sollem-

174 1999 271 2034 niora,
295 1997 377 2040 quod
407 1997 491 2028 idem
519 1997 586 2027 dies
615 1995 700 2027 urbis
724 1996 833 2029 Romae

173 2049 275 2079 fuerat
298 2047 423 2082 natalis,
443 2047 582 2088 Propert.
605 2045 647 2076 iv.
669 2046 699 2075 4.
719 2046 770 2076 73.
792 2047 835 2077 xi.

174 2098 248 2129 Kal.
261 2096 373 2127 Maias.
399 2096 609 2136 Quinquatrus
630 2097 753 2134 majores
773 2095 835 2126 xiv.
878 2130 885 2133 ,

174 2148 248 2179 Kal.
281 2147 380 2188 April.
411 2145 443 2175 in
476 2144 623 2175 honorem
656 2143 833 2175 Minervae:

174 2196 288 2238 quibus
306 2195 417 2226 diebus
435 2193 610 2224 scholarum
627 2192 767 2233 magistri
781 2193 836 2224 do-

172 2245 259 2276 naria
278 2243 487 2285 accipiebant,
504 2242 684 2272 minervalia
707 2241 792 2273 dicta
805 2253 836 2274 v.

172 2295 355 2335 interpretes
380 2292 420 2322 ad
447 2291 542 2322 Ovid.
570 2291 656 2321 Fast.
689 2290 733 2320 iii.
758 2292 835 2322 829.

172 2343 265 2381 Quod
283 2342 504 2383 juncti—[udi
535 2346 657 2381 septem
682 2339 776 2370 codd.
806 2347 837 2371 et

171 2396 264 2424 edum
289 2391 416 2432 triginta
442 2390 504 2421 fere
535 2389 662 2425 habent,
694 2389 832 2421 scriben-

170 2442 246 2473 dum
263 2446 353 2484 putat
370 2441 541 2470 Burmann.

214 2492 285 2522 Otia.
303 2497 373 2521 sunt
396 2491 477 2521 illic:
491 2490 658 2529 junctique
676 2500 709 2519 er
730 2491 835 2520 ordine

299 2541 366 2570 ludi

257 2589 370 2619 Sedant
387 2589 494 2618 verbosi
507 2587 640 2629 garrula
655 2586 819 2628 bellasori.

169 2637 325 2679 Equidem
343 2637 583 2676 juncti—ludi:
621 2635 831 2666 Cedunt—in-

167 2692 385 2728 terpungeiein
409 2691 440 2715 et
460 2686 606 2726 legerem.
651 2684 832 2725 Elegantior

167 2735 262 2766 etiarn
286 2741 333 2766 est
356 2733 462 2770 lectio,
479 2734 609 2775 garrula
636 2734 712 2764 bella
733 2742 828 2774 quam

909 1075 997 1105 garr.
1014 1066 1112 1101 verba,
1129 1069 1164 1094 ut
1187 1063 1262 1095 edit.
1277 1067 1342 1094 vet.
1365 1067 1396 1093 et
1422 1062 1471 1091 14.
1483 1059 1576 1091 codd.

912 1113 1040 1145 habent.
1058 1126 1086 1144 v.
1108 1114 1218 1144 Burm.
1233 1119 1265 1144 et
1287 1112 1329 1144 iv.
1343 1122 1380 1143 ex
1408 1111 1509 1141 Ponto
1533 1109 1576 1141 vi.

912 1164 964 1194 29.
980 1164 1020 1194 iv.
1036 1164 1118 1194 Trist
1134 1175 1166 1193 x.
1186 1164 1236 1193 18.
1281 1162 1430 1192 HARLES.

959 1213 1007 1243 18.
1040 1212 1161 1243 Cedunt
1189 1211 1327 1251 verbosi]
1363 1211 1436 1241 Non
1461 1208 1576 1240 dicitur

907 1262 959 1303 jus
974 1262 1086 1292 Romae
1107 1271 1143 1292 eo
1166 1266 1316 1303 tempore,
1339 1270 1402 1302 quo
1425 1259 1458 1290 in
1480 1267 1576 1290 scena

911 1310 978 1340 ludi
993 1310 1203 1341 celebrantur.

931 1366 938 1369 “
955 1361 1009 1390 20.
1037 1359 1133 1390 Celeri
1147 1358 1242 1399 orbe.]
1271 1357 1376 1389 Celeri
1392 1355 1574 1398 agitatione.

909 1409 1004 1440 Mm.
1055 1409 1193 1440 Vertitur
1216 1409 1283 1438 orbe
1308 1408 1438 1438 trochus.
1461 1406 1573 1437 Horat.

911 1458 950 1489 ad
969 1459 1110 1494 Pisones,
1126 1458 1200 1489 379.
1215 1468 1268 1499 sq:

955 1507 1075 1538 Ludere
1090 1509 1140 1547 qui
1156 1508 1260 1542 nescit,
1276 1506 1498 1545 campestribus,
1513 1504 1573 1535 &c.

955 1555 1153 1596 Indoctusqiie
1182 1556 1263 1595 piloe,
1293 1556 1412 1590 discive,
1443 1554 1573 1584 trochive

994 1607 1127 1646 quiescit,
1142 1604 1203 1635 ἃς.
1250 1604 1368 1635 Hiems.

951 1656 1003 1685 22.
1026 1655 1121 1695 Aqua
1141 1653 1273 1695 Virgine
1289 1653 1451 1695 pulverem
1468 1657 1500 1683 et
1518 1663 1571 1683 su-

907 1704 1013 1735 dorem
1029 1704 1210 1738 abluebant,
1225 1703 1278 1743 qui
1293 1702 1519 1733 exercebantur
1538 1701 1572 1732 in

906 1763 1019 1795 campo
1039 1752 1168 1783 Martio.
1214 1752 1260 1782 Eo
1281 1750 1364 1782 enim
1383 1750 1572 1792 perduxerat

906 1802 1059 1844 Agrippa,
1073 1807 1105 1832 et
1120 1811 1203 1842 aqua
1213 1800 1301 1842 virgo
1316 1799 1402 1830 dieta
1413 1799 1483 1836 fuit,
1495 1799 1571 1841 quia

908 1851 1005 1882 fontes
1023 1852 1090 1893 ejus
1111 1850 1275 1885 militibus,
1293 1860 1408 1891 aquam
1427 1859 1569 1890 quaeren-

907 1900 1001 1935 tibus,
1015 1911 1033 1930 a
1048 1899 1168 1940 virgine
1188 1898 1325 1940 quadam
1344 1898 1466 1928 fuerant
1482 1907 1569 1928 mon-

907 1948 1006 1980 strati.
1024 1948 1064 1979 cf.
1085 1947 1182 1979 Ovid.
1202 1948 1285 1978 Fast.
1300 1947 1321 1978 i.
1338 1947 1412 1977 464.
1431 1957 1448 1977 e
1468 1947 1570 1978 Ponto

901 1998 924 2029 i.
942 2000 972 2029 8.
987 1999 1041 2029 38.
1089 1997 1238 2028 HAnLES.

945 2049 997 2078 23.
1021 2047 1136 2077 Studiis
1159 2045 1368 2086 distantibus]
1397 2045 1567 2077 Favoribus

902 2096 1042 2127 diversis.
1080 2096 1252 2136 Studiisque
1266 2095 1362 2137 favor
1386 2096 1567 2126 distantibus

903 2147 1001 2176 ardet.

949 2195 1024 2225 Tum
1047 2206 1114 2225 vero
1137 2196 1304 2237 ingeminat
1327 2195 1450 2230 clamor,
1475 2204 1565 2224 cunc-

990 2246 1071 2284 tique
1084 2250 1249 2284 sequentem

949 2292 1104 2334 Instigarit
1118 2293 1248 2329 studiis,-

904 2341 1163 2382 Virgi1.AEneid.
1186 2351 1218 2371 v.
1244 2340 1319 2376 227,
1342 2339 1374 2370 in
1393 2338 1563 2372 certamine

901 2390 1025 2428 navali3
1049 2389 1288 2431 ἐπευφήμησαν
1305 2388 1336 2420 δὲ
1353 2388 1487 2426 πάντες,
1501 2389 1561 2420 Ar-

900 2450 974 2481 gon.
995 2439 1097 2481 Apoll.
1120 2438 1163 2469 iv.
1186 2449 1248 2469 ver.
1269 2439 1356 2477 295;
1378 2437 1444 2481 μετ’
1467 2438 1563 2479 εὐφη-

901 2489 977 2531 μίας
993 2488 1152 2529 ἐβόησαν,
1176 2488 1303 2519 Homer.
1320 2488 1483 2524 ξύναυλος
1497 2487 1563 2528 βοὰ

900 2539 1000 2581 χαρᾷ,
1030 2538 1137 2579 Eurip.
1165 2538 1280 2569 Electr.
1296 2538 1489 2580 fremituque
1519 2549 1562 2569 se-

900 2589 999 2618 cundo
1012 2585 1126 2627 virgil.
1146 2586 1273 2617 AEneid.
1288 2597 1318 2617 ν.
1334 2587 1412 2617 338.

941 2637 994 2667 24.
1019 2635 1137 2676 Proque
1158 2636 1284 2676 tribua]
1309 2635 1383 2666 Tria
1400 2635 1476 2672 sora,
1495 2636 1561 2667 Ro-

899 2696 1037 2721 manum,
1081 2685 1225 2721 Caesaris,
1266 2684 1402 2726 Augusti
1420 2697 1426 2715 :
1474 2691 1561 2717 terna

896 2733 1029 2770 theatra,
1049 2733 1201 2776 Pompeii,
1216 2733 1375 2770 Marcelli,
1390 2733 1516 2766 Statilii.
