1760 3172
427 181 741 225 TRISTIUM
772 181 893 224 LIB.
927 182 964 223 Ι.
998 182 1180 224 ELEG.
1216 184 1282 225 X.

1469 185 1554 226 179

158 297 291 345 Nam
315 297 437 345 mihi
459 298 713 346 Bistonios
735 296 925 361 placuit
942 297 1072 361 pede
1096 313 1300 362 carpere
1321 315 1550 363 campos:

225 373 663 439 Hellespontiacas
688 375 775 422 illa
798 375 976 437 relegit
999 391 1184 438 aquas;

156 449 565 516 Dardaniamque
579 453 724 517 petit,
741 453 955 500 auctoris
971 469 1152 500 nomen
1167 453 1454 510 habentem,
1488 456 1551 501 25

223 527 290 575 Et
314 536 380 586 te,
408 529 637 586 ruricola,
667 529 961 593 Lampsace,
987 536 1097 577 tuta
1123 530 1251 577 Deo.

155 604 386 669 Quaque,
414 623 504 670 per
528 613 765 669 angustas
790 614 949 654 vectae
975 607 1104 654 male
1128 606 1332 669 virginis
1359 608 1535 663 undas,

222 682 406 731 Seston
430 685 680 747 Abydena
705 691 906 747 separat
930 685 1052 731 urbe
1076 684 1257 732 fretum
1276 681 1294 732 :⁸

154 759 391 824 Hincque
416 761 767 824 Propontiacis
794 762 1066 809 haerentem
1094 762 1319 826 Cyzicon
1344 762 1459 818 oris,

221 838 461 902 Cyzicon,
490 837 765 884 Haemoniae
791 839 958 886 nobile
983 839 1146 901 gentis
1172 855 1327 902 opus:

194 931 248 961 23.
281 931 463 965 Nmn‚mihi
489 930 670 971 Bistonios]
705 931 733 961 E
756 931 814 961 Sa-

151 979 324 1011 mothracia
344 980 527 1022 digressurae
553 987 643 1011 erant
667 980 737 1011 duae
758 991 814 1011 na-

151 1041 215 1066 ves,
233 1040 366 1071 quarum
381 1030 489 1066 altera,
505 1041 575 1072 quae
592 1029 744 1061 Ovidium
760 1041 814 1061 ve-

150 1079 257 1116 hebat,
273 1079 431 1111 sinistrum
454 1080 654 1122 Propontidis
675 1091 813 1117 cursum,

150 1129 250 1160 altera
273 1139 347 1160 vero
379 1129 526 1160 dextrum
553 1128 665 1160 tenuit.
712 1129 811 1160 Bisto-

149 1179 213 1208 m'os
237 1189 361 1218 campos.
403 1177 586 1209 Threicium
609 1177 695 1209 litus.
720 1179 811 1209 Pede.

150 1226 256 1258 Velo:
291 1237 363 1269 pars
390 1237 446 1268 pro
474 1232 549 1257 toto.
589 1227 683 1258 Men.
731 1227 812 1258 Num

148 1277 223 1306 mihi
251 1276 403 1308 Bistonios
426 1277 547 1316 placuit
578 1279 652 1317 pede
688 1288 812 1317 carpere

148 1337 272 1366 campos.
317 1326 412 1356 Hunc
435 1325 541 1356 locum
560 1326 698 1362 Merula,
715 1336 812 1367 quum

148 1374 313 1406 sententiae
329 1385 393 1406 suae
414 1375 454 1405 de
469 1374 593 1406 duabus
612 1374 756 1411 navibus,
772 1374 812 1405 de

147 1435 212 1466 qua
240 1435 259 1456 a
284 1424 439 1467 principio
461 1423 672 1460 meminimus,
698 1434 811 1466 repug-

146 1485 221 1506 nare
250 1474 381 1511 videret,
404 1476 509 1514 pedem
538 1483 595 1514 pro
625 1474 712 1509 fune,
748 1483 810 1514 quo

146 1524 218 1555 vela
235 1523 362 1554 navium
376 1528 547 1565 reguntur;
570 1534 684 1563 campos
706 1528 811 1554 autem

146 1584 202 1616 pro
223 1584 360 1615 aequore,
379 1573 444 1604 sive
466 1572 542 1603 mari
567 1572 722 1615 exposuit.
766 1572 811 1603 At

146 1623 173 1654 si
198 1623 329 1654 alteram
354 1623 579 1666 expositionem
604 1622 746 1664 recipias,
770 1621 809 1653 de

146 1683 210 1704 una
229 1672 313 1709 navi,
329 1683 429 1714 eaque
445 1672 512 1703 sola
526 1682 596 1714 quae
616 1678 716 1713 poetae
739 1671 808 1707 fuit,

146 1733 211 1764 qua
238 1722 271 1753 in
296 1722 355 1752 hoc
385 1721 456 1752 loco
484 1721 605 1757 relicta,
633 1721 666 1751 in
695 1726 808 1752 terram

143 1782 288 1814 egressus
308 1771 374 1808 ille,
391 1771 546 1812 reliquum
567 1771 638 1807 iter,
661 1777 716 1802 aut
735 1781 806 1812 par-

144 1827 209 1853 tem
227 1821 351 1857 saltem,
366 1830 421 1862 per
434 1820 601 1851 Thraciam
618 1819 730 1851 itinere
745 1826 805 1851 ter-

145 1870 236 1902 restri
250 1870 362 1901 fecerit
380 1882 388 1908 3
414 1880 473 1900 sua
485 1880 522 1901 ac
543 1870 669 1911 propria
688 1869 806 1910 signifi-

143 1920 227 1952 catio
241 1918 345 1951 verbis
364 1924 481 1955 manet,
497 1929 601 1960 neque
617 1928 722 1949 versus
739 1918 806 1961 ipse

143 1969 314 2012 quicquam
329 1967 524 1999 difficultatis
538 1967 645 1998 habet.

195 2020 250 2050 24.
291 2018 550 2058 Hellespontiacas
589 2018 647 2047 illa
681 2018 807 2058 reliquit

143 2068 262 2109 aquas]
288 2068 340 2099 De
356 2067 415 2098 hoc
430 2067 499 2098 loco
514 2066 579 2108 egit
594 2067 757 2109 Verpoort.
773 2067 806 2098 in

142 2118 338 2160 praefatione.
376 2116 462 2148 Olim
481 2116 646 2158 legebatur
668 2118 805 2158 reliquit,

144 2167 229 2209 quod
245 2166 461 2198 duriusculum
481 2172 529 2197 est
542 2178 549 2196 ε
574 2165 646 2196 hinc
658 2166 724 2208 jam
739 2166 806 2196 Mi-

143 2216 245 2257 cyllus
264 2214 399 2258 conjecit
413 2216 532 2257 relegit,
557 2220 590 2245 et
604 2214 649 2245 sic
665 2215 805 2246 codicem

142 2265 372 2297 Medonianum
385 2265 523 2301 habere,
544 2268 678 2295 testatur
701 2264 803 2295 Hein-

141 2315 216 2352 sius,
232 2315 286 2357 qui
303 2314 431 2356 quidem
450 2315 580 2355 peregit,
601 2319 656 2344 aut
670 2313 746 2355 quid
762 2314 803 2344 si-

141 2364 216 2396 mile
239 2363 492 2394 substituendum
518 2368 619 2404 putat.
663 2363 719 2399 At,
744 2373 803 2404 ego

142 2424 204 2445 non
219 2413 342 2449 dubito,
359 2414 441 2443 bene
465 2412 510 2443 ait
525 2413 738 2449 Burmannus,
756 2424 803 2443 re-

141 2464 215 2505 legit
226 2473 295 2494 esse
309 2462 478 2503 legendum
491 2473 500 2500 3
516 2472 589 2493 nam
600 2469 694 2493 antea
706 2473 804 2504 quum

141 2512 278 2544 venisset
301 2511 342 2542 ad
357 2512 467 2541 urbem
489 2510 555 2541 sive
573 2510 717 2541 Hectoris
739 2510 804 2541 sive

141 2561 280 2597 Actoris,
308 2571 379 2602 quae
405 2571 468 2591 non
502 2561 594 2601 longe
623 2561 663 2591 ab
692 2560 804 2591 Helle-

89 2620 100 2627 *
141 2616 251 2653 sponto
275 2610 370 2642 debet
392 2610 500 2647 statui,
523 2609 610 2640 flexit
633 2609 666 2640 in
688 2609 804 2642 laevum

139 2671 247 2692 versus
271 2659 506 2696 Samothracen,
532 2659 613 2690 inde*
628 2659 804 2700 trajiciente

142 2709 258 2741 Ovidio
271 2710 304 2741 in
317 2709 495 2745 Thraciam,
511 2708 568 2739 illa
582 2707 670 2740 navis
692 2707 804 2750 relegit

1484 843 1549 887 30

882 931 941 962 iter
957 943 1063 962 versus
1079 932 1334 973 Hellespontum.
1377 932 1531 964 HARLES.

926 982 980 1012 25.
1008 981 1259 1022 Dardaniamque
1281 982 1384 1022 petia]
1423 982 1548 1014 Darda-

882 1029 934 1061 nia
967 1031 1042 1062 urbs
1071 1031 1130 1062 fuit
1159 1031 1191 1062 in
1226 1031 1315 1062 litore
1348 1032 1548 1074 Hellesponti

881 1080 960 1111 sita:
993 1091 1066 1111 nam
1091 1087 1161 1122 post
1186 1080 1338 1122 Abydum
1366 1087 1545 1122 promonto-

879 1130 958 1161 rium
974 1136 1021 1160 est
1042 1129 1252 1166 Dardanium,
1269 1136 1301 1161 et
1324 1130 1437 1161 civitas
1462 1131 1545 1162 Dar-

879 1178 985 1214 dania,
1016 1179 1057 1209 70
1085 1179 1167 1210 stad.
1196 1179 1235 1209 ab
1266 1179 1381 1220 Abydo
1409 1180 1544 1212 distans.

879 1228 1005 1259 Nomen
1020 1235 1124 1259 servat
1138 1228 1204 1270 ipse
1219 1229 1457 1271 Hellespontus.
1486 1231 1546 1261 Pe-

881 1279 919 1308 tit
939 1283 1043 1308 autem
1064 1288 1119 1319 pro
1134 1277 1247 1319 petivit
1269 1278 1414 1309 ultimam
1429 1279 1545 1320 produ-

879 1327 932 1364 cit,
949 1333 984 1358 ut
998 1327 1093 1358 verba
1107 1327 1213 1357 omnia
1232 1337 1402 1369 syncopam
1417 1328 1543 1360 haben-

878 1377 936 1407 tia.
984 1376 1100 1407 Nomen
1123 1378 1266 1408 auctoris.
1311 1377 1437 1409 Nomen
1458 1379 1542 1411 Dar-

880 1426 954 1457 dani
969 1427 989 1458 J
992 1426 1057 1457 ovis
1072 1426 1138 1463 filii,
1156 1427 1210 1468 qui
1227 1437 1297 1458 eam
1312 1427 1464 1459 condidit.

922 1477 974 1507 26.
1000 1476 1041 1506 Et
1055 1483 1093 1511 te,
1110 1478 1258 1512 ruricola,
1276 1476 1452 1516 Lampsace,
1467 1478 1543 1520 ἃς]

879 1525 1089 1567 Lampsacum
1112 1525 1208 1556 etiam
1233 1526 1378 1567 pervenit
1403 1527 1443 1558 ab
1465 1529 1543 1560 urbe

879 1574 1043 1605 Dardania
1055 1586 1061 1605 z
1080 1574 1139 1605 fuit
1149 1580 1256 1605 autem
1266 1576 1458 1618 Lampsacus
1469 1579 1544 1609 urbs

877 1624 1007 1665 insignis
1024 1624 1064 1655 ad
1079 1634 1164 1655 mare
1179 1624 1250 1662 sita,
1268 1636 1339 1666 quae
1352 1632 1476 1667 portum
1486 1637 1542 1670 op-

878 1672 991 1703 timum
1016 1672 1143 1704 habuit:
1176 1674 1261 1715 prius
1287 1674 1418 1715 Pityusa
1447 1686 1540 1707 voca-

875 1722 981 1753 batur.
1029 1722 1091 1753 Per
1114 1722 1220 1753 Deum
1245 1728 1350 1754 autem
1376 1726 1542 1756 ruricolam

874 1771 1026 1814 Priapum
1056 1771 1226 1813 intellige3
1256 1772 1310 1814 qui
1340 1772 1386 1804 vir
1409 1774 1468 1805 suit
1501 1786 1540 1806 ex

873 1821 1048 1862 Lampsaco
1071 1822 1147 1852 urbe
1171 1822 1369 1864 Hellesponti
1382 1834 1390 1861 ;
1415 1823 1455 1854 de
1477 1835 1541 1865 qua

872 1870 992 1912 pulsus,
1016 1877 1141 1912 propter
1164 1872 1422 1902 obscaenitatem:
1448 1879 1540 1904 vocat

873 1928 979 1951 autem
1007 1921 1107 1951 Deum
1130 1923 1309 1958 ruricolam,
1334 1923 1483 1963 quoniam
1506 1926 1539 1956 in

871 1969 968 2001 hortis
982 1970 1107 2002 colitur.

918 2021 970 2050 27.
996 2020 1058 2050 Per
1081 2027 1226 2062 angustas
1249 2022 1374 2062 undas]
1403 2023 1539 2054 Vastum

874 2068 959 2100 enim
974 2080 1058 2101 mare
1073 2070 1245 2112 praejacens
1259 2070 1356 2108 Asiae,
1372 2077 1403 2102 et
1419 2072 1457 2103 ab
1475 2073 1539 2104 Eu-

873 2129 948 2161 ropa
974 2125 1117 2161 porrecto
1146 2119 1333 2151 Chersonesi
1365 2120 1454 2152 litore
1484 2133 1539 2153 ex-

872 2168 1000 2209 pulsum
1009 2180 1018 2207 3
1050 2175 1181 2210 angusto
1207 2177 1314 2200 meatu
1338 2169 1481 2212 irrumpit
1504 2172 1537 2204 in

873 2222 982 2254 terras,
1010 2223 1130 2260 septem
1164 2217 1336 2249 stadiorum
1369 2218 1536 2252 intervallo

872 2267 1031 2309 Europam
1063 2267 1245 2298 discludens
1273 2268 1381 2306 Asiae;
1417 2269 1536 2311 hasque

871 2316 1030 2357 angustias
1045 2316 1289 2358 Hellespontum
1304 2323 1428 2348 vocant.
1468 2319 1536 2349 Γίν-

867 2367 950 2407 ginis
971 2367 1049 2397 male
1074 2373 1171 2398 vectoe.
1193 2366 1316 2404 Helles,
1332 2378 1403 2409 quae
1421 2368 1535 2400 hausta

870 2415 1018 2446 fluctibus
1032 2415 1138 2457 periit.

861 2472 864 2475 ’
914 2465 968 2495 28.
994 2465 1095 2495 Seston
1124 2466 1299 2506 Abydena]
1340 2466 1379 2496 In
1408 2466 1534 2508 Europa

871 2513 954 2544 enim
977 2514 1087 2544 Seston
1111 2514 1230 2550 urbem,
1251 2514 1283 2544 in
1303 2514 1382 2545 Asia
1396 2514 1534 2556 Abydon

870 2561 977 2599 fuisse,
997 2563 1106 2594 scribit
1119 2562 1242 2594 Plinius
1257 2575 1264 2593 :
1289 2563 1322 2594 in
1341 2564 1445 2595 medio
1460 2575 1533 2597 vero

869 2610 1032 2653 utriusque
1048 2611 1134 2643 urbis
1146 2612 1370 2654 Hellespontus
1384 2612 1454 2644 fuit.

911 2661 967 2691 29.
992 2661 1027 2691 H
1029 2663 1134 2702 ineque
1150 2661 1360 2701 Propontiacis
1374 2663 1532 2695 haerentem

871 2709 1001 2750 Cyzicon
1022 2710 1108 2751 oris.]
1137 2710 1219 2741 Puto
1237 2710 1437 2743 scribendum
1454 2712 1532 2744 Pro-

946 2761 978 2792 N
993 2762 1014 2792 2
