1760 3172
225 194 310 236 100

231 308 415 356 Omnia
439 307 618 363 fecisti,
646 324 707 355 ne
734 306 945 354 callidus
970 306 1154 369 hospes
1179 304 1366 352 abiret:

614 192 665 233 P.
699 190 910 233 OVIDII
946 188 1229 233 NASONIS

1523 306 1620 351 265

298 385 390 432 Ille
415 383 556 432 dedit
580 391 730 432 certae
757 383 909 430 lintea
929 383 1080 445 plena
1101 381 1249 444 fugae.

232 463 417 510 Omnia
440 462 619 517 fecisti,
647 478 708 509 ne
736 468 785 508 te
810 460 941 508 ferus
967 466 1133 506 ureret
1158 458 1316 520 ignis:

298 539 497 601 Longus
523 546 574 586 at
599 539 751 585 invito
777 545 981 601 pectore
1007 536 1139 583 sedit
1163 551 1314 582 amor.

229 615 438 663 Vertere
465 631 576 679 quae
602 622 801 679 poteras
827 613 1054 660 homines
1081 611 1131 659 in
1154 611 1289 659 mille
1314 612 1525 675 figuras:

296 692 409 739 Non
436 700 635 756 poteras
661 690 813 738 animi
836 696 1028 737 vertere
1050 690 1165 751 jura
1188 689 1277 736 tui.

1519 693 1618 736 270

229 769 425 817 Diceris
447 770 523 816 his
549 769 718 824 etiam,
746 784 859 815 cum
879 768 984 830 jam
1011 766 1272 815 discedere
1296 768 1465 824 vellet,

294 847 587 894 Dulichium
612 846 776 895 verbis
801 844 1078 893 detinuisse
1104 844 1311 892 ducem:

226 923 340 971 Non
367 940 475 986 ego,
503 924 638 988 quod
663 924 822 988 primo
842 921 1091 984 (memini)
1117 938 1318 985 sperare
1344 922 1582 978 solebam,

290 1000 404 1049 Jam
430 1018 621 1065 precor,
647 1009 704 1048 ut
727 1002 912 1064 conjux
938 1007 992 1047 tu
1017 1016 1158 1047 meus
1184 1015 1295 1047 esse
1318 1000 1458 1047 velis.
1520 1003 1617 1047 274

223 1077 291 1125 Et
316 1085 499 1134 tamen,
527 1086 583 1126 ut
609 1080 794 1142 conjux
820 1094 984 1126 essem
1010 1085 1112 1133 tua,
1139 1076 1292 1139 digna
1314 1077 1546 1125 videbar:

291 1155 438 1210 Quod
466 1156 591 1213 Dea,
620 1156 755 1220 quod
781 1156 948 1219 magni
973 1155 1075 1202 filia
1101 1154 1233 1201 Solis
1259 1170 1412 1202 eram.

223 1232 270 1279 N
276 1249 302 1280 e
329 1249 566 1297 properes
592 1250 704 1281 oro:
747 1233 965 1297 spatium
989 1248 1078 1296 pro
1103 1248 1308 1279 munere
1334 1248 1504 1296 posco.

286 1308 420 1364 Quid
444 1311 608 1357 minus
634 1310 794 1374 optari
817 1327 906 1375 per
926 1326 1039 1357 mea
1062 1317 1178 1356 vota
1201 1310 1404 1373 potest?

222 1385 288 1433 Et
308 1385 434 1434 freta
457 1395 592 1435 mota
615 1387 756 1435 vides
775 1407 785 1445 ;
827 1384 878 1436 et
902 1388 1059 1436 debes
1085 1387 1172 1434 illa
1195 1386 1388 1435 timere.

287 1462 471 1511 Utilior
493 1464 617 1512 velis
643 1464 907 1528 postmodo
927 1472 1104 1512 ventus
1130 1463 1240 1512 erit.

1514 1467 1612 1511 280

221 1538 345 1594 Quae
366 1540 455 1588 tibi
477 1557 655 1589 caussa
668 1541 826 1604 fugae?
853 1557 952 1588 non
973 1541 1052 1588 hic
1069 1557 1197 1588 nova
1210 1540 1360 1604 Troja
1374 1541 1612 1603 resurgit:

287 1616 403 1664 Non
429 1618 554 1665 alius
581 1619 742 1666 socios
770 1619 972 1666 Rhesus
998 1619 1062 1666 ad
1088 1634 1225 1666 arma
1247 1625 1409 1665 vocat.

185 1749 187 1751 ¹
218 1692 316 1741 Hic
342 1711 493 1752 amor,
512 1696 590 1744 hic
616 1712 716 1761 pax
742 1704 842 1755 est;
884 1697 934 1743 in
961 1697 1062 1759 qua
1084 1696 1213 1743 male
1234 1696 1463 1743 vulneror
1481 1711 1608 1744 una:

284 1771 512 1836 Totaque
539 1774 631 1821 sub
657 1790 810 1837 regno
835 1781 969 1822 terra
992 1773 1160 1820 futura
1185 1780 1272 1820 tuo
1297 1778 1392 1820 est.

218 1846 314 1896 Illa
337 1849 665 1912 loquebatur:
706 1867 884 1898 navem
911 1851 1136 1898 solvebat
1163 1849 1366 1897 Ulixes:

1514 1852 1611 1897 285

282 1924 432 1974 Irrita
455 1942 569 1975 cum
593 1927 716 1976 velis
740 1928 892 1976 verba
916 1927 1074 1975 tulere
1101 1926 1240 1974 Noti.

211 2104 397 2145 δεδήλωται.
443 2108 532 2139 Idem
559 2109 742 2141 Eustathius
772 2110 875 2141 Neriti

211 2156 325 2186 montis
349 2167 462 2189 nomen
488 2158 617 2190 deducit
639 2159 709 2191 ἀπὸ
734 2160 877 2202 ’Νηρὶτου

212 2203 281 2235 υἱοῦ
299 2205 481 2248 Πτερελάου
499 2207 538 2238 ad
557 2208 672 2249 Odyss.
692 2212 729 2239 P.

255 2254 329 2284 276.
356 2255 443 2289 Quod
464 2258 566 2299 magni
581 2258 657 2297 filia
683 2257 758 2287 Solis
780 2257 874 2298 emh]

211 2302 302 2334 Circe
315 2303 395 2335 Solis
406 2305 470 2337 filia
484 2317 521 2338 ex
536 2306 696 2338 Perseide.
719 2307 877 2339 Hesiodus

209 2351 241 2382 in
255 2352 435 2394 Theogonia
448 2366 455 2384 :

519 2402 561 2435 Ἦ
580 2404 626 2435 ἔνι
642 2404 768 2446 Κίρκην

254 2450 553 2494 Δὴουσιν,’Πέρσης
567 2465 599 2484 τε
615 2454 668 2484 καὶ
683 2453 804 2484 Ἠλὶοιο
820 2452 875 2484 θύ-

298 2512 416 2543 γατρα.
737 2502 830 2533 Cxor.

252 2548 326 2579 279.
346 2550 437 2581 Freta
451 2557 528 2581 motu
543 2551 648 2592 vides]
669 2551 760 2582 Unus
776 2551 873 2582 Hein—

207 2595 256 2632 sii,
268 2609 377 2639 magna
390 2600 623 2641 elegantissima
634 2611 692 2632 nec
705 2601 744 2632 ab
760 2600 874 2631 inscito

207 2645 334 2677 librario
357 2648 495 2689 profecta
517 2649 622 2681 lectio.
654 2662 764 2692 magua
789 2649 872 2681 enim

208 2695 306 2726 maria
343 2698 446 2729 ventis
471 2705 502 2730 et
530 2700 678 2731 fluctibus
706 2699 872 2730 concitata.

208 2743 272 2776 vid.
288 2745 397 2778 Gisau.
415 2747 484 2779 Ind.
501 2749 627 2781 Lucret.
645 2749 677 2780 in
693 2759 775 2779 mare
789 2761 872 2790 mag-

944 2123 1028 2142 num.
1052 2116 1084 2142 et
1106 2121 1162 2141 nos
1184 2109 1325 2152 pluribus
1346 2109 1413 2140 haec
1433 2109 1473 2141 ad
1492 2109 1611 2141 Valerii

946 2161 1052 2192 Flacc.
1074 2160 1132 2191 lib.
1157 2160 1180 2190 i.
1205 2160 1256 2191 50.
1283 2170 1390 2190 sumus
1414 2159 1611 2191 illustraturi.

945 2212 1062 2241 Bcnm.

986 2261 1063 2291 281.
1092 2259 1176 2289 Nora
1196 2259 1286 2298 Trcy'a
1307 2258 1466 2300 resurgit]
1494 2258 1608 2300 Respi-

945 2309 988 2340 cit
1005 2309 1044 2340 ad
1069 2309 1201 2351 primam
1223 2308 1310 2339 illam
1330 2307 1458 2338 insaniae
1480 2307 1611 2339 simula-

945 2359 1072 2395 tionem,
1090 2359 1151 2399 (1υό
1175 2357 1315 2389 caeritum
1332 2368 1365 2388 se
1381 2358 1499 2388 fecerat
1513 2357 1611 2398 Ulys-

945 2418 1005 2444 ses,
1022 2418 1060 2438 ne
1085 2407 1124 2438 ad
1146 2407 1270 2449 Trojam
1291 2417 1362 2438 cum
1379 2406 1491 2437 ceteris
1507 2406 1609 2438 heroi-

943 2457 1003 2487 bus
1017 2462 1182 2498 cogeretur
1195 2455 1361 2499 proficisci.
1409 2455 1542 2487 Dova.

987 2506 1061 2536 283.
1086 2504 1123 2535 In
1142 2505 1228 2545 qud]
1249 2504 1287 2535 Id
1303 2510 1349 2535 est
1364 2510 1489 2547 propter
1503 2515 1609 2546 quam.

944 2559 976 2584 ut
992 2554 1134 2596 I’ropert.
1150 2553 1182 2584 ii.
1198 2553 1261 2584 xvi.
1275 2555 1324 2584 11.

986 2601 1023 2633 In
1053 2610 1081 2633 te
1105 2614 1159 2645 ego
1183 2610 1212 2634 et
1237 2610 1345 2634 oeratas
1371 2614 1520 2643 rumpam,
1546 2615 1611 2635 mea

942 2653 1015 2688 vitu,
1031 2658 1166 2683 catenas.
1191 2653 1322 2684 DoczA.
1361 2652 1510 2684 Heinsius
1524 2652 1610 2684 vole-

942 2700 1008 2737 bat,
1023 2712 1041 2730 a
1056 2701 1126 2741 quil.
