1760 3172
157 138 243 181 328

549 140 599 182 Ρ.
632 140 846 183 OVIDII
881 141 1162 186 NASONIS

160 253 271 300 Vox
293 254 410 310 fera,
438 261 554 301 trux
576 255 756 310 vultus,
785 257 1041 304 verissima
1061 257 1238 306 Martis
1266 260 1459 324 imago3

227 330 272 377 N
279 347 342 377 011
368 347 526 388 coma,
554 348 652 379 non
676 332 779 380 ulla
799 333 955 380 barba
979 343 1172 383 resecta
1197 353 1375 385 manu:

160 407 383 455 Dextera
407 425 505 455 non
530 409 696 471 segnis
722 409 821 456 fixo
847 410 965 458 dare
990 412 1194 459 vulnera
1214 414 1391 469 cultro,

226 483 389 538 Quem
415 486 634 532 vinctum
660 486 800 533 lateri
826 487 1065 534 barbarus
1091 490 1251 536 omnis
1277 490 1445 537 habet.
1485 494 1549 537 20

156 559 290 607 Vivit
313 562 362 608 in
388 562 480 618 his,
505 563 658 610 eheu!
699 570 982 611 tenerorum
1007 565 1195 612 oblitus
1222 582 1461 622 amorum,

222 636 330 685 Hos
354 639 505 695 videt,
531 639 620 687 hos
645 647 784 687 vates
811 641 964 698 audit,
993 643 1169 698 amice,
1198 644 1334 690 tuus!

154 713 323 777 Atque
348 716 538 763 utinam
563 717 710 773 vivat,
739 718 826 764 sed
847 734 946 766 non
973 720 1210 767 moriatur
1235 720 1285 766 in
1311 721 1433 767 illis!

222 790 373 838 Absit
396 793 458 838 ab
484 792 655 839 invisis
681 800 732 840 et
757 801 924 843 tamen
950 796 1127 843 umbra
1149 797 1298 844 locis!

155 867 392 916 Carmina
416 870 550 932 quod
571 871 719 933 pleno
745 871 913 919 saltari
938 881 1110 920 nostra
1134 873 1342 929 theatro,

1481 877 1547 921 25

219 944 459 992 Versibus
485 953 535 993 et
559 946 730 1009 plaudi
756 948 949 1004 scribis,
978 950 1153 1005 amice,
1182 951 1333 998 meis:

153 1020 240 1068 Nil
266 1022 503 1085 equidem
528 1023 639 1080 feci,
667 1030 719 1071 tu
746 1024 844 1071 3013
870 1026 962 1072 1100
991 1027 1113 1090 ipse,
1142 1028 1380 1085 theatris;

219 1098 369 1146 Musa
389 1116 481 1148 nec
508 1101 557 1147 in
582 1102 788 1164 plausus
814 1103 1079 1151 ambitiosa
1102 1119 1215 1151 mea
1239 1111 1332 1152 est.

153 1174 262 1222 Nec
280 1183 447 1224 tamen
465 1177 713 1240 ingratum
729 1190 821 1233 est,
841 1180 1181 1243 quodcunque
1197 1181 1378 1228 oblivia
1394 1182 1546 1228 nostri

219 1252 454 1317 Impedit,
476 1262 527 1301 et
547 1255 741 1318 profugi
761 1272 942 1303 nomen
969 1257 1018 1303 in
1043 1274 1129 1305 ora
1148 1258 1313 1306 refert.
1481 1263 1546 1306 30

152 1328 391 1384 Quamvis
419 1331 685 1389 interdum,
710 1349 822 1396 quae
849 1350 928 1381 me
947 1334 1136 1382 laesisse
1162 1335 1408 1392 recordor,

219 1407 458 1456 Carmina
482 1409 718 1466 devoveo,
748 1410 1078 1475 Pieridasque
1100 1428 1265 1460 meas:

146 1606 307 1647 gittarum,
337 1619 431 1650 quam
461 1609 639 1651 pharetram
670 1612 810 1643 nomina-

147 1666 237 1695 mus3
261 1656 328 1688 haec
355 1669 392 1689 ex
416 1660 523 1690 Servio
542 1661 582 1691 ad
600 1662 674 1692 AEn.
691 1673 722 1692 x.
737 1662 808 1693 169.

147 1706 268 1737 notavit
296 1707 459 1749 Verpoort.
484 1721 514 1740 v.
542 1709 638 1740 etiam
669 1711 810 1743 Martinii

147 1754 284 1786 Lexicon
315 1756 466 1800 philolog.
499 1759 623 1790 Bremae
657 1761 749 1792 1623.
778 1772 810 1803 p.

146 1805 220 1835 516.
255 1805 402 1837 HARLES.

193 1854 242 1884 17.
265 1855 379 1887 Martis
402 1857 536 1887 cultores
560 1864 648 1889 erant
671 1859 762 1890 Getae
779 1872 808 1891 v.

147 1914 226 1933 vers.
241 1905 272 1935 3.
292 1905 345 1935 22.
367 1905 591 1937 Trucissimum
608 1907 722 1938 Martis
740 1909 807 1940 vul-

148 1957 214 1982 tum
226 1952 297 1983 vide
309 1953 341 1984 in
356 1954 470 1984 Museo
485 1955 653 1996 Capitolin.
671 1963 746 1987 tom.
764 1957 808 1988 iii.

146 2001 211 2031 tab.
227 2002 280 2032 21.
305 2008 336 2033 et
351 2002 434 2044 apud
449 2003 601 2034 Mariette
626 2005 657 2035 in
674 2006 808 2037 Recueil

145 2049 201 2080 des
215 2049 329 2092 pierres
343 2052 473 2091 gravees
482 2053 545 2083 tab.
559 2054 610 2084 20.
624 2053 674 2084 vel
690 2054 721 2084 in
739 2054 807 2085 dul-

145 2098 278 2130 cissimis
292 2100 424 2131 Veneris
444 2102 639 2142 amplexibus
661 2103 714 2134 ille
744 2109 808 2134 tru-

146 2159 215 2180 cem
231 2160 294 2191 prae
318 2160 350 2181 se
366 2150 424 2181 fert
440 2151 572 2181 vultum.
605 2152 688 2183 Hinc
713 2153 807 2184 etiam

146 2197 312 2229 Anacreon
344 2198 376 2229 in
410 2199 642 2240 elegantissimo
672 2201 808 2233 carmine

146 2249 201 2280 29.
218 2248 257 2279 de
274 2248 424 2290 Bathyllo
438 2261 468 2280 v.
482 2250 532 2280 12.
548 2260 616 2291 sqq.

233 2323 455 2366 Μέλανβμμα
471 2325 592 2366 γοργὸν
607 2325 700 2361 ἔστω,

229 2372 462 2414 κεκερασμένου
478 2373 623 2416 γαλήνῃ·

231 2423 268 2453 τὸ
283 2423 344 2463 μὲν
359 2422 392 2457 ἐξ
406 2421 531 2463 Ἀρηος
546 2422 652 2459 ἕλκον,

231 2472 269 2503 τὸ
285 2470 316 2502 δὲ
330 2473 391 2510 τῆς
406 2472 512 2510 καλῆς
528 2471 694 2514 Κυθὴρης.

613 2521 763 2552 HARLrs.

191 2588 240 2618 19.
271 2586 371 2628 Fiam]
398 2587 428 2617 h.
445 2598 472 2618 e.
500 2587 619 2619 inflicto
644 2588 805 2620 hominum

143 2636 331 2678 corporibus.
364 2637 471 2667 Culter
495 2642 542 2667 est
571 2637 602 2668 h.
620 2638 640 2668 l.
670 2637 804 2679 gladius,

144 2696 206 2726 quo
226 2684 331 2716 caesirn
353 2686 475 2722 feriunt,
493 2686 536 2717 uti
563 2693 593 2719 et
613 2687 716 2719 Graeci
742 2687 801 2728 μά-

879 1624 1002 1654 χαιραν
1023 1622 1077 1654 pro
1099 1609 1205 1652 gladio
1226 1616 1258 1642 et
1274 1611 1373 1641 cultro
1388 1610 1545 1641 dixerunt.

879 1661 1031 1691 HARLEs.

920 1711 974 1740 27.
991 1709 1094 1749 Feci.]
1123 1713 1142 1726 “
1156 1707 1272 1739 Nescio
1292 1718 1331 1738 an
1354 1718 1416 1739 non
1436 1707 1543 1743 lateat,

878 1759 920 1790 ait
931 1760 1142 1794 Burmannus,
1156 1757 1304 1788 mendum
1317 1757 1348 1788 in
1360 1757 1432 1787 Feci
1447 1770 1452 1787 :
1471 1768 1543 1788 nain

877 1814 961 1840 certe
993 1808 1142 1839 Medeam
1177 1807 1305 1838 theatris
1334 1807 1419 1842 fecit,
1449 1813 1479 1837 et
1510 1807 1542 1837 in

877 1857 1006 1888 theatris
1029 1867 1086 1887 sua
1111 1862 1267 1898 poemata,
1292 1861 1454 1897 spectante
1476 1856 1541 1886 Au—

877 1912 982 1945 gusto,
1008 1905 1124 1936 saltata
1149 1905 1255 1940 fuisse,
1281 1903 1388 1934 scribit
1415 1904 1480 1946 ipse
1507 1905 1541 1935 ii.

874 1955 968 1986 Trist.
981 1955 1054 1986 519.
1071 1965 1141 1996 sqq.
1157 1954 1245 1984 ver.''
1283 1953 1327 1983 At
1342 1953 1424 1984 0111111
1442 1954 1543 1984 forsan

878 2003 923 2034 fas
942 2010 988 2034 est
1004 2002 1164 2033 vindicare
1182 2003 1285 2032 locum
1305 2012 1323 2032 a
1344 2002 1541 2044 corruptione

878 2058 909 2083 et
920 2058 1045 2094 poetam
1058 2053 1096 2083 ab
1108 2051 1274 2082 oscitantia
1285 2051 1432 2093 quadam.
1451 2052 1541 2083 Forte

876 2101 994 2132 Medea
1007 2112 1065 2131 non
1082 2100 1231 2142 perfecta,
1243 2101 1354 2130 saltem
1370 2111 1540 2141 numquam

876 2149 908 2180 in
937 2150 1060 2181 theatro
1086 2149 1201 2180 saltata
1230 2149 1299 2179 fuit.
1345 2149 1416 2190 Ipse
1447 2157 1541 2191 poeta

876 2199 986 2229 Amor.
1006 2198 1052 2228 iii.
1082 2199 1107 2228 1.
1130 2198 1184 2228 67.
1211 2197 1250 2228 de
1281 2197 1462 2239 imperfecto
1483 2198 1540 2229 hoc

876 2247 1026 2289 opusculo
1047 2246 1192 2278 disserit:
1223 2247 1376 2288 Riiguztm
1395 2249 1455 2277 vati
1470 2259 1539 2278 con-

876 2299 955 2332 cede,
969 2297 1139 2338 Tragoedt'a,
1151 2298 1459 2335 tempus.———eeneri
1472 2308 1540 2336 pro-

873 2353 1021 2385 perentur·
1044 2357 1166 2382 umores,
1187 2346 1265 2375 Dum
1289 2352 1373 2376 cacat
1385 2357 1395 2382 ,⁴
1420 2358 1437 2375 (ι
1457 2353 1541 2388 tergo

873 2397 1024 2436 grandius
1053 2401 1165 2436 urguet
1193 2405 1274 2434 opus,
1298 2394 1352 2424 ubi
1371 2406 1399 2424 v.
1431 2394 1540 2426 Burm-

878 2443 1016 2485 Reliqua
1036 2450 1140 2474 autem
1161 2443 1300 2474 carmina
1324 2453 1384 2474 non
1407 2454 1443 2474 eo
1465 2454 1536 2474 con-

875 2493 945 2523 silio
960 2493 1045 2528 fecit,
1064 2499 1097 2523 ut
1114 2492 1146 2523 in
1163 2492 1293 2523 theatris
1307 2492 1538 2524 exhiberentur.

875 2542 974 2583 Atqui
991 2541 1147 2572 Medeane
1164 2542 1232 2583 ipsa
1243 2541 1341 2583 magis
1356 2552 1424 2572 esse
1440 2542 1535 2573 debe-

874 2591 929 2621 bat
951 2591 1038 2621 lusus
1068 2591 1194 2632 ingenii,
1216 2602 1310 2632 quam
1336 2601 1406 2632 quae
1432 2592 1535 2633 palam

874 2639 1057 2670 doceretur?
1096 2640 1235 2672 Videant
1261 2640 1354 2682 igitur
1387 2651 1436 2672 me
1461 2650 1535 2672 acu-

872 2688 975 2720 tiores.
1009 2689 1156 2721 Uanus.
