1760 3172
190 160 274 201 408
582 159 630 200 Ρ.
664 157 875 199 OVIDII
911 157 1189 199 NASONIS

193 274 335 331 Mite,
363 275 450 321 sed
476 275 653 321 iratum
678 274 854 321 merito
880 272 997 319 mihi
1024 288 1221 328 numen,
1250 273 1413 327 adora,

260 351 461 398 Eximat
485 358 539 397 ut
565 350 789 414 Scythici
816 366 893 396 me
920 349 1114 395 feritate
1139 348 1250 395 loci.

195 428 408 475 Difficile
434 434 526 483 est,
548 427 730 483 fateor3
765 426 853 473 sed
877 425 1037 472 tendit
1061 425 1110 472 in
1137 426 1289 473 ardua
1311 426 1482 481 virtus,

261 505 328 552 Et
350 505 463 552 talis
489 505 650 552 meriti
676 504 833 566 gratia
857 504 1011 565 major
1036 503 1144 550 erit.

196 581 302 630 Nec
328 589 495 629 tamen
520 581 745 628 AEtnaeus
769 588 909 628 vasto
936 580 1279 644 Polyphemus
1305 580 1353 626 in
1379 587 1519 627 antro

257 659 489 724 Accipiet
511 675 656 706 voces
683 658 1043 722 Antiphatesve
1067 665 1178 704 tuas
1197 674 1206 704 :
1484 659 1575 703 116

195 736 296 783 Sed
320 736 545 800 placidus
570 735 830 798 facilisque
850 751 1046 798 parens,
1064 734 1321 796 veniaeque
1340 740 1541 797 paratus
1561 751 1571 787 ;

261 812 326 860 Et
351 813 436 876 qui
461 813 699 860 fulmineo
724 828 857 876 saepe
883 812 989 859 sine
1015 812 1129 874 igne
1153 818 1307 858 tonat.

193 889 307 946 Qui,
329 906 483 953 quum
507 891 647 938 triste
673 889 859 952 aliquid
886 888 1074 944 statuit,
1100 888 1154 934 fit
1182 887 1335 934 tristis
1363 894 1412 934 et
1437 887 1570 950 ipse3

260 966 458 1030 Cuique
482 966 583 1013 fere
609 981 806 1030 poenam
832 981 1027 1012 sumere
1052 980 1199 1028 poena
1224 981 1315 1011 sua
1339 972 1430 1011 est.
1484 968 1574 1011 120

194 1043 340 1090 Victa
363 1051 531 1091 tamen
551 1044 668 1090 vitio
695 1050 771 1091 est
794 1044 941 1106 hujus
967 1041 1232 1090 clementia
1252 1049 1418 1089 nostro
1438 1061 1447 1099 ;

258 1120 408 1167 Venit
431 1127 482 1167 et
506 1120 568 1168 ad
593 1121 720 1168 vires
747 1120 817 1167 ira
842 1127 1014 1168 coacta
1042 1136 1173 1167 suas.

193 1197 290 1251 Qui
316 1198 550 1260 quoniam
574 1198 733 1261 patria
758 1205 861 1245 toto
889 1214 1058 1245 sumus
1083 1199 1201 1244 orbe
1227 1197 1418 1252 remoti,

260 1273 367 1321 Nec
393 1274 510 1322 licet
533 1282 647 1322 ante
672 1275 805 1338 ipsos
833 1274 1156 1338 procubuisse
1184 1274 1347 1330 Deos3

192 1351 329 1405 Quos
355 1351 490 1407 colis,
512 1353 574 1398 ad
597 1352 814 1415 Superos
833 1352 938 1399 haec
959 1352 1030 1399 fer
1051 1352 1288 1398 mandata
1309 1351 1538 1398 sacerdos
1559 1368 1567 1397 :

256 1428 400 1475 Adde
426 1429 513 1476 sed
534 1436 584 1476 et
604 1430 825 1493 proprias
847 1430 895 1476 in
916 1446 1026 1477 mea
1045 1430 1196 1477 verba
1219 1445 1410 1493 preces.
1481 1431 1570 1475 126

193 1506 274 1552 Sic
301 1513 467 1553 tamen
492 1507 597 1553 haec
622 1515 776 1563 tenta,
805 1508 845 1554 si
871 1524 969 1554 non
994 1507 1218 1554 nocitura
1241 1506 1467 1570 putabis:

257 1582 520 1645 Ignoscas:
549 1583 699 1631 timeo
725 1584 992 1647 naufragus
1019 1600 1165 1631 omne
1189 1583 1386 1631 fretum.

190 1725 329 1755 Deorum
359 1726 514 1756 sacraria:
541 1727 644 1757 omnia
672 1737 742 1768 quae
777 1733 849 1758 sunt
963 1729 1032 1759 116.
1050 1727 1288 1768 Antiphatesve]
1314 1726 1502 1769 Antiphates
1518 1726 1574 1757 fuit

190 1774 346 1805 interiora.
915 1777 1139 1819 Laestrigonum
1154 1782 1261 1808 rector.

235 1825 305 1854 110.
337 1824 582 1865 Coesarz'busque]
617 1825 658 1856 Et
691 1825 847 1866 Augusto,
963 1827 1032 1857 124.
1048 1827 1127 1856 Ante.
1151 1828 1222 1865 ipsos
1243 1824 1344 1864 Deos]
1362 1824 1445 1855 Ante
1460 1823 1570 1865 Augu-

188 1872 323 1909 Tiberio,
354 1873 466 1909 Druso,
494 1873 690 1910 Germanico,
717 1879 748 1904 et
778 1874 847 1904 reli-
914 1880 995 1906 stum
1012 1881 1043 1906 et
1056 1875 1178 1906 liberos.

189 1921 271 1962 quis-
960 1925 1031 1955 125.
1049 1925 1127 1958 Quos
1142 1925 1212 1955 colis
1226 1925 1265 1953 ad
1285 1923 1429 1962 superos]
1456 1922 1568 1963 Singu-

237 1971 305 2001 115.
323 1970 385 2000 Nec
411 1977 518 2007 tamen,
543 1971 622 2012 αα]
650 1972 847 2003 Facultatem
914 1973 952 2004 lis
971 1973 1095 2004 familiis
1116 1973 1170 2003 Dii
1191 1973 1364 2014 peculiares
1385 1978 1416 2002 et
1431 1971 1571 2012 peculia-

188 2019 374 2061 impetrandi
407 2019 599 2050 demonstrat
635 2032 672 2051 ex
702 2021 845 2052 humani·
914 2021 959 2053 ria
982 2033 1071 2053 sacra
1095 2028 1195 2053 erant.
1241 2021 1441 2052 Sacerdotum
1467 2027 1571 2051 autem

188 2074 252 2099 tate
268 2074 297 2099 et
315 2068 463 2100 facilitate
476 2069 619 2105 Caesaris,
632 2080 726 2111 quam
741 2081 757 2101 e
773 2081 846 2101 con·
913 2077 1017 2113 partes
1037 2082 1123 2102 orare
1143 2082 1197 2112 pro
1218 2070 1298 2100 aliis.
1323 2070 1422 2099 Posr.
1467 2069 1569 2099 Sacer-

189 2117 288 2147 trariis
306 2123 482 2159 exaggerat.
526 2118 599 2148 Non
615 2128 689 2160 ages
704 2129 775 2150 cuni
792 2119 844 2150 ho-
913 2121 974 2150 dos.
1012 2120 1141 2150 Amicus
1169 2125 1200 2150 et
1230 2129 1319 2150 carus
1347 2118 1500 2159 Augusto,
1525 2118 1571 2148 uti

188 2166 270 2197 mine
296 2167 358 2197 sero
378 2174 409 2198 et
429 2167 608 2204 inhumano,
622 2169 731 2209 quados
750 2169 844 2210 Poly·
913 2170 1089 2200 sacerdotes
1107 2169 1188 2200 Diis.
1214 2170 1306 2199 Men.
1341 2170 1480 2198 Sacerdos
1496 2168 1569 2198 Mu-

188 2215 319 2256 phemus
335 2222 365 2247 et
382 2217 578 2259 Antiphates·
612 2219 714 2248 Pom.
912 2228 1025 2255 sarum,
1042 2224 1089 2249 cst
1104 2226 1204 2260 poeta.
1229 2218 1302 2248 Hor.
1319 2216 1365 2248 iii.
1377 2217 1441 2247 Od.
1462 2218 1487 2246 l.
1505 2218 1536 2247 3.
