1760 3172
235 165 320 206 400

628 163 679 204 P.
712 161 926 205 OVIDII
959 161 1239 204 NASONIS

240 279 387 335 Quod
403 293 577 343 precor
592 278 809 326 eveniet:
836 284 952 325 sunt
962 277 1201 341 quiddam
1217 278 1416 326 oracula
1424 286 1617 339 vatum3

307 355 438 403 Nam
459 355 598 404 Deus
624 356 814 420 optanti
839 371 1079 419 prospera
1103 356 1246 418 signa
1268 357 1422 404 dedit.

1560 360 1622 405 56

239 432 310 480 Te
331 449 534 496 quoque
552 433 790 480 victorem
816 432 1053 496 Tarpeias
1080 434 1319 482 scandere
1345 434 1393 480 in
1419 450 1557 482 arces

308 509 448 558 Laeta
471 509 716 558 coronatis
744 510 906 558 Roma
928 510 1118 558 videbit
1141 512 1312 575 equis;

240 585 570 651 Maturosque
595 595 735 651 pater
760 588 863 635 nati
889 587 1139 652 spectabit
1162 588 1388 645 honores,

308 664 507 711 Gaudia
530 663 826 728 percipiens,
854 680 967 728 quae
992 665 1132 712 dedit
1155 665 1263 729 ipse
1288 665 1407 712 suis.

1562 668 1625 713 60

239 739 269 787 J
274 757 353 789 am
379 757 508 788 nunc
533 742 640 788 haec
667 757 696 788 a
719 757 815 798 me,
836 742 1077 805 juvenum
1101 742 1337 806 belloque
1362 749 1580 806 togaque

308 819 549 876 Maxime,
577 820 712 867 dicta
736 820 827 867 tibi
850 819 1152 868 vaticinante
1178 827 1310 867 nota.

243 894 390 944 Hunc
417 912 618 960 quoque
643 896 947 944 carminibus
980 897 1189 945 referam
1216 896 1426 944 fortasse
1454 896 1625 943 trium-

311 973 535 1021 Sufficiet
559 973 740 1021 nostris
765 973 807 1030 si
833 973 980 1021 modo
1004 974 1106 1021 vita
1130 974 1300 1031 malis3

1432 973 1669 1037 [phumw
1683 957 1692 1017 s

243 1048 477 1098 Imbuero
506 1050 770 1114 Scythicas
797 1051 838 1098 si
863 1067 961 1098 non
986 1051 1122 1115 prius
1148 1050 1256 1114 ipse
1281 1050 1505 1112 sagittas,
1565 1052 1628 1098 65
1651 1040 1672 1097 3„
1697 1043 1701 1047 ⁴

308 1126 688 1190 Abstuleritque
711 1126 850 1174 ferox
874 1127 968 1175 hoc
993 1134 1146 1191 caput
1171 1143 1290 1175 ense
1316 1127 1489 1175 Getes.

243 1203 391 1259 Quod
417 1204 474 1261 si,
500 1220 581 1251 me
607 1205 758 1261 salvo,
785 1204 983 1252 dabitur
1006 1204 1096 1252 tibi
1122 1205 1292 1252 laurea
1313 1205 1530 1268 templis,

311 1281 495 1328 Omina
519 1280 595 1328 bis
621 1281 758 1329 dices
782 1297 899 1329 vera
921 1280 1074 1329 fuisse
1099 1297 1225 1329 mea.

285 1426 338 1456 55.
365 1424 443 1456 Sunt
479 1426 650 1467 quiddam]
690 1425 738 1456 Ex
776 1425 902 1468 ingenio

242 1473 376 1506 Heinsii.
389 1474 420 1505 h.
431 1485 460 1506 e.
475 1475 582 1506 valent
592 1475 723 1518 aliquid,
735 1486 796 1506 non
810 1476 903 1517 plane

242 1529 315 1555 sunt
340 1525 580 1562 contemnenda,
602 1531 637 1556 ut
667 1525 848 1557 Graecorum
871 1526 904 1557 τὶ

242 1573 335 1605 εἶναι.
367 1574 517 1606 ΗΑΒιΕε.

285 1624 338 1654 58.
366 1623 485 1665 Equis]
520 1623 618 1665 Equis
653 1623 905 1666 triumphalibus.

243 1673 386 1710 Quatuor
399 1674 482 1704 enim
498 1672 571 1715 equi
582 1673 645 1704 albi
656 1683 781 1704 currum
797 1672 903 1704 trium-

242 1721 368 1763 phalem
391 1723 561 1759 trahentes,
583 1722 678 1753 etiam
702 1722 790 1753 lauro
819 1733 903 1753 coro-

243 1772 410 1802 nabantur.
476 1800 483 1810 ,

287 1821 341 1851 59.
355 1820 523 1860 Maturos]
549 1819 580 1851 h.
597 1830 624 1851 e.
650 1831 747 1862 quum
766 1821 832 1862 jam
861 1830 903 1851 ae-

244 1873 309 1900 tate
323 1871 499 1907 maturiore,
512 1869 674 1911 grandiore
689 1870 748 1901 eris
762 1882 767 1900 :
783 1869 826 1901 sic
840 1869 906 1912 ipse

243 1924 332 1960 pater
356 1918 520 1961 adoptivus
542 1919 684 1950 Tiberius
705 1930 766 1950 non
784 1919 908 1961 juvenis

243 1967 387 2009 Augusto
401 1968 466 1999 seni
483 1968 551 1999 haec
566 1968 682 2010 gaudia
692 1969 823 2010 praebet.
852 1969 905 1999 In-

243 2017 387 2058 geniosus
415 2023 507 2059 poeta
533 2017 659 2048 Tiberio
696 2017 781 2048 hisce
810 2017 905 2048 vitam

244 2066 343 2097 obiter
371 2073 515 2109 precatur
539 2067 724 2108 longaevam.
766 2067 906 2098 Maturus

244 2126 299 2157 pro
328 2126 390 2146 non
418 2121 579 2158 properato
617 2116 700 2158 apud
729 2116 845 2148 Caesar.
873 2117 905 2147 b.

245 2164 339 2195 civil.
355 2163 398 2195 iii.
415 2165 445 2195 7.
461 2166 492 2196 3.
524 2164 668 2196 Ciceron.
684 2164 724 2195 ad
740 2164 837 2196 Attio.
853 2176 905 2196 xv.

245 2213 305 2255 Ep.
317 2214 348 2244 4.
363 2215 590 2253 exspectandum
613 2220 725 2253 tempus
745 2215 906 2245 maturius.

245 2262 397 2293 HAnLl-:s-

287 2312 341 2342 61.
357 2312 427 2342 Jam
443 2323 524 2342 nunc
541 2312 599 2342 hoec
614 2324 632 2342 α
646 2312 718 2353 me.]
739 2312 825 2343 Ordo
840 2318 902 2344 est:

245 2361 274 2392 O
298 2360 439 2393 Maxime
457 2361 610 2403 juvenum
627 2365 658 2392 et
671 2360 755 2392 bello
776 2367 807 2393 et
823 2367 906 2403 toga,

965 1427 1032 1469 jam
1054 1438 1137 1459 nunc
1159 1431 1235 1458 nota
1249 1437 1319 1469 quae
1340 1436 1358 1457 a
1373 1436 1422 1457 me
1440 1425 1631 1457 vaticinante

969 1476 1055 1507 dicta
1068 1482 1149 1508 sunt.
1183 1476 1245 1508 Vel
1261 1475 1376 1506 manda
1394 1475 1548 1506 memoriae
1573 1474 1631 1506 hoc

970 1535 1074 1556 meum
1090 1525 1285 1557 vaticinium.

1014 1575 1068 1606 65.
1082 1575 1218 1605 Imbuero
1231 1574 1384 1615 Scythicas
1394 1573 1546 1616 sagittas]
1560 1574 1632 1604 Ma-

971 1622 1113 1656 defecero
1136 1623 1323 1665 Scytharum
1345 1623 1454 1665 jacula
1475 1633 1544 1654 meo
1563 1633 1633 1654 san-

972 1672 1077 1714 guine.
1113 1673 1233 1703 Hams.

1016 1722 1068 1753 67.
1088 1722 1139 1753 Me
1163 1722 1270 1762 salva]
1295 1722 1350 1752 Me
1375 1721 1407 1752 in
1430 1720 1565 1763 patriam
1586 1731 1634 1752 re-

972 1770 1068 1802 ducto
1083 1782 1138 1814 per
1153 1777 1183 1802 te
1198 1783 1204 1801 :
1228 1771 1280 1802 vel
1296 1781 1345 1802 me
1359 1770 1519 1807 incolumi,
1533 1775 1564 1801 et
1573 1780 1635 1800 non

973 1819 1159 1862 interempto
1183 1831 1201 1851 a
1222 1819 1358 1861 Scythis.
1404 1819 1539 1849 Dabitur
1563 1825 1633 1849 tem-

970 1871 1040 1909 plis.
1061 1869 1201 1911 Templis
1216 1868 1381 1900 dicabitur.
1405 1869 1535 1899 Coronae
1551 1867 1634 1899 enim

974 1918 1212 1961 triumphaturis
1232 1918 1265 1949 in
1285 1917 1411 1960 templis
1433 1917 1635 1959 deponeban-

975 1973 1037 1999 tur.

1016 2017 1068 2047 68.
1100 2016 1209 2047 Omina
1238 2014 1331 2056 mem]
1372 2016 1451 2046 Mea
1478 2014 1636 2046 vaticinia.

974 2065 1028 2096 Bis
1050 2068 1141 2101 dices,
1160 2066 1219 2096 διο.
1246 2064 1397 2096 Narrabis
1418 2075 1467 2095 me
1490 2063 1539 2095 bis
1560 2074 1635 2095 vera

973 2116 1030 2147 tibi
1044 2116 1249 2147 vaticinatum
1265 2115 1370 2152 fuisse,
1384 2120 1415 2146 et
1431 2114 1515 2156 quod
1527 2114 1636 2146 trium-

973 2165 1070 2207 phum
1088 2164 1221 2206 adeptus
1245 2164 1350 2200 fueris,
1363 2170 1394 2195 et
1411 2163 1494 2205 quod
1509 2173 1558 2194 me
1573 2174 1636 2194 ser-

973 2213 1112 2245 vaveris:
1139 2213 1177 2245 de
1197 2213 1354 2255 triumpho
1373 2212 1501 2249 Tiberii,
1517 2212 1557 2244 de
1574 2223 1636 2254 quo

974 2262 1029 2294 lib.
1057 2263 1098 2294 iv.
1123 2263 1212 2305 Eleg.
1244 2263 1289 2301 ii;
1328 2268 1360 2293 et
1389 2263 1428 2294 de
1456 2268 1522 2300 tuo,
1554 2261 1634 2294 Ger-

973 2312 1109 2349 manice,
1124 2312 1178 2354 qui
1194 2318 1362 2345 eventurus
1377 2317 1435 2344 est.
