1760 3172
423 179 612 223 ARTIS
644 179 1004 221 AMATORIAE
1038 179 1159 221 LIB.
1193 181 1286 223 III.
1497 182 1551 224 81

154 296 377 344 Credere
394 312 506 359 quae
516 296 744 359 jubeant,
763 296 900 343 locus
916 303 1010 352 est,
1028 304 1078 343 et
1093 313 1290 353 nomen,
1309 306 1358 345 et
1374 298 1524 347 index
1539 316 1548 355 ;

225 374 291 421 Et
315 375 434 438 quia
458 390 629 421 amans
655 390 868 437 semper,
897 374 1032 437 quod
1058 374 1214 430 timet,
1243 391 1353 422 esse
1380 383 1538 439 putat.

155 451 295 499 Vidit
314 459 369 499 ut
387 467 696 516 oppressam,
714 451 924 513 vestigia
939 451 1177 514 corporis,
1195 452 1424 509 herbam3
1456 457 1546 500 721

223 528 494 575 Pulsantur
518 528 699 591 trepidi
725 528 874 575 corde
901 528 1115 575 micante
1143 528 1297 575 sinus.

155 606 372 669 Jamque
395 606 502 654 dies
529 606 723 653 medius
749 613 927 653 tenues
953 613 1272 653 contraxerat
1296 607 1525 665 umbras3

224 683 385 746 Inque
410 683 516 746 pari
543 683 704 746 spatio
730 698 908 746 vesper
933 689 983 729 et
1007 690 1144 729 ortus
1171 689 1327 730 erant.

157 759 290 808 Ecce
316 760 444 807 redit
470 760 726 823 Cephalus
754 760 905 816 silvis,
935 760 1168 823 Cyllenia
1193 762 1373 824 proles,

223 836 428 900 Oraque
453 836 657 884 fontana
684 837 872 884 fervida
896 837 1087 900 spargit
1112 838 1260 901 aqua.

157 914 336 971 Anxia,
364 914 553 971 Procri,
580 915 724 962 lates.
754 914 924 961 solitas
944 915 1082 977 Jacet
1107 915 1188 961 ille
1214 931 1303 978 per
1328 916 1535 971 herbas;

223 991 305 1047 Et,
332 991 550 1055 Zephyri
575 992 766 1047 molles,
795 990 1050 1054 Auraque,
1077 991 1220 1047 dixit,
1249 993 1385 1039 ades.

159 1069 230 1117 Ut
254 1069 414 1133 patuit
439 1069 631 1116 miserae
651 1069 908 1132 jucundus
934 1069 1145 1116 nominis
1172 1086 1332 1124 error;

224 1146 292 1194 Et
314 1163 455 1194 mens
482 1153 533 1194 et
557 1146 704 1194 rediit
728 1163 873 1194 verus
900 1147 948 1194 in
975 1163 1060 1195 ora
1083 1148 1235 1195 color.

158 1224 355 1287 Surgit3
396 1231 447 1272 et
471 1224 730 1288 adpositas
752 1224 938 1288 agitato
965 1241 1174 1288 corpore
1199 1225 1399 1273 frondes

225 1301 403 1357 Movit,
430 1301 481 1348 in
506 1302 769 1365 amplexus
796 1318 922 1349 uxor
946 1302 1074 1349 itura
1098 1303 1204 1350 viri.

159 1377 249 1426 I-lle
271 1377 429 1426 feram
455 1379 683 1427 sonuisse
709 1386 862 1435 ratuS,
883 1380 1170 1443 juveniliter
1195 1396 1363 1428 arcum

226 1456 471 1520 Corripit:
512 1457 561 1503 in
586 1457 766 1504 dextra
793 1458 893 1505 tela
918 1457 1055 1506 fuere
1081 1474 1248 1506 manu.

154 1533 292 1588 Quid
315 1532 455 1590 facis,
482 1533 687 1581 infelix?
725 1550 824 1580 non
850 1541 928 1581 est
952 1534 1082 1583 fera:
1124 1535 1380 1600 supprime
1406 1538 1521 1585 tela.

223 1610 312 1658 Me
336 1611 598 1659 miserum!
631 1612 802 1674 jaculo
827 1612 928 1659 fixa
954 1614 1122 1676 puella
1145 1620 1230 1661 tuo
1256 1621 1349 1661 est.
1457 1619 1553 1663 736

157 1687 254 1737 Hei
278 1688 425 1736 mihi!
463 1690 760 1746 conclamat,
788 1690 941 1738 fixisti
968 1698 1147 1754 pectus
1174 1691 1405 1739 amicum.

220 1765 319 1813 Hic
343 1767 482 1814 locus
508 1783 537 1814 a
563 1766 789 1831 Cephalo
813 1769 1018 1816 vulnera
1042 1784 1240 1832 semper
1265 1770 1433 1817 habet.

160 1843 291 1892 Ante
316 1844 450 1892 diem
475 1845 673 1900 morior,
698 1846 787 1893 sed
813 1846 950 1893 nulla
977 1846 1157 1910 pellice
1183 1846 1330 1894 laesa:

226 1920 338 1970 Hoc
364 1921 513 1971 fiaciet
537 1923 714 1986 positae
740 1931 790 1971 te
815 1924 953 1981 mihi,
981 1932 1128 1981 terra,
1155 1925 1332 1972 levem.

1456 765 1551 809 7:25

1457 1153 1554 1196 730

1459 1927 1558 1974 740

201 2090 276 2121 721.
304 2090 388 2121 Vidit
401 2096 436 2120 ut
447 2101 610 2130 oppressam
624 2092 749 2133 vestigia
759 2102 821 2122 cor-

891 2091 962 2123 lene
978 2092 1061 2123 AEoli
1077 2098 1177 2134 patre,
1196 2092 1249 2134 qui
1267 2092 1401 2135 Cephali
1423 2103 1558 2135 proavus

157 2141 237 2179 poris
251 2139 401 2180 berhomi]
422 2139 550 2181 Optime
568 2139 695 2170 Gruteri
713 2140 824 2176 codex,

892 2141 994 2172 fuerit.
1040 2142 1102 2172 Sed
1119 2142 1281 2183 vulgatam
1303 2141 1473 2172 lectionem
1497 2153 1559 2173 non

164 2188 245 2219 Vidit
261 2195 296 2219 ut
312 2190 344 2219 in
359 2200 458 2228 pressa
472 2190 597 2230 vestigia
613 2191 743 2229 corporis
758 2190 824 2220 her-

159 2238 205 2267 ba.
257 2237 347 2267 DAN.
372 2237 492 2268 mes.
536 2237 643 2269 Pressa
669 2239 769 2275 herba,
794 2237 826 2268 in

160 2296 224 2328 qua
244 2286 392 2318 credebat
406 2285 508 2317 virum
531 2297 603 2318 cum
619 2286 730 2318 marito
749 2298 824 2318 con-

160 2335 316 2366 cubuisse.
331 2335 377 2366 ita.
390 2335 506 2377 passim
517 2347 652 2376 premere
668 2342 777 2367 torum.
793 2342 828 2367 ut

160 2384 181 2415 i.
196 2384 270 2416 Am.
284 2384 326 2416 iv„
344 2386 394 2416 15.
407 2390 439 2416 et
455 2385 543 2416 alibi.
557 2385 620 2417 vid.
634 2386 675 2417 ad
699 2387 826 2418 Petron.

161 2444 230 2475 cap.
242 2433 332 2465 xviii.
345 2439 377 2465 et
391 2436 516 2477 vestigia
529 2434 627 2466 etiam
639 2435 821 2477 frequentis-

161 2482 249 2520 sime,
261 2482 312 2514 ubi
330 2483 399 2525 quis
411 2484 523 2525 jacuit,
536 2484 654 2515 indicia
669 2484 826 2516 dicuntur.

162 2531 279 2562 Bunm.

211 2582 285 2613 725.
325 2582 402 2614 Ecce
431 2585 511 2614 redit
543 2583 702 2623 Cephalus,
729 2585 826 2624 proles

163 2629 316 2671 Cyllenia,
331 2632 448 2673 sylvis]
476 2632 575 2673 Sylvis
592 2632 738 2674 Cyllenia
753 2644 822 2673 pro-

164 2681 213 2711 les.
258 2680 398 2722 Scaliger
423 2687 454 2712 et
480 2682 661 2724 Leopardus
688 2682 826 2714 Miscell.

162 2728 218 2760 lib.
234 2729 287 2760 vii.
301 2740 370 2771 cap.
385 2730 493 2763 xxxiii.
511 2731 666 2767 Helleni«,
684 2733 724 2762 ab
746 2732 826 2763 Hel-

202 2783 303 2814 VOL.
322 2784 370 2814 ΙΙ.

893 2201 959 2221 esse
976 2190 1207 2221 sollicitandam
1223 2190 1364 2232 pluribus
1379 2191 1419 2221 ad
1434 2191 1489 2221 lib.
1507 2191 1561 2223 vii.

893 2249 971 2269 νοτε.
986 2239 1062 2270 673.
1074 2240 1155 2270 Met.
1169 2239 1288 2270 monui.
1311 2239 1461 2270 Mercurii
1477 2240 1560 2270 enim

893 2288 975 2318 filius
990 2288 1153 2330 Cephalus
1168 2299 1187 2319 a
1206 2288 1366 2320 nonnullis
1389 2294 1436 2319 est
1459 2289 1561 2320 credi-

894 2343 955 2368 tus.
1000 2338 1118 2369 Hnms.

939 2387 1014 2417 740.
1034 2387 1203 2429 Hocfaciet
1214 2388 1340 2426 positam
1352 2392 1380 2417 te
1395 2388 1467 2417 mihi
1478 2393 1562 2419 terra

896 2436 1014 2476 leuem]
1042 2436 1175 2467 Rectius
1191 2435 1320 2466 fortasse
1335 2435 1367 2465 in
1390 2436 1562 2474 nonnullis,

891 2486 1002 2524 posicae.
1027 2485 1186 2516 NAvossn.
1212 2484 1319 2515 Codex
1336 2484 1457 2525 Regius
1471 2495 1561 2517 men·

894 2535 979 2570 dose,
1001 2534 1146 2575 Hocface
1159 2541 1186 2564 et
1200 2536 1294 2574 posita
1309 2540 1349 2564 est
1369 2541 1396 2564 te
1412 2535 1484 2565 mihi
1500 2542 1561 2566 ter-

893 2595 929 2613 ra
951 2585 1034 2614 livet.
1079 2583 1140 2614 Sed
1164 2579 1364 2613 scribendum
1385 2589 1441 2619 est,
1461 2587 1562 2624 posita:

895 2639 922 2663 te
944 2634 1027 2663 mihi.
1059 2638 1091 2663 et
1111 2632 1155 2663 sic
1171 2632 1373 2674 Aprosianus.
1391 2634 1474 2675 quod
1497 2640 1529 2665 et
1545 2646 1563 2666 e

894 2683 958 2714 suis
978 2682 1140 2713 annotavit
1160 2680 1350 2723 Naugerius.
1393 2683 1490 2715 Positz'
1512 2685 1562 2719 vel

896 2733 1045 2772 compositi
1060 2730 1184 2762 mortui.
1230 2731 1348 2763 Hssms.

984 2786 1014 2816 G
