1760 3172
345 178 437 219 EX
470 177 680 219 PONTO
716 176 833 218 LIB.
868 177 948 217 IV.
983 143 1182 219 EPIST.⁴
1206 179 1271 220 X.

1415 180 1500 222 515

117 292 516 362 Partheniusque
541 309 710 357 rapax,
738 299 789 340 et
812 292 1011 339 volvens
1037 309 1160 340 saxa
1184 293 1420 359 Cynapes

183 369 386 418 Labitur
402 367 504 428 ,fet
527 371 663 417 nullo
687 370 872 418 tardior
890 386 1034 418 amne
1058 370 1234 434 Tyras.

1437 375 1499 420 50

117 446 183 494 Et
199 454 270 503 tu,
295 437 522 495 femineae
547 447 862 494 Thermodon
886 446 1081 509 cognite
1106 454 1307 506 turmae3

182 523 249 571 Et
272 525 524 587 quondam
551 524 731 580 Graiis,
759 524 929 579 Phasi,
956 524 1112 587 petite
1135 524 1267 572 viris.

118 600 350 664 Cumque
385 601 717 665 Borysthenio
748 600 1107 664 liquidissimus
1141 617 1283 650 amne
1312 602 1498 665 Dyras-

183 677 250 725 Et
272 679 424 726 tacite
447 695 691 743 peragens
715 680 826 726 lene
853 678 1143 727 Melanthus
1167 680 1277 728 iter.

1369 682 1497 744 [pes‚

118 754 320 818 Quique
343 756 467 803 duas
491 764 646 805 terras
671 757 843 804 Asiam
864 756 1143 820 Cadmique
1168 774 1383 805 sororem
1438 761 1500 805 55

185 831 487 898 8θρᾶῑᾶῖ,>ἐί;
510 850 682 882 cursus
707 835 837 882 inter
861 841 1123 897 utramque
1147 834 1280 882 facit.

117 905 473 974 Innumerique
498 912 748 975 alii,ssluos
773 912 900 958 inter
923 912 1170 958 maximus
1197 927 1370 958 omnes

186 986 380 1035 Cedere
406 975 665 1036 Danubius
691 1005 744 1036 se
768 988 874 1043 tibi,
905 987 1035 1044 Nile,
1063 995 1228 1050 neget.

120 1063 281 1128 Copia
302 1071 377 1112 tot
398 1066 620 1122 laticum,
647 1082 773 1129 quyas
797 1072 963 1127 auget,
991 1065 1235 1113 adulterat
1258 1065 1433 1121 undas,
1498 1108 1509 1124 ,ν

185 1140 233 1187 N
237 1157 294 1188 ec
318 1143 502 1206 patitur
519 1144 646 1191 vires
673 1160 842 1206 aequor
864 1143 1048 1191 habere
1074 1159 1206 1190 suas.

1439 1147 1502 1191 60

119 1216 252 1271 Quin
276 1219 426 1267 etiam
451 1227 626 1283 stagno
652 1220 842 1275 similis,
870 1220 1124 1284 pigraeque
1148 1221 1333 1284 paludi,

187 1294 441 1344 Caeruleus
465 1297 548 1344 vix
574 1304 666 1355 est,
693 1297 998 1360 diluiturque
1017 1297 1168 1345 color.

116 1508 252 1550 ὁρμίσας
265 1509 297 1547 ἐς
310 1511 369 1543 τὸν
384 1510 523 1550 Κάληκα
539 1513 701 1554 ποταμόν·
725 1512 779 1543 ubi

117 1557 265 1590 describit
274 1560 425 1592 Lamachi
440 1561 574 1592 classem
588 1562 707 1604 impetu
720 1563 778 1593 flu-

118 1618 160 1638 vu
173 1618 330 1640 amissam.

161 1657 214 1688 48.
237 1658 364 1700 Halys]
390 1659 492 1701 Halys
515 1659 627 1691 fluvius
651 1668 698 1691 est
724 1661 777 1692 de-

118 1717 243 1738 currens
258 1718 276 1738 a
289 1708 447 1740 radicibus
457 1709 551 1740 Tauri
566 1720 621 1751 per
632 1709 778 1740 Cataoni-

118 1766 169 1787 am
189 1757 496 1799 Cappadociamque,
508 1764 543 1789 ut
557 1758 664 1789 scribit
680 1759 778 1790 Plini-

117 1816 165 1836 us.
210 1805 312 1837 Croesi
327 1807 417 1838 clade
432 1803 524 1838 notus
538 1813 599 1839 est.

162 1856 215 1887 49.
231 1856 442 1897 Parthenius]
470 1856 656 1888 Parthenius
667 1858 778 1889 fluvius

119 1910 166 1936 est
179 1905 428 1946 Paphlagonum,
445 1905 591 1937 Carambi
604 1911 777 1948 promonto-

118 1953 163 1985 rio
185 1954 354 1996 proximus,
372 1960 405 1986 ut
427 1955 536 1986 scribit
558 1954 698 1988 Plinius:
723 1965 775 1986 ca-

119 2002 228 2044 ditque
243 2003 276 2034 in
291 2003 436 2034 Pontum.

163 2053 226 2084 Vel
240 2053 314 2095 quia
328 2063 382 2095 per
401 2053 511 2084 florida
528 2052 683 2083 delabitur
699 2053 778 2088 loca,

121 2107 176 2132 aut
196 2102 344 2144 quoniam
354 2102 460 2133 Diana
474 2102 557 2132 circa
571 2101 659 2132 illum
672 2102 779 2132 venari

120 2150 294 2187 consuevit,
308 2151 354 2182 ita
363 2151 476 2182 dictus.
504 2151 654 2181 HARLES.

165 2202 217 2231 50.
241 2200 284 2231 Et
306 2202 391 2231 nullo
414 2203 530 2231 tardior
552 2211 637 2230 amne
660 2201 780 2242 Tyras]

121 2250 220 2292 Tyras
250 2250 385 2291 Scythiae
414 2250 514 2281 amnis
548 2255 605 2286 est,
635 2250 667 2280 in
697 2261 782 2281 oram

123 2299 215 2330 Ponti
237 2299 393 2330 sinistram
417 2300 567 2336 defluens,
588 2299 641 2340 qui
668 2300 780 2341 oppido

123 2359 235 2380 nomen
268 2348 439 2391 imposuit3
476 2348 617 2380 meminit
649 2348 783 2385 Plinius,

120 2398 176 2429 lib.
190 2398 232 2429 iv.

167 2450 221 2479 51.
240 2448 281 2478 Et
294 2447 490 2488 tu,femineae
502 2447 694 2483 Thermodon,
705 2445 780 2486 δῖα]

121 2496 319 2528 Thermodon
346 2496 458 2528 fluvius
481 2501 528 2527 est
553 2495 607 2537 qui
638 2506 655 2526 a
681 2501 785 2525 monte

123 2546 271 2578 Armenio
293 2546 451 2582 dilabitur,
474 2552 567 2587 atque
589 2545 662 2575 inde
686 2555 785 2586 usque

125 2596 166 2626 ad
180 2596 356 2626 Amazones
376 2595 471 2626 celeri
494 2606 585 2626 cursu
609 2593 784 2636 proripitur.

127 2645 219 2676 Unde
239 2645 289 2676 hic
311 2650 404 2687 poeta
416 2644 647 2676 Thermodonta
671 2642 747 2673 dicit
767 2653 785 2672 a

126 2696 219 2727 turba
243 2696 388 2732 feminea,
403 2695 462 2726 hoc
486 2701 545 2731 est,
564 2695 602 2725 ab
619 2691 783 2724 Amazoni-

846 1512 915 1548 bus,
931 1510 1089 1553 cognitum
1102 1510 1222 1551 *fuissez
1249 1510 1396 1553 quiaillae
1416 1510 1506 1552 juxta

847 1572 918 1592 eum
933 1561 1062 1592 fluvium
1075 1560 1270 1591 habitabant.

890 1612 941 1643 52.
967 1611 1008 1642 Et
1018 1612 1165 1651 quondam
1182 1610 1296 1647 Graiis,
1311 1611 1415 1646 Phasi,
1427 1612 1504 1650 peti-

846 1668 874 1691 te
890 1660 986 1700 viris]
1011 1659 1121 1690 Phasis
1136 1660 1246 1701 ingens
1256 1660 1369 1690 fluvius
1381 1664 1438 1695 est,
1453 1660 1505 1700 qui

846 1710 1030 1741 Colchidem
1049 1709 1201 1745 illabitur,
1217 1715 1380 1750 ortumque
1392 1719 1430 1740 ex
1445 1709 1505 1740 Ar-

846 1759 951 1790 menia
963 1757 1059 1789 ducit.
1106 1758 1210 1788 Graiis
1222 1760 1305 1789 viris.
1342 1758 1504 1799 Argonau-

846 1813 894 1838 tas
909 1807 1075 1848 intelligit:
1100 1807 1169 1848 lege
1184 1806 1397 1848 Apollonium.

889 1859 941 1888 53.
966 1857 1098 1897 Cumque
1128 1856 1352 1897 Borysthenio]
1389 1857 1505 1898 Borys-

846 1907 965 1943 thenes,
1009 1906 1131 1942 fluvius,
1174 1905 1346 1936 seeundum
1391 1906 1506 1937 Istrum

845 1955 983 1987 omnium
1013 1955 1177 1991 maximus,
1208 1965 1327 1996 pascua
1367 1957 1508 1997 praebens

846 2004 1056 2036 amoenissima
1068 2016 1076 2042 3
1100 2003 1184 2035 idem
1196 2003 1235 2034 ad
1251 2003 1422 2045 potandum
1435 2014 1506 2035 sua-

847 2054 999 2085 vissimus.

887 2104 940 2135 54.
966 2103 1166 2143 Melanthus]
1194 2102 1377 2133 Melanthus
1392 2102 1506 2134 fluvius

845 2158 892 2184 est
902 2153 934 2183 in
948 2154 1083 2183 Pontum
1099 2152 1226 2182 labens.

891 2204 942 2233 55.
968 2202 1085 2241 Quique
1107 2203 1182 2231 duas
1207 2200 1334 2240 terras]
1374 2201 1506 2232 Tanaim

848 2251 1001 2292 designat,
1017 2250 1071 2292 qui
1091 2256 1181 2281 vasta
1203 2249 1318 2291 palude
1339 2250 1505 2291 profluens,

847 2302 879 2331 in
896 2299 990 2331 aliam
1000 2299 1164 2330 vastiorem
1180 2297 1373 2333 diffunditur,
1386 2299 1509 2330 nomine

849 2349 1003 2380 Maeotim.
1050 2349 1150 2379 Asiam
1182 2348 1343 2387 Cadmique
1371 2359 1507 2378 sororem.

849 2397 985 2440 Exponit
1003 2407 1073 2438 quae
1091 2397 1152 2428 sint
1166 2396 1214 2426 hae
1231 2395 1301 2426 duae
1316 2402 1416 2433 terrae,
1432 2407 1510 2438 quas

847 2446 962 2478 Tanais
974 2452 1106 2487 separat.

892 2498 944 2528 56.
968 2495 1055 2526 Inter
1079 2495 1264 2535 utramque]
1299 2495 1386 2525 Inter
1411 2494 1508 2524 Euro-

850 2556 923 2587 pam
939 2551 970 2576 et
984 2543 1103 2580 Asiam,
1119 2554 1198 2585 quas
1217 2543 1283 2585 ipse
1297 2542 1410 2574 Tanais
1430 2542 1509 2573 divi-

851 2595 908 2631 dit,
923 2600 958 2625 ut
972 2593 1118 2624 diximus.

895 2645 947 2675 59.
980 2636 1141 2672 Adulterat
1170 2642 1294 2682 undas]
1332 2639 1510 2682 Corrumpit

852 2698 884 2724 et
897 2696 997 2723 mutat
1011 2691 1104 2721 maris
1119 2697 1270 2721 naturam.

983 2741 1075 2771 LL2
