1760 3172
163 180 248 221 292
560 178 608 219 Ρ.
643 178 856 220 OVIDII
891 178 1172 221 NASONIS

176 295 278 341 Nos
299 311 518 358 quoquc,
542 310 656 357 quae
684 293 902 348 ferimus,
921 295 1126 341 tulimus
1147 295 1415 359 patientius
1432 302 1564 350 ante,

243 372 306 418 Et
334 373 463 419 mala
489 379 604 418 sunt
628 372 774 434 longo
801 372 1132 435 multiplicata
1156 372 1253 419 die.

168 450 390 506 Credite,
417 450 612 505 deficio,
642 458 909 512 nostroque
936 466 965 496 a
990 466 1213 513 corpore,
1242 456 1486 513 quantum

237 527 482 590 Auguror,
506 527 750 574 accedent
772 534 1000 590 tempora
1025 542 1177 590 parva
1201 526 1373 574 malis:
1502 530 1567 572 40

172 604 302 651 Nam
319 621 484 667 neque
500 605 770 660 suntvires,
786 620 951 667 neque
968 604 1054 667 qui
1071 604 1206 650 color
1222 610 1338 650 ante
1355 603 1565 659 solebat,

236 683 438 746 Vixque
464 682 624 729 habeo
649 689 869 737 tenuem,
899 697 1010 744 quae
1033 687 1172 743 tegat
1197 696 1328 735 ossa,
1357 687 1541 727 cutem.

172 761 393 825 Corpore
415 760 504 807 sed
526 776 668 808 mens
695 768 772 808 est
796 776 928 822 aegro
954 758 1114 821 magis
1140 773 1287 820 aegra,
1316 757 1534 820 malique

238 838 297 885 In
323 837 691 901 circumspectu
718 844 818 884 stat
843 837 948 884 sine
973 836 1072 882 fine
1098 835 1190 882 sui.

174 915 324 962 Urbis
345 915 489 962 abest
508 914 662 962 facies
681 934 691 972 ;
721 916 922 971 absunt,
944 930 1055 961 mea
1077 928 1211 968 cura,
1234 912 1430 959 sodales
1449 930 1459 969 ;
1500 914 1565 958 45

238 992 319 1048 Et,
348 1007 449 1055 qua
473 993 610 1040 nulla
634 993 754 1039 mihi
779 993 952 1048 carior,
976 1007 1101 1038 uxor
1126 991 1285 1038 abest.

170 1069 364 1132 Vulgus
399 1069 541 1117 adest
572 1070 884 1134 Scythicum,
913 1071 1251 1132 braccataque
1283 1067 1430 1115 turba
1464 1066 1563 1113 Ge-

365 1153 526 1194 tarum
546 1164 556 1194 ;

239 1221 322 1270 Sic
348 1223 496 1279 male,
524 1239 636 1286 quae
661 1224 822 1281 video,
850 1241 948 1272 non
971 1224 1235 1286 videoque,
1263 1227 1462 1268 nocent.

172 1299 284 1347 Una
309 1306 477 1347 tamen
503 1316 618 1364 spes
644 1307 736 1357 est,
766 1317 879 1364 quae
904 1317 984 1349 me
1011 1300 1198 1349 soletur
1222 1299 1271 1346 in
1296 1297 1420 1353 istis,

236 1375 359 1424 Haec
385 1376 487 1425 fore
513 1384 669 1426 morte
696 1395 809 1427 mea
834 1396 932 1427 non
958 1379 1192 1427 diuturna
1217 1376 1363 1424 mala.
1501 1377 1564 1421 50

623 1693 948 1741 ELEGIA
994 1693 1113 1741 VII.

171 1846 266 1893 B1s
294 1863 373 1894 me
400 1847 472 1892 sol
499 1845 622 1893 adiit
648 1845 826 1907 gelidae
851 1853 966 1909 post
990 1844 1173 1906 frigora
1199 1846 1401 1901 brumae,

235 1923 425 1987 Bisque
452 1939 596 1970 suum
622 1930 756 1970 tacto
784 1921 934 1970 Pisce
960 1922 1153 1986 peregit
1176 1922 1297 1970 iter:

897 2099 1004 2142 scripti
1020 2110 1091 2131 cum
1107 2099 1214 2142 primis
1233 2099 1436 2135 editionibus,
1453 2099 1504 2130 Sic
1518 2111 1563 2131 me

208 2100 262 2130 38.
289 2099 391 2141 Longo
415 2100 491 2140 die.]
521 2099 552 2131 h.
568 2110 596 2130 e.
623 2100 721 2131 multo
750 2106 827 2131 tem-

898 2156 1024 2181 morent.
1049 2150 1168 2180 HmNs.
1213 2148 1333 2186 Nostri,
1348 2149 1440 2179 mala.

164 2159 249 2190 pore.
283 2149 424 2191 Propert.
443 2148 487 2180 iii.
504 2149 535 2180 9.
551 2150 603 2180 50.
630 2149 710 2189 Cape
735 2149 828 2180 Roma

165 2199 349 2237 triumphum
377 2205 405 2229 et
437 2200 555 2241 longam
583 2200 720 2240 Augusto
748 2200 829 2230 salvo

160 2258 284 2285 prerare
307 2249 394 2277 diem.
440 2247 541 2283 Idem,
566 2247 600 2278 ii.
621 2249 671 2278 13.
686 2249 737 2279 95.
761 2259 827 2278 cum

162 2297 200 2325 sis
219 2295 286 2334 Ipsa
300 2307 377 2327 anus
392 2297 474 2326 haud
494 2297 584 2338 longa
603 2297 828 2339 curvajiztura

942 2250 970 2279 l.
988 2249 1041 2279 Bis
1053 2248 1129 2289 me.]
1156 2248 1313 2286 Quoniam
1324 2248 1395 2278 scil.
1409 2258 1428 2279 a
1442 2248 1561 2291 tropico

896 2297 1071 2340 capricorni
1095 2298 1140 2329 sol
1166 2309 1271 2329 rursus
1295 2297 1437 2329 ascendit
1454 2308 1560 2330 versus

161 2346 220 2374 die.
260 2345 299 2375 Et
319 2345 493 2376 Burmann.
509 2346 624 2376 refutat
647 2345 826 2388 opinionem

162 2393 458 2430 Grammaticorum,
480 2394 563 2425 diem
586 2393 749 2426 foeminino
773 2406 826 2436 ge-

162 2452 235 2473 nere
265 2442 400 2484 positum
430 2443 606 2484 significare
632 2449 766 2486 tempuS,
795 2449 827 2476 et

161 2491 255 2523 licere
270 2502 384 2533 genere
402 2498 535 2534 utroque
552 2493 654 2524 dicere
671 2493 824 2524 adfirmat.

162 2540 310 2571 HAmAEs.

204 2590 256 2620 48.
270 2590 321 2620 Sic
339 2592 430 2627 mula,
451 2602 514 2631 qnae
531 2591 624 2626 video,
645 2602 703 2621 non
726 2592 823 2621 video-

159 2649 224 2678 que,
241 2639 373 2680 nocent]
400 2639 450 2670 An
469 2639 554 2670 urbis
575 2639 671 2670 facies
687 2645 719 2670 et
734 2639 824 2671 soda-

896 2347 1148 2389 septentrionem,
1178 2353 1212 2377 ut
1239 2347 1320 2378 bene
1349 2352 1454 2378 monet
1480 2348 1559 2378 Ver-

896 2401 994 2437 poort.
1039 2396 1123 2433 Quia
1133 2406 1205 2426 vero
1221 2395 1315 2427 Aries
1329 2395 1474 2427 Piscibus
1488 2406 1558 2427 suc-

894 2444 990 2481 cedit,
1013 2444 1164 2475 Heinsius
1185 2445 1312 2482 rectius,
1327 2451 1363 2476 ut
1380 2445 1456 2476 mihi
1472 2444 1559 2476 vide-

892 2498 952 2530 tur,
969 2493 1081 2524 suadet
1103 2494 1226 2534 legere:
1252 2494 1306 2525 Bis
1328 2505 1379 2525 ver
1400 2495 1442 2525 sol
1462 2495 1560 2525 adiit.-

892 2542 931 2574 de
946 2542 1067 2584 reliqua
1078 2542 1225 2574 lectionis
1236 2542 1387 2574 varietate
1405 2542 1467 2574 levi
1483 2553 1556 2573 con-

892 2592 971 2628 sule,
992 2592 1016 2622 si
1038 2591 1168 2633 dignum
1190 2592 1361 2630 videbitur,
1383 2593 1558 2623 Burmann.

892 2640 966 2671 dein
995 2639 1159 2672 astromice
1188 2640 1283 2672 etiam
1319 2641 1441 2673 dixerat
1478 2648 1558 2672 tacto

159 2686 204 2718 les
229 2689 374 2719 absentes
396 2699 451 2731 pro
469 2688 551 2720 malo
573 2691 737 2720 numerat?
760 2699 822 2720 non
888 2692 985 2729 pisce5
998 2700 1081 2726 nam,
1095 2696 1128 2721 ut
1146 2690 1230 2721 idem
1242 2691 1485 2733 Verpoort.jam
1500 2700 1556 2721 no—

158 2742 242 2778 puto.
290 2737 396 2768 Scribe
419 2739 496 2768 male
522 2746 636 2768 nocent.
683 2738 819 2775 Quidam

892 2739 979 2773 tavit,
1008 2740 1095 2777 sig-no
1125 2740 1257 2782 piscium
1289 2740 1476 2782 perlustrato
1509 2741 1552 2771 sol
