1760 3172
360 176 452 216 EX
487 173 698 216 PONTO
733 174 853 215 LIB.
890 174 980 215 ΙΙΙ.
1016 175 1208 216 EPIST.
1242 176 1296 217 V.
1433 178 1518 218 469

137 291 298 354 Major
323 298 374 338 et
396 291 655 354 implesset
672 289 944 353 praecordia
963 297 1131 337 nostra
1155 291 1397 355 voluptas,
1434 295 1516 346 ‚25

200 368 367 422 Quum
391 367 613 415 traherer
637 366 785 414 dictis
812 367 1182 429 adnueremque
1208 368 1324 415 tuis.

134 445 297 500 Quem
322 444 558 508 quoniam
582 444 755 500 fatum,
778 444 917 492 vobis
943 444 1203 507 patriaque
1228 445 1429 501 relictis,

199 522 336 570 Inter
360 522 653 569 inhumanos
674 521 849 569 maluit
872 537 982 568 esse
1009 521 1166 568 Getas
1185 538 1196 569 z

136 600 283 654 Quod
306 599 439 655 licet,
458 607 514 646 ut
531 599 698 647 videar
721 605 889 646 tecum
913 599 1072 661 magis
1099 615 1226 654 esse,
1254 600 1482 662 legendo,

203 677 365 741 Saepe,
392 692 581 740 precor,
606 676 757 724 studii
783 676 991 741 pignora
1015 677 1156 724 mitte
1181 677 1281 724 tui:
1456 681 1520 724 30

137 754 485 818 Exemploque
510 769 638 809 meo,
666 753 760 800 nisi
786 753 1070 816 dedignaris
1096 753 1146 800 id
1171 753 1350 817 ipsum,

203 831 386 880 Utere:
424 832 559 895 quod
583 831 726 879 nobis
752 830 935 878 rectius
960 831 1068 894 ipse
1093 831 1252 878 dares.

137 908 371 973 Namque
390 925 499 972 ego,
517 909 603 972 qui
620 908 742 972 perii
756 910 860 972 jam
875 908 1084 973 pridem,
1104 908 1344 964 Maxime,
1361 908 1517 963 vobis,

204 986 410 1049 Ingenio
435 986 564 1034 nitor
589 1003 686 1033 non
712 987 918 1050 periisse
944 1002 1071 1034 meo.

137 1063 314 1112 Redde
332 1063 518 1121 vicem;
548 1079 641 1110 nec
662 1079 772 1110 rara
791 1063 863 1110 tui
883 1069 1208 1110 monumenta
1225 1062 1406 1110 laboris
1454 1066 1516 1109 35

200 1141 467 1205 Accipiant
490 1148 687 1198 nostrae,
714 1149 854 1204 grata
876 1140 1055 1197 futura,
1085 1156 1277 1187 manus.

138 1221 231 1267 Dic
255 1227 439 1275 tamen,
466 1235 495 1266 o
513 1219 711 1282 juvenis
736 1218 1012 1266 studiorum
1038 1219 1185 1282 plene
1211 1234 1450 1273 meorum,

204 1297 401 1360 Ecquid
427 1297 489 1344 ab
515 1296 591 1343 his
616 1296 737 1360 ipsis
763 1297 1060 1344 admoneare
1085 1296 1215 1343 mei?

139 1374 353 1439 Ecquid,
367 1373 451 1421 ubi
462 1379 549 1420 aut
563 1373 743 1420 recitas
754 1373 940 1421 factum
955 1374 1104 1420 modo
1118 1388 1317 1420 carmen
1333 1372 1520 1428 amicis,

203 1451 322 1508 Aut,
350 1451 486 1515 quod
511 1466 645 1513 saepe
671 1450 817 1506 soles,
846 1451 1004 1513 exigis
1033 1457 1086 1497 ut
1111 1449 1336 1504 recitent,
1459 1452 1524 1496 40

139 1529 398 1577 Interdum
423 1527 646 1592 queritur
672 1534 759 1575 tua
782 1544 939 1584 mens,
968 1527 1122 1574 oblita
1147 1525 1269 1589 quid
1294 1525 1457 1573 absit?

206 1607 392 1655 Nescio
419 1606 541 1669 quid
565 1612 699 1665 certe
725 1605 875 1653 sentit
900 1606 1077 1652 abesse
1104 1604 1208 1652 sui:

141 1684 313 1748 thue
337 1683 475 1747 loqui
500 1684 563 1731 de
588 1699 667 1730 me
692 1685 902 1730 multum
928 1689 1173 1747 praesente
1199 1680 1411 1736 solebas,

207 1761 356 1808 Nunc
382 1776 584 1824 quoque
611 1760 827 1808 Nasonis
853 1776 1034 1807 nomen
1059 1760 1109 1806 in
1133 1775 1217 1806 ore
1241 1766 1327 1805 tuo
1353 1758 1463 1805 est?

141 1838 258 1903 Ipse
283 1838 488 1902 quidem
513 1837 692 1885 Getico
717 1853 917 1901 peream
942 1836 1151 1884 violatus
1178 1836 1240 1882 ab
1266 1850 1400 1891 arcu,
1461 1837 1524 1882 45

208 1915 289 1972 Et,
317 1915 381 1963 sit
405 1915 588 1979 perjuri
613 1931 764 1978 quam
791 1931 943 1979 prope
968 1930 1130 1978 poena,
1152 1913 1308 1969 videS,

182 2037 234 2067 26.
245 2036 346 2071 Quum
356 2036 491 2066 traherer
500 2036 683 2076 tuisdictis]
695 2037 801 2073 Quum
868 2037 939 2076 quid
963 2036 1061 2065 absit?
1092 2034 1205 2064 Metuo
1227 2038 1333 2063 tamen
1355 2042 1394 2062 ne
1410 2032 1460 2062 vel
1483 2031 1527 2062 sic

139 2086 297 2117 dicentem
320 2090 350 2116 te
369 2084 521 2121 audirem,
537 2091 568 2116 et
588 2084 620 2116 in
636 2091 691 2116 tua
706 2086 802 2116 verba
869 2085 936 2115 haec
961 2084 1036 2116 satis
1060 2084 1121 2115 sint
1144 2084 1277 2124 integra.
1306 2083 1422 2112 Hssms.
1470 2081 1527 2112 Ec-

139 2139 172 2166 et
193 2134 380 2165 sententiam
401 2134 571 2165 adducerer
591 2134 652 2165 tuis
674 2133 800 2165 rationi·
868 2136 939 2174 quid
953 2135 1052 2164 adhuc
1068 2132 1197 2164 Junian.
1229 2130 1290 2162 Sed
1306 2131 1442 2171 legerem
1457 2141 1529 2160 cum

141 2185 211 2215 bus·
267 2202 270 2206 ·
869 2189 1002 2225 quatuor
1024 2181 1158 2223 scriptis,
1179 2181 1309 2220 Ecquid,
1333 2181 1384 2209 vbi
1406 2185 1461 2209 aut
1483 2190 1530 2209 re-

184 2234 239 2264 32.
267 2232 354 2267 Quod
382 2234 463 2263 nobis
487 2231 626 2272 reclina]
662 2232 802 2263 Minores
869 2236 954 2268 citas,
971 2233 1030 2262 ἃς.
1054 2232 1170 2262 Bonna.
1208 2229 1259 2260 Sic
1279 2228 1384 2259 nostri.
1429 2228 1530 2259 Locus

141 2282 224 2314 enim
243 2293 262 2313 a
284 2282 452 2324 majoribus
467 2287 572 2324 petere
587 2281 732 2324 exempla
747 2281 800 2312 de·
869 2292 930 2312 non
946 2292 1040 2312 sanus
1053 2290 1120 2311 esse
1135 2279 1268 2310 videtur.
1307 2279 1470 2319 Verpoort.
1486 2277 1530 2308 ita

143 2333 231 2362 bent.
268 2331 372 2362 PONT.
868 2330 1109 2372 interpretatur:
1136 2328 1188 2359 An
1203 2339 1282 2358 mens
1304 2334 1357 2357 tua
1375 2328 1529 2357 ⁴interdum

186 2382 240 2413 34.
256 2382 395 2424 Ingenio,
405 2382 481 2422 &c.]
500 2381 608 2412 Scribo
623 2381 662 2412 ad
676 2391 728 2411 vos
744 2391 801 2411 sae-
870 2381 1018 2419 queritur,
1039 2378 1146 2408 abesse
1174 2376 1233 2407 sibi
1256 2374 1388 2416 aliquid,
1404 2374 1530 2416 quando

143 2430 224 2473 pius,
243 2436 275 2462 et
297 2441 335 2461 eo
356 2437 449 2472 pacto
473 2441 566 2461 conor
580 2430 667 2461 vobis
691 2430 801 2460 absen-
870 2430 978 2458 recitas
1006 2437 1126 2457 carmen
1155 2424 1282 2466 aliquod
1314 2434 1421 2454 recens
1451 2433 1470 2453 a
1500 2428 1529 2453 te

143 2480 237 2516 tibus,
246 2486 396 2521 tanquam
411 2479 616 2522 praesentibus
631 2478 700 2515 frui,
712 2484 743 2509 et
758 2478 802 2509 vi-
861 2477 986 2519 sactum
1007 2477 1108 2506 amicis
1124 2474 1323 2516 quibusdam,
1337 2479 1392 2502 aut
1412 2472 1451 2502 ab
1467 2472 1529 2502 illis

144 2529 209 2560 deri
223 2539 291 2560 esse
304 2528 476 2565 vobiscum,
490 2534 521 2559 et
536 2539 597 2558 non
612 2528 643 2558 in
659 2527 780 2558 exsilio.
869 2528 1011 2567 postulas,
1024 2532 1059 2556 ut
1074 2525 1133 2567 ipsi
1151 2526 1274 2555 recitent
1286 2523 1354 2558 tibi,
1364 2533 1434 2563 quae
1446 2533 1528 2552 com-

187 2580 241 2610 39.
270 2579 420 2619 Ecquibus
443 2584 499 2608 aut
522 2578 658 2618 recitas]
689 2578 803 2617 Ecquid
871 2581 1053 2617 posuerunt;
1082 2576 1157 2614 quod
1178 2584 1248 2612 saepe
1271 2573 1342 2602 soles
1364 2570 1530 2612 postulare.

146 2629 196 2658 nbi
210 2630 318 2658 recitas
333 2627 486 2658 nonnulli.
530 2627 637 2657 Scribe
656 2626 806 2666 Ecquibus
873 2625 923 2656 Cf.
937 2624 1028 2655 Trist.
1042 2624 1101 2653 IV.
1115 2622 1135 2652 i.
1147 2623 1198 2653 89.
1237 2622 1386 2651 HAnLEs.

149 2684 183 2708 nt
197 2679 306 2708 recitas
316 2688 326 2714 ‚·
343 2682 374 2707 et
388 2687 469 2718 pone
484 2675 735 2716 interrogationis
752 2685 806 2704 no—
916 2674 968 2703 46.
998 2673 1162 2712 Perjumm
1198 2682 1283 2710 qnam
1315 2680 1401 2708 prope
1435 2679 1529 2707 ῃαίιιι,

147 2732 210 2758 tam
227 2733 297 2768 post
310 2726 375 2761 illa,
392 2728 529 2766 queritur
547 2733 598 2757 tua
617 2736 695 2756 mens
716 2726 806 2753 oblitu
875 2722 945 2763 quia
970 2721 1090 2762 Regius
1116 2720 1209 2750 habet
1232 2730 1284 2758 per
1308 2729 1437 2753 metrum,
1454 2717 1527 2747 scri>

1004 2770 1033 2799 H
1050 2781 1067 2799 H
1084 2771 1102 2799 3
