1760 3172
367 182 677 227 TRISTIUM
711 181 832 222 LIB.
863 179 955 221 III.
989 180 1171 222 ELEG.
1202 180 1239 221 I.

1413 181 1499 222 221

107 302 272 350 Litera
295 300 508 349 suffusas
534 297 670 362 quod
695 296 848 343 habet
871 294 1128 341 maculosa
1151 294 1342 351 lituras,
1442 297 1500 342 15

175 379 326 426 Laesit
350 394 474 441 opus
499 374 734 439 lacrymis
761 373 870 436 ipse
895 378 1046 435 poeta
1071 387 1233 418 suum.

110 455 164 502 Si
190 472 289 519 qua
312 455 612 502 videbuntur
636 468 756 499 casu
782 466 880 497 non
904 448 1042 496 dicta
1064 448 1235 503 latine,

175 532 236 578 In
260 548 361 595 qua
385 531 651 584 scribebat,
678 529 891 575 barbara
915 533 1046 573 terra
1069 525 1177 572 fuit.

52 639 59 641 ν
111 608 294 664 Dicite,
320 609 550 662 lectores,
578 606 619 653 si
645 622 743 653 non
768 620 932 667 grave,
956 619 1057 666 qua
1081 602 1145 649 sit
1170 601 1406 656 eundum,

177 685 419 747 Quasque
445 689 612 747 petam
638 683 784 730 sedes
809 681 993 743 hospes
1019 679 1069 726 in
1094 679 1216 725 urbe
1236 679 1377 725 liber.
1441 681 1506 723 20

112 761 237 809 Haec
262 761 346 808 ubi
373 777 483 808 sum
507 760 679 822 lingua
702 758 871 805 furtim
897 758 1144 804 titubante
1170 757 1382 811 locutus,

181 838 280 893 Qui
305 838 426 884 mihi
452 844 768 892 monstraret,
795 835 878 882 vix
903 834 996 881 fuit
1023 851 1168 889 unus,
1197 833 1306 880 iter.

117 915 183 962 Di
207 914 298 962 tibi
324 915 460 970 dent,
488 920 656 961 nostro
683 913 820 976 quod
845 929 942 959 non
967 912 1185 959 tribuere
1209 909 1420 974 parenti,

183 991 405 1038 Molliter
429 991 479 1037 in
504 990 665 1054 patria
688 991 850 1037 vivere
876 1006 1025 1053 posse
1048 988 1160 1036 tua!
1447 988 1509 1033 24

119 1069 232 1116 Duc
258 1084 375 1131 age:
404 1084 623 1131 namque
649 1083 848 1130 sequor,
868 1066 1094 1129 quamvis
1116 1073 1346 1127 terraque
1365 1065 1511 1112 mari-

184 1145 479 1208 Longinquo
506 1144 715 1192 referam
741 1144 902 1190 lassus
928 1143 990 1190 ab
1017 1143 1136 1189 orbe
1161 1141 1360 1205 pedem.
1390 1142 1513 1204 [que

117 1222 320 1279 Paruit;
362 1230 412 1269 et
437 1222 642 1277 ducens,
670 1222 777 1268 haec
804 1227 920 1267 sunt
943 1220 1048 1266 fora
1074 1219 1305 1274 Caesaris,
1325 1219 1510 1281 inquit:

188 1298 414 1346 Haecfest
438 1316 466 1346 a
491 1299 645 1346 sacris
672 1314 785 1362 quae
810 1298 890 1345 via
914 1314 1095 1345 nomen
1120 1297 1288 1343 habet.

120 1374 218 1422 Hic
243 1376 382 1422 locus
409 1381 487 1422 est
505 1375 691 1430 Vestae,
712 1374 798 1437 qui
825 1374 1036 1421 Pallada
1061 1380 1223 1421 servat
1248 1379 1298 1420 et
1322 1373 1512 1435 ignem:

187 1450 284 1499 Hic
308 1451 402 1499 fuit
426 1451 619 1515 antiqui
645 1451 782 1513 regia
806 1466 957 1514 parva
984 1450 1030 1497 N
1036 1465 1181 1496 umae.

1451 1452 1516 1495 30

122 1527 247 1576 Inde
273 1536 450 1592 petens
476 1529 723 1583 dextram,
752 1535 895 1591 porta
920 1534 1012 1582 est,
1040 1527 1125 1582 ait,
1154 1527 1250 1573 ista
1274 1526 1466 1573 Palati:

187 1604 284 1653 Hic
313 1605 504 1654 Stator:
533 1606 627 1653 hoc
647 1605 861 1669 primum
882 1605 1086 1652 condita
1103 1604 1266 1651 Roma
1286 1604 1394 1650 loco
1417 1609 1512 1650 est.

164 1788 218 1818 23.
246 1787 333 1822 Quod
349 1799 407 1818 ηοη
430 1789 561 1818 tribuere
579 1787 696 1828 poem]
726 1788 787 1817 Ρα-

122 1837 204 1867 renti
232 1841 304 1873 tres,
329 1847 384 1878 pro
407 1836 531 1868 diversa
558 1836 693 1868 lectione
708 1848 713 1866 :
744 1837 788 1867 sic

123 1884 269 1922 infra‘57,
285 1885 344 1916 hac
360 1886 429 1927 ipsa
442 1885 565 1927 elegia:

284 1940 382 1964 nostro
394 1935 518 1973 placata
531 1937 653 1974 parenti

168 1982 265 2013 Isdem
280 1985 333 2014 sub
347 1985 474 2014 dominis
490 1985 658 2023 adspiciare
674 1985 788 2015 dumus.

167 2032 220 2062 26.
245 2032 290 2062 Ab
304 2033 370 2062 orbe
386 2032 574 2074 longinqua]
599 2033 626 2062 E
640 2032 780 2073 Scythia.

169 2081 222 2111 27.
255 2081 372 2112 Forum
397 2081 543 2117 Caesaris,
570 2081 658 2123 cujus
687 2092 791 2112 aream

127 2129 232 2161 Julius
245 2130 352 2160 Caesar
372 2130 485 2161 coemit
503 2131 585 2161 1000
606 2130 670 2161 HS.
715 2131 791 2160 Sue-

128 2184 192 2210 ton.
216 2179 249 2209 in
270 2178 336 2210 vita
359 2179 477 2210 Caesar.
498 2180 551 2210 26.
597 2179 793 2210 Octavianus

128 2228 292 2269 Augustus
306 2227 429 2258 addidit
443 2228 569 2258 tertium
581 2238 674 2270 prope
687 2228 793 2259 Caesa-

127 2276 170 2307 ris
199 2277 310 2313 sorum,
342 2287 434 2319 supra
462 2278 575 2308 Forum
602 2277 794 2308 Romanum.

129 2326 256 2356 Sueton.
272 2325 356 2366 Aug.
373 2336 400 2356 c.
417 2327 469 2357 29.
485 2326 539 2356 ubi
562 2325 633 2357 vide
658 2326 796 2356 Casaub.

131 2379 163 2404 et
173 2373 314 2404 Torrent.
325 2383 361 2404 ac
374 2373 506 2409 Plinius,
520 2373 590 2404 libr.
606 2373 712 2404 xxxvi.
723 2384 750 2403 c.
765 2376 795 2404 5.

131 2422 189 2453 hoc
215 2422 314 2453 forum
339 2422 419 2453 inter
449 2428 582 2464 quatuor
607 2422 797 2454 mirabiliora

131 2470 216 2502 urbis
232 2470 366 2501 aedificia
380 2477 530 2502 recenset.
575 2471 726 2502 HARLES.

175 2521 229 2551 28.
246 2520 319 2550 Haec
334 2526 374 2550 est
387 2532 404 2550 α
415 2521 533 2560 sacria]
561 2520 655 2551 Viam
670 2522 797 2552 Sacram

133 2569 288 2610 designat,
304 2569 368 2599 foro
382 2569 530 2610 Augusti,
547 2569 601 2611 qui
623 2569 655 2600 in
670 2564 806 2612 Capito-'

134 2618 176 2649 lio
199 2618 373 2653 habitabat,
389 2617 544 2649 vicinam:
569 2618 698 2654 dictam,
714 2619 798 2660 quod

132 2676 187 2708 per
205 2677 275 2698 eam
298 2667 337 2697 ab
358 2676 442 2703 arce,
458 2666 491 2697 id
514 2674 572 2703 est,
589 2677 608 2698 a
630 2666 798 2708 Capitolio,

132 2715 170 2746 ad
187 2726 320 2758 augures
334 2726 423 2748 sacra
440 2716 630 2753 ferebantur,
648 2716 696 2747 vel
714 2716 798 2757 quod

856 1786 886 1817 in
906 1797 943 1818 ea
961 1786 1064 1817 foedus
1079 1786 1177 1816 ictum
1196 1784 1234 1815 sit
1251 1784 1330 1815 inter
1347 1783 1520 1814 Romulum

857 1842 888 1867 et
902 1836 1038 1867 Tatium.

900 1886 952 1916 29.
992 1885 1053 1915 Hic
1081 1886 1161 1915 locus
1189 1890 1231 1914 est
1262 1882 1380 1922 Vesta]
1413 1882 1520 1913 Vestae

857 1934 1011 1976 templum
1026 1933 1204 1969 rotundum,
1220 1933 1252 1963 in
1268 1943 1329 1973 quo
1342 1933 1525 1962 servabatur

858 1984 1048 2020 Palladium,
1064 1994 1135 2014 cum
1158 1983 1230 2023 igne
1254 1987 1416 2023 perpetuo,
1433 1981 1486 2022 qui
1507 1991 1526 2011 a

858 2033 1030 2074 virginibus
1045 2032 1228 2064 Vestalibus
1243 2032 1406 2069 alebatur3
1430 2036 1524 2072 atque

859 2081 918 2112 hoc
933 2080 1023 2112 multi
1040 2086 1150 2122 putant
1165 2091 1183 2111 a
1195 2079 1332 2110 Romulo
1343 2079 1427 2121 prius
1440 2090 1526 2110 erec-

860 2135 938 2160 tum.
969 2130 1140 2171 Dionysius
1156 2136 1272 2165 tamen,
1285 2128 1341 2159 lib.
1357 2127 1389 2158 ii.
1406 2127 1525 2164 scribit,

860 2179 892 2209 id
916 2189 935 2209 a
958 2179 1065 2209 Numa
1087 2178 1277 2208 aedificatum
1302 2176 1333 2206 in
1349 2177 1424 2212 foro,
1441 2177 1525 2217 quod

860 2233 993 2269 occupat
1017 2226 1157 2257 medium
1180 2225 1329 2267 Capitolii
1354 2231 1385 2255 et
1410 2225 1527 2256 Palatii

860 2278 975 2313 locum,
984 2276 1080 2317 idque
1094 2286 1174 2306 anno
1183 2275 1268 2306 urbis
1276 2273 1528 2315 quadragesimo,

863 2331 897 2357 ut
920 2326 952 2356 in
976 2326 1076 2356 Fastis
1100 2325 1191 2355 docet
1215 2323 1358 2354 Ovidius.
1403 2322 1528 2353 Atrium

865 2380 970 2405 autem
997 2375 1102 2405 Vestae
1129 2372 1187 2403 fuit
1217 2373 1331 2402 Numae
1358 2372 1454 2412 regia,
1479 2371 1529 2402 vel

863 2423 966 2466 potius
981 2433 1052 2464 pars
1064 2421 1167 2462 regiae.

908 2473 963 2502 31.
989 2471 1084 2501 Porta
1100 2477 1151 2505 est,
1168 2472 1222 2504 ait,
1241 2470 1295 2499 ista
1323 2467 1456 2508 Palam]
1483 2468 1530 2499 Ea

864 2527 953 2563 porta
976 2520 1060 2562 prius
1083 2519 1241 2554 Saturnia,
1265 2517 1339 2548 dein
1368 2517 1532 2548 Pandania

865 2570 1025 2611 adpellata
1054 2569 1128 2599 fuit:
1168 2567 1334 2598 adfirmant
1363 2567 1463 2596 Varro
1501 2572 1532 2596 et

866 2618 1001 2649 Solinus.

910 2667 964 2697 32.
992 2666 1052 2696 Hic
1070 2664 1199 2704 Stator]
1226 2664 1264 2694 In
1280 2668 1385 2694 monte
1408 2663 1533 2694 Palatio

867 2715 1020 2757 templum
1045 2724 1062 2744 a
1092 2713 1230 2744 Romulo
1260 2711 1331 2744 Jovi
1356 2711 1479 2748 Statori,
1500 2718 1533 2743 ut
