1760 3172
212 180 297 222 234

599 178 650 220 Ρ.
684 176 899 220 oVIDII
932 177 1214 220 NASONIS

213 294 327 342 Vidi
349 308 442 355 ego
466 299 516 340 te
541 293 626 340 tali
654 294 790 340 vultu
817 308 930 340 mea
953 292 1056 340 fata
1081 300 1380 354 gementem,

281 370 494 425 Qualem
519 369 758 418 credibile
784 377 860 418 est
885 386 968 417 ore
989 369 1143 417 fuisse
1168 385 1309 417 meo:

216 447 402 495 Nostra
424 454 536 494 tuas
562 447 661 494 vidi
683 448 930 510 lacrymas
957 462 1108 510 super
1132 463 1218 493 ora
1242 447 1497 503 cadentes,

278 523 525 587 Tempore
551 539 677 595 quas
703 540 818 579 uno,
845 524 1048 587 fidaque
1071 524 1239 579 verba,
1266 523 1389 571 bibi.

1542 511 1661 570 40⁴²

215 600 362 648 Nunc
389 616 592 664 quoque
617 601 904 647 submotum
931 600 1097 648 studio
1122 600 1349 648 defendis
1376 601 1607 655 amicum,

281 677 348 725 Et
371 678 517 734 mala,
535 677 619 725 vix
644 677 746 724 ulla
769 685 908 741 parte
933 677 1160 733 levanda,
1187 678 1338 724 levas.

212 753 338 801 Vive
363 754 469 801 sine
494 754 706 818 invidia3
747 754 1024 817 mollesque
1050 755 1289 816 inglorius
1315 770 1469 801 annos
1530 808 1539 816 Β

282 830 444 894 Exige
462 849 497 898 3·
513 830 757 878 amicitias
770 837 838 893 νεῖ
857 830 947 878 tibi
967 832 1126 894 junge
1150 846 1325 894 pares;
1518 815 1582 868 jez<

216 902 536 971 Nasonisque
557 907 646 964 tui,
666 908 801 971 quod
821 908 984 955 adhuc
1005 924 1102 955 non
1129 908 1327 955 exsulat
1349 921 1519 961 unum,
1547 908 1610 952 45

281 985 481 1032 Nomen
505 1001 643 1034 ama:
687 986 955 1050 Scythicus
981 991 1162 1033 caetera
1191 984 1385 1032 Pontus
1411 984 1578 1031 habet.

216 1063 455 1111 Proxima
477 1063 722 1110 sideribus
749 1064 896 1111 tellus
925 1061 1316 1127 Erymanthidos
1345 1060 1489 1107 Ursae

282 1139 371 1188 Me
396 1116 583 1205 tenets
579 1140 817 1188 adstricto
843 1147 974 1188 terra
999 1146 1203 1203 perusta
1227 1138 1357 1200 gelu.

218 1216 472 1280 Bosporos
499 1223 550 1264 et
574 1217 757 1264 Tanais
783 1224 1051 1281 superant:
1095 1215 1452 1280 Scythicaeque
1471 1213 1612 1277 palu-

282 1292 486 1356 Vixque
511 1293 630 1340 satis
656 1294 759 1341 noti
785 1294 986 1341 nomina
1010 1309 1172 1357 pauca
1195 1292 1306 1340 loci.

1469 1291 1580 1353 [des
1599 1309 1610 1348 3

218 1370 442 1418 Ulterius
468 1370 590 1417 nihil
612 1377 705 1427 est,
734 1371 827 1418 nisi
853 1388 952 1419 non
977 1370 1251 1418 habitabile
1272 1369 1442 1431 frigus.
1550 1370 1606 1415 51

283 1446 426 1495 Heu!
465 1463 616 1511 quam
641 1448 803 1496 vicina
828 1455 905 1496 est
930 1447 1106 1495 ultima
1129 1454 1261 1494 terra
1280 1445 1427 1492 mihi!

216 1524 285 1572 At
308 1525 456 1587 longe
481 1524 642 1588 patria
665 1532 760 1581 est,
787 1525 935 1588 longe
961 1523 1219 1571 carissima
1243 1522 1445 1585 conjux,

280 1600 537 1665 Quidquid
562 1602 745 1675 §221¹aess
770 1603 912 1650 nobis
937 1608 1053 1667 post
1076 1601 1176 1648 duo
1202 1601 1350 1648 dulce
1375 1598 1483 1646 fuit.

259 1778 312 1808 44.
335 1777 493 1809 Amicitias
516 1784 543 1808 et
568 1779 622 1808 tibi
637 1780 740 1820 junge
761 1780 876 1820 pares]

215 1825 267 1858 Sic
283 1832 314 1857 et
331 1826 473 1858 Curtius:
502 1826 583 1857 Nam
603 1828 815 1868 etfirmissima
833 1831 879 1859 in-

216 1882 262 1907 ter
274 1887 362 1915 pares
375 1882 417 1906 est
427 1878 574 1907 amicitia.

259 1925 311 1956 45.
330 1924 417 1959 Quod
429 1926 528 1955 adhuc
538 1936 597 1955 uon
610 1925 755 1966 exsulat]
783 1926 882 1968 Cujus

216 1975 299 2005 fama
312 1973 414 2005 adhuc
427 1985 489 2005 non
503 1974 606 2016 potuit
622 1975 776 2012 exsulare,
791 1987 880 2018 prop-

217 2028 263 2055 ter
278 2023 454 2054 claritatem
470 2029 502 2054 et
518 2023 710 2055 memoriam.

260 2073 313 2103 46.
338 2072 496 2113 Scythicus
509 2072 654 2113 Pontus]
682 2073 772 2104 Mare
785 2074 882 2105 Euxi-

217 2131 303 2157 num,
320 2121 403 2163 quod
415 2120 576 2162 Scythiam
592 2121 702 2152 adluit.

261 2172 312 2202 47.
337 2171 506 2211 Proxima]
534 2170 672 2207 Quidam
690 2170 814 2202 codices
829 2182 882 2202 no-

217 2230 289 2251 vam
321 2218 393 2249 hinc
431 2219 575 2260 Elegiam
603 2219 781 2250 ordiuntur:
823 2231 883 2251 non

217 2268 310 2299 male.
356 2267 474 2298 mes.
525 2267 607 2298 Ursis
638 2268 883 2309 Erymmithidos.

218 2317 306 2348 Ursae
322 2315 498 2353 Arcadicae,
516 2317 556 2347 ab
572 2317 764 2358 Erymantho
780 2323 884 2349 monte

217 2366 249 2397 in
264 2365 378 2396 finibus
392 2365 538 2397 Arcadiae
552 2378 560 2404 3
584 2377 639 2408 per
659 2377 764 2408 quam,
781 2377 883 2397 ursam

217 2415 368 2457 majorem
383 2414 549 2456 significat.

261 2465 313 2495 49.
338 2463 513 2504 Bosporus]
543 2464 685 2503 Bosporos
707 2463 800 2505 prim.
819 2464 883 2495 Va-

219 2512 354 2549 ticanus,
368 2512 503 2548 Combii,
518 2518 549 2544 et
561 2519 621 2544 tres
632 2512 695 2543 alii.
742 2513 883 2553 Scythice-

218 2573 273 2603 que
291 2563 418 2602 paludes
432 2561 528 2592 etiam
543 2561 668 2604 plurimi
688 2561 794 2604 scripti
811 2572 882 2593 cum

218 2610 328 2653 priscis
343 2609 543 2642 editionibus.
589 2610 792 2641 Cimmerium
806 2611 882 2641 Bos-

218 2670 328 2703 porum
344 2659 465 2702 accipe,
483 2671 543 2691 non
563 2659 744 2692 Thracium.
790 2660 882 2691 Com-

219 2708 351 2740 mittitur
364 2714 467 2739 autem
481 2708 599 2750 paludi,
610 2720 702 2750 quam
717 2710 882 2741 Maeotidem

949 1779 1157 1821 adpellamus.
1191 1776 1378 1809 Cimmerius
1389 1781 1492 1807 autem
1507 1775 1616 1817 adpel-

948 1828 1030 1860 latur
1046 1838 1064 1859 a
1079 1828 1247 1859 Cimmerio
1262 1826 1378 1868 oppido
1393 1825 1542 1867 Scythiae.
1577 1825 1617 1856 Et

952 1879 1073 1909 Tanais.
1126 1876 1242 1908 Tanais
1269 1886 1287 1906 a
1315 1873 1546 1917 septemtrione,
1577 1873 1616 1905 ad

949 1927 1112 1959 meridiem
1146 1936 1289 1967 vergens,
1317 1924 1350 1955 in
1385 1923 1521 1955 mediam
1555 1924 1617 1955 fere

950 1975 1104 2007 Maeotida
1119 1975 1240 2011 defluit,
1257 1980 1288 2005 et
1310 1974 1468 2015 Europam
1485 1973 1524 2003 ab
1539 1972 1618 2003 Asia

952 2026 1076 2061 dividit,
1092 2031 1127 2056 ut
1143 2026 1233 2056 Curt.
1248 2024 1350 2055 docet.
1394 2023 1488 2054 Men.

996 2076 1048 2106 50.
1077 2075 1188 2115 l'iique
1202 2076 1275 2104 satis
1292 2074 1353 2104 noti
1376 2074 1497 2103 nomina
1517 2083 1619 2112 pauca

953 2123 1035 2164 loci.]
1061 2122 1168 2153 Scribo
1183 2124 1237 2154 soli
1248 2129 1279 2154 et
1292 2124 1411 2153 nomina
1423 2133 1536 2159 ra11ca;
1560 2121 1618 2153 hoc

951 2180 1009 2209 est,
1024 2172 1152 2203 nomina
1163 2172 1276 2214 ingrati
1288 2177 1319 2203 et
1330 2171 1456 2202 barbari
1471 2171 1536 2202 soni
1549 2184 1556 2202 :
1573 2171 1618 2202 sic

953 2221 1032 2252 infra
1048 2221 1140 2251 Pont.
1157 2221 1198 2251 iv.
1215 2221 1277 2252 xvi.
1293 2221 1353 2252 36:

998 2271 1038 2300 Et
1069 2282 1192 2301 raucum
1224 2270 1329 2301 Getico
1353 2280 1493 2300 viurmw·
1515 2270 1546 2299 in
1570 2280 1620 2299 ore

1072 2320 1145 2360 fust
1157 2331 1168 2357 ,-

953 2368 1011 2399 hoc
1041 2374 1088 2399 est
1115 2367 1294 2399 dissonum:
1335 2372 1436 2409 potest
1460 2372 1564 2397 tamen
1589 2372 1620 2397 et

953 2417 1024 2448 ferri
1035 2418 1072 2448 τὸ
1086 2418 1151 2453 loci,
1162 2423 1196 2448 ut
1207 2417 1293 2448 locos
1303 2427 1414 2459 parum
1427 2422 1515 2447 notos
1527 2425 1622 2446 rauca

953 2465 1080 2497 nomina
1114 2477 1168 2508 per
1203 2466 1429 2508 adpositionem
1470 2465 1620 2507 adpellet.

953 2514 1039 2545 Infra
1056 2515 1105 2545 El.
1123 2526 1151 2545 x.
1170 2517 1206 2547 5:

996 2564 1180 2595 Saurnmatae
1203 2566 1331 2606 cingunt
1344 2563 1419 2605 sera
1435 2574 1507 2605 gens
1523 2562 1619 2594 Bessi-

1080 2624 1136 2653 que
1153 2613 1304 2654 Getoeque,

1041 2662 1137 2696 Quam
1162 2674 1217 2692 non
1244 2664 1362 2704 ingenia
1386 2663 1503 2692 ηιηηὶηα
1525 2663 1618 2702 dignit

1126 2712 1208 2742 meo!
1455 2711 1575 2741 Hmws.
