1760 3172
186 194 272 236 204
577 193 629 234 Ρ.
663 192 876 235 OVIDII
911 192 1193 235 NASONIS

187 309 368 357 Divitis
395 308 580 371 ingenii
607 316 685 356 est
709 308 946 355 immania
972 308 1187 355 Caesaris
1213 315 1326 356 acta
1485 311 1582 356 335

253 386 513 443 Condere3
554 385 762 433 materia
787 401 848 432 ne
874 391 1136 449 superetur
1159 401 1320 448 opus..

186 462 254 510 Et
277 470 446 510 tamen
471 479 622 510 ausus
648 479 812 510 eram:
854 462 944 509 sed
969 462 1247 509 detrectare
1271 461 1492 517 videbar,

253 539 504 603 Quodque
529 539 684 595 nefaS‚
711 539 893 586 damno
918 539 1103 588 viribus
1129 555 1240 586 esse
1266 539 1381 586 tuis.

187 617 269 664 Ad
295 617 405 665 leve
431 633 600 664 rursus
626 633 769 680 opus,
791 616 1031 680 juvenilia
1055 617 1290 673 carmina,
1316 617 1456 674 veni;

255 693 322 741 Et
346 694 471 741 falso
497 694 627 741 movi
653 700 831 757 pectus
859 709 1025 741 amore
1051 709 1236 741 meum.
1485 696 1583 740 340

187 770 304 818 Non
329 771 565 834 equidem
582 771 783 818 vellem:
823 770 912 817 sed
938 786 1018 817 me
1042 786 1154 818 mea
1178 770 1280 818 fata
1303 770 1583 826 trahebant,

257 847 420 911 Inque
445 863 583 894 meas
608 862 781 910 poenas
807 846 1094 909 ingeniosus
1120 863 1272 895 eram.

187 923 302 972 Heu
322 925 459 981 mihi.
478 925 616 989 quod
639 925 812 972 didici!
841 925 975 988 quod
994 941 1074 973 me
1093 925 1308 973 docuere
1332 932 1582 989 parentes,

255 1002 522 1066 Literaque
548 1009 626 1051 est
650 1003 820 1050 oculos
846 1003 948 1050 ulla
972 1010 1165 1050 morata
1189 1019 1326 1051 meos
1348 1003 1357 1049 !

189 1079 312 1128 Haec
337 1080 427 1128 tibi
448 1096 528 1127 me
553 1079 766 1127 invisum
788 1077 992 1127 lascivia
1010 1079 1144 1137 fecit,
1171 1081 1234 1128 ob
1261 1088 1409 1137 artes,

254 1156 392 1211 Quas
417 1164 553 1205 ratus
580 1173 633 1206 es
658 1157 838 1205 vetitos
863 1158 1158 1206 sollicitasse
1183 1165 1335 1206 toros.

189 1234 291 1282 Sed
317 1251 482 1298 neque
506 1250 586 1281 me
611 1241 778 1298 nuptae
804 1235 1087 1282 didicerunt
1110 1234 1242 1282 furta
1264 1236 1531 1298 magistro3

254 1312 504 1376 Quodque
529 1328 705 1376 parum
730 1313 882 1368 novit,
907 1329 1053 1360 nemo
1079 1312 1260 1361 docere
1286 1321 1467 1377 potest.

190 1390 273 1437 Sic
299 1407 392 1453 ego
418 1390 641 1446 delicias,
669 1398 719 1438 et
744 1390 914 1438 mollia
938 1391 1159 1438 carmina
1182 1391 1294 1448 feci,

255 1467 526 1515 Strinxerit
549 1475 605 1514 ut
628 1485 810 1516 nomen
835 1468 1005 1517 fabula
1028 1469 1165 1517 nulla
1189 1485 1372 1517 meum.
1486 1473 1584 1518 350

190 1545 235 1592 N
242 1561 298 1592 ec
325 1545 593 1609 quisquam
619 1554 696 1593 est
721 1546 846 1594 adeo
872 1547 1040 1594 media
1063 1548 1126 1594 de
1151 1548 1301 1611 plebe
1326 1548 1549 1605 maritus,

256 1623 327 1670 Ut
349 1623 532 1670 dubius
556 1623 674 1671 vitio
701 1623 765 1670 sit
789 1631 933 1687 pater
956 1624 1039 1672 ille
1063 1641 1192 1689 meo.

189 1701 352 1748 Crede
378 1701 513 1757 mihi,
541 1717 704 1748 mores
729 1701 918 1749 distant
943 1718 972 1749 a
995 1702 1214 1750 carmine
1239 1703 1423 1761 nostri;

253 1777 371 1825 Vita
393 1778 678 1825 verecunda
702 1786 797 1835 est,
827 1778 978 1826 Musa
995 1780 1185 1842 jocosa,
1213 1780 1331 1826 mihi
1352 1798 1361 1829 :

189 1854 480 1919 Magnaque
504 1871 618 1919 pars
645 1871 853 1920 operum
879 1857 1097 1903 mendax
1122 1864 1173 1904 et
1196 1857 1315 1905 ficta
1338 1875 1560 1907 meorum

254 1932 377 1979 Plus
403 1931 499 1979 sibi
523 1933 749 1996 permisit
773 1934 1107 1998 compositore
1132 1951 1238 1982 suo.
1487 1940 1585 1986 356

190 2009 298 2057 Nec
331 2010 457 2057 liber
484 2009 722 2058 indicium
756 2018 835 2059 est
856 2012 1023 2069 animi,
1039 2003 1141 2078 ss'ed
1174 2013 1384 2062 honesta
1411 2015 1583 2079 volup-

256 2087 480 2135 Plurima
503 2089 783 2137 mulcendis
810 2087 1156 2155 auribus'apta
1179 2090 1360 2139 serens.
1466 2094 1582 2155 [tas,

1486 1082 1584 1127 345

186 2259 406 2291 ostentandam
422 2259 496 2291 artis
511 2260 656 2302 peritiam
675 2266 707 2292 et
727 2262 855 2293 navium

188 2309 396 2346 habilitatem,
423 2310 549 2342 ludunt.
590 2311 705 2342 Postea
738 2313 855 2343 lusoriae

189 2370 285 2390 naves
308 2359 468 2391 levissima
491 2366 523 2391 et
544 2360 780 2403 expeditissima
800 2373 854 2394 na—

189 2409 384 2449 vigiadicta.
432 2410 552 2440 Buim.

232 2459 305 2489 337.
330 2458 387 2488 Sed
408 2460 576 2490 detrectare
597 2459 745 2500 videbam]
774 2459 853 2502 Sep-

188 2513 264 2544 tem,
285 2514 339 2539 aut
360 2514 430 2539 octo
446 2514 568 2540 veteres
591 2510 739 2539 delirare:
764 2508 854 2551 prim.

190 2558 284 2588 Polit.
300 2565 331 2588 et
347 2558 522 2600 Hamburg.
539 2565 570 2589 et
586 2558 720 2589 Putean.
739 2560 854 2589 dereri-

190 2613 275 2637 ture:
307 2617 347 2636 an
376 2617 430 2648 pro
455 2608 646 2646 depretiare?
675 2618 736 2649 quo
762 2607 855 2637 verbo

191 2655 310 2685 Paulus
332 2665 416 2691 usus,
441 2655 496 2686 lib.
521 2655 596 2686 xxii.
624 2656 666 2686 D.
688 2655 728 2686 ad
751 2655 854 2697 legem

189 2704 364 2746 Aquiliam.
398 2705 520 2736 Glossae
538 2704 678 2740 ineditae,
693 2705 853 2746 Depretia-

191 2755 217 2784 η’
239 2753 486 2792 {mv-metzam.
540 2755 603 2786 Sed
630 2755 735 2786 nescio
761 2765 800 2786 an
821 2754 853 2786 id

921 2263 1019 2294 seculi
1036 2263 1185 2294 Ovidiani
1207 2263 1247 2294 sit
1263 2264 1405 2295 verbum.
1451 2265 1535 2296 Usus
1554 2271 1586 2296 et

922 2323 958 2343 eo
972 2313 1186 2344 Tertullianus
1207 2324 1268 2344 non
1286 2314 1393 2344 semel.
1439 2314 1513 2345 Duo
1531 2314 1585 2345 alii

922 2364 1090 2394 detrectare
1116 2365 1258 2400 rei-eham
1284 2374 1365 2394 unus
1387 2365 1585 2403 dedecorare,-

923 2410 1003 2442 alius
1018 2414 1181 2443 decertare.
1228 2413 1347 2443 l‘lmxs.

966 2462 1040 2491 338.
1068 2461 1268 2492 Constructio
1283 2474 1288 2491 ι
1322 2468 1354 2494 et
1380 2461 1511 2494 videbar
1540 2462 1586 2494 vi-

922 2509 1007 2540 ribus
1022 2511 1083 2541 tuis
1098 2510 1212 2541 damno
1224 2522 1301 2548 esse,
1316 2511 1400 2553 quod
1414 2512 1501 2543 nefas
1510 2518 1587 2544 erat.

922 2558 1070 2590 Ihuuss.

967 2609 1040 2638 350.
1065 2608 1227 2639 Striurerit
1245 2621 1339 2640 meum
1359 2609 1490 2650 nomem]
1518 2611 1587 2641 Lae-

922 2657 995 2688 serit
1010 2667 1111 2687 meam
1129 2657 1253 2689 samam.

965 2706 1038 2736 356.
1066 2706 1262 2746 Conqwsilnre
1276 2708 1356 2749 sum]
1387 2708 1443 2739 Me
1460 2706 1585 2743 OvidiO,

922 2765 975 2795 qui
991 2765 1027 2785 ea
1043 2765 1212 2797 composui.
