1760 3172
207 185 293 227 192

594 183 646 225 P.
688 182 904 225 OVIDII
938 183 1219 227 NASONIS

207 298 478 362 Turbaque
504 299 762 346 doctorum
790 297 1044 346 Nasonem
1070 299 1222 354 novit,
1250 306 1300 347 et
1325 300 1477 348 audet

277 376 393 423 Non
414 376 648 423 fastiditis
675 376 1001 423 adnumerare
1025 376 1157 422 viris.

1509 379 1600 423 120

211 453 412 500 Corruit
435 453 540 500 haec
567 454 715 516 igitur
741 453 903 500 Musis
929 460 1153 515 accepta,
1181 453 1274 499 sub
1300 469 1415 508 uno,

280 530 381 577 Sed
407 547 504 577 non
529 531 728 592 exiguo,
756 530 961 577 crimine
987 530 1129 593 lapsa
1153 529 1359 576 domus:

209 607 380 670 Atque
404 624 464 655 ea
488 608 559 654 sic
585 609 726 671 lapsa
751 614 843 663 est,
870 615 926 654 ut
950 622 1170 669 surgere,
1199 606 1239 652 si
1265 606 1412 653 modo
1435 604 1539 652 laesi

279 683 616 730 Ematuruerit
642 684 856 730 Caesaris
883 683 968 738 ira,
998 689 1167 745 queat.

213 760 372 823 Cujus
399 760 447 806 in
474 767 653 807 eventu
680 775 840 823 poenae
866 760 1135 806 clementia
1157 766 1297 806 tanta
1320 766 1412 815 est,

1511 761 1603 805 125

281 836 353 883 Ut
375 835 525 883 suerit
549 843 716 882 nostro
741 835 895 882 lenior
920 836 1006 882 illa
1029 843 1181 883 metu.

211 913 327 960 Vita
350 913 468 959 data
491 919 584 968 est,
605 912 831 975 citraque
857 928 1032 960 necem
1057 920 1144 960 tua
1163 913 1389 960 constitit
1412 911 1499 968 i'ra,

280 990 323 1036 O
352 990 584 1054 princeps
611 1006 759 1053 parce
784 990 970 1037 viribus
995 1006 1084 1037 use
1109 990 1225 1038 tuis.

213 1066 425 1131 Insuper
451 1067 714 1122 accedunt,
742 1073 792 1113 te
818 1083 915 1113 non
937 1066 1204 1122 adimente,
1233 1073 1469 1130 paternae,

279 1143 541 1207 Tanquam
566 1144 669 1191 vita
692 1159 866 1207 parum
892 1144 1109 1191 muneris
1136 1150 1287 1199 esset,
1315 1159 1454 1207 opes.
1513 1144 1605 1190 130

215 1221 324 1268 Nee
350 1237 462 1268 mea
486 1221 689 1268 decreto
714 1221 963 1268 damnasti
988 1221 1119 1267 facta
1144 1227 1374 1268 senatus:

283 1298 392 1345 Nec
417 1314 530 1345 mea
555 1299 740 1345 selecto
759 1299 932 1361 judice
952 1299 1095 1361 jussa
1118 1297 1237 1360 fuga
1259 1303 1352 1344 est.

213 1374 463 1421 Tristibus
490 1374 716 1422 invectus
740 1375 922 1430 verbis,
949 1375 1019 1421 ita
1043 1374 1268 1438 principe
1293 1374 1515 1437 dignum,

282 1450 432 1498 Ultus
459 1467 512 1498 es
538 1451 769 1505 offensas,
793 1459 848 1498 ut
873 1452 1038 1506 decet,
1065 1451 1172 1514 ipse
1197 1460 1328 1499 tuas.

213 1527 376 1582 Adde,
401 1529 535 1591 quod
561 1529 797 1585 edietum,
822 1528 1048 1592 quamvis
1074 1529 1289 1576 immane
1314 1528 1602 1591 minaxque,

281 1604 520 1652 Attamen
545 1605 594 1651 in
620 1622 780 1669 poenae
806 1606 1003 1653 nomine
1028 1607 1138 1654 lene
1164 1606 1271 1653 fuit.

1515 1608 1606 1652 136

216 1680 417 1745 Quippe
443 1683 709 1745 relegatus,
737 1699 834 1730 non
861 1684 1005 1731 exsul
1030 1685 1169 1731 dicor
1193 1684 1243 1731 in
1268 1684 1381 1740 illo;

284 1758 545 1823 Parcaque
570 1759 779 1808 fortunae
805 1768 920 1808 sunt
944 1762 1062 1809 data
1080 1762 1231 1809 verba
1256 1777 1398 1809 meae.

263 1891 332 1921 124.
365 1892 604 1934 Ematuruerit]
643 1894 772 1924 Matura
797 1894 880 1925 sacta

214 1941 317 1976 fuerit,
330 1947 360 1972 et
372 1941 479 1973 lenita.
502 1942 543 1972 Et
554 1942 741 1979 Columella,
755 1943 809 1974 lib.
819 1944 877 1974 vii:

260 1990 301 2020 Et
323 2002 415 2031 quum
443 1995 594 2022 maturuit
617 1995 804 2033 suppuratio,
833 2005 878 2024 re-

300 2041 568 2081 scindicurferr0;

217 2087 288 2119 vide
303 2089 386 2120 Gell.
403 2088 458 2120 lib.
473 2101 503 2120 x.
520 2100 588 2132 cap.
602 2089 634 2120 ii.

263 2139 332 2168 127.
367 2138 511 2179 Citraque
536 2139 662 2179 necem]
696 2140 784 2171 Citra
813 2141 879 2171 ani-

216 2187 464 2219 madversionem
479 2188 511 2218 iu
528 2187 623 2220 vitam
639 2195 670 2220 et
684 2189 832 2221 fortunas.

264 2239 332 2268 130.
360 2237 512 2278 Tanquam
535 2240 599 2268 vita
618 2250 726 2278 parum
750 2241 881 2270 muneris

216 2286 315 2327 esset]
356 2286 479 2318 Laudat
508 2286 641 2318 Caesaris
669 2288 880 2325 elementiam,

217 2334 268 2365 cui
284 2335 349 2366 vita
364 2335 478 2366 Ovidio
502 2346 651 2368 concessa
673 2348 804 2379 parvum
828 2338 879 2369 be-

218 2384 364 2415 neficium
380 2384 555 2422 videbatur,
572 2386 631 2417 nisi
650 2387 744 2418 etiam
760 2387 806 2417 illi
822 2387 881 2418 for—

217 2439 310 2464 tunas
324 2445 396 2465 suas
411 2436 625 2467 concessisset.

264 2484 335 2513 132.
350 2483 490 2524 Selecto.]
509 2484 646 2515 Fuerunt
657 2484 740 2515 enim
752 2491 884 2527 quatuor

217 2531 353 2562 decuriae
371 2532 515 2573 judicum
537 2533 649 2575 primo,
664 2533 806 2575 pluribus
820 2534 883 2565 dis-

218 2586 310 2610 cretae
335 2581 519 2613 nominibus.
565 2583 710 2624 Namque
735 2583 804 2614 aliae
828 2583 880 2614 tri-

219 2629 371 2660 bunorum
383 2630 463 2665 aeris,
475 2631 706 2673 aliaejudicum.
744 2632 881 2668 Quidam

221 2678 379 2718 nongenti,
397 2679 525 2720 quidam
547 2681 656 2712 selecti
672 2681 883 2721 vocabantur;

222 2726 302 2758 Pliu.
319 2727 373 2758 lib.
388 2728 495 2759 xxxiii.

993 1896 1064 1926 133.
1089 1895 1445 1936 Itaprincipedignum.]
1475 1894 1612 1936 Dignum

947 1952 988 1975 est
1010 1945 1172 1987 plerique;
1208 1944 1414 1975 Buslidianus
1436 1956 1454 1974 ιι
1475 1945 1613 1984 principe

947 1996 1069 2036 dignus.
1131 1995 1213 2025 Puto
1250 2006 1284 2025 ac
1322 1995 1461 2034 principe
1501 1995 1612 2036 dignis.

947 2043 1066 2075 mes.

994 2092 1167 2133 Tristibus]
1194 2092 1225 2122 h.
1241 2101 1271 2122 e.
1288 2091 1413 2127 severis,
1436 2090 1612 2122 minacibus

948 2151 977 2171 ν.
994 2141 1034 2172 ad
1057 2141 1168 2183 Virgil.
1191 2141 1223 2171 ii.
1250 2141 1298 2170 14.
1314 2140 1345 2170 in
1369 2140 1542 2172 Chrestom.
1558 2139 1615 2170 lat.

948 2190 1081 2232 poetica.
1097 2193 1150 2226 ita,
1167 2200 1228 2220 non
1245 2189 1346 2225 video,
1362 2200 1416 2220 cur
1440 2199 1511 2219 cum
1533 2189 1613 2218 Bur-

948 2249 1062 2270 manno
1077 2246 1228 2269 mutarem
1244 2238 1276 2268 in
1290 2245 1318 2268 et
1335 2243 1388 2268 aut
1404 2244 1455 2268 ut:
1480 2237 1558 2268 illud
1571 2239 1614 2267 ita

949 2288 1024 2318 mihi
1040 2288 1166 2329 gravius
1181 2298 1246 2319 esse
1263 2287 1396 2318 videtur.
1441 2287 1591 2318 HARLES.

996 2338 1065 2368 135.
1085 2336 1253 2377 Immanis]
1282 2336 1425 2378 Proprie:
1442 2347 1503 2366 non
1514 2337 1615 2367 bonus

951 2388 990 2417 ab
1012 2386 1140 2428 antiquo
1164 2397 1270 2416 manus
1285 2392 1338 2416 aut
1354 2388 1448 2416 manis
1462 2396 1516 2427 pro
1532 2386 1615 2416 bono.

950 2447 981 2465 v.
996 2436 1140 2466 Macrob.
1156 2436 1280 2465 Saturn.
1296 2434 1317 2465 i.
1331 2445 1359 2465 c.
1374 2435 1404 2465 3.
1420 2440 1451 2464 et
1467 2434 1612 2465 Vossium

951 2484 983 2515 in
999 2485 1176 2525 Etymolog.
1193 2484 1250 2514 sub
1263 2495 1312 2514 νν.
1326 2485 1462 2514 immanis
1473 2489 1504 2513 et
1519 2494 1615 2514 mane.

951 2533 997 2563 Ex
1013 2533 1060 2563 his
1073 2533 1225 2568 videmus,
1237 2532 1366 2563 alteram
1381 2532 1547 2563 lectionem
1559 2534 1616 2562 im-

950 2585 1094 2613 miteesse
1107 2582 1428 2624 interpretamentum.
1467 2582 1615 2612 Hamas.

997 2632 1067 2662 137.
1102 2631 1216 2670 Quippe
1245 2631 1423 2673 relegatus]
1456 2630 1613 2671 Relegare

950 2687 1007 2715 est.
1024 2680 1054 2711 in
1078 2679 1211 2710 insulam
1232 2680 1380 2722 aliquem,
1399 2679 1446 2710 vel
1469 2679 1501 2710 iu
1517 2679 1614 2709 aliuin

951 2730 1054 2759 locum
1093 2730 1213 2760 mittere
1227 2742 1234 2766 ;
1269 2730 1435 2770 differtque
1472 2728 1615 2760 exsilium
