<?xml version="1.0" encoding="UTF-8"?>
<!DOCTYPE html PUBLIC "-//W3C//DTD XHTML 1.0 Transitional//EN"
    "http://www.w3.org/TR/xhtml1/DTD/xhtml1-transitional.dtd">
<html xmlns="http://www.w3.org/1999/xhtml" xml:lang="en" lang="en">
 <head>
  <title>
</title>
<meta http-equiv="Content-Type" content="text/html;charset=utf-8" />
  <meta name='ocr-system' content='tesseract 3.04.00' />
  <meta name='ocr-capabilities' content='ocr_page ocr_carea ocr_par ocr_line ocrx_word'/>
</head>
<body>
  <div class='ocr_page' id='page_1' title='image "./povidiinasonisop02oviduoft_0198.png"; bbox 0 0 1760 3172; ppageno 0'>
   <div class='ocr_carea' id='block_1_1' title="bbox 211 179 1213 224">
    <p class='ocr_par' dir='ltr' id='par_1_1' title="bbox 211 179 1213 224">
     <span class='ocr_line' id='line_1_1' title="bbox 211 179 1213 224; baseline -0.003 0"><span class='ocrx_word' id='word_1_1' title='bbox 211 183 296 224; x_wconf 80' lang='lat'>188</span> <span class='ocrx_word' id='word_1_2' title='bbox 602 181 652 222; x_wconf 92' lang='grc' dir='ltr'>Ρ.</span> <span class='ocrx_word' id='word_1_3' title='bbox 688 179 899 221; x_wconf 93' lang='lat' dir='ltr'>OVIDII</span> <span class='ocrx_word' id='word_1_4' title='bbox 934 179 1213 222; x_wconf 92' lang='lat' dir='ltr'><strong>NASONIS</strong></span> 
     </span>
    </p>
   </div>
   <div class='ocr_carea' id='block_1_2' title="bbox 214 295 1610 1974">
    <p class='ocr_par' dir='ltr' id='par_1_2' title="bbox 215 295 1600 435">
     <span class='ocr_line' id='line_1_2' title="bbox 215 295 1600 344; baseline -0.003 0"><span class='ocrx_word' id='word_1_5' title='bbox 215 296 415 344; x_wconf 86' lang='lat' dir='ltr'>Divitiis</span> <span class='ocrx_word' id='word_1_6' title='bbox 441 296 591 343; x_wconf 86' lang='lat' dir='ltr'>etiam</span> <span class='ocrx_word' id='word_1_7' title='bbox 617 296 802 342; x_wconf 91' lang='lat' dir='ltr'>multos</span> <span class='ocrx_word' id='word_1_8' title='bbox 827 302 878 342; x_wconf 90' lang='lat' dir='ltr'>et</span> <span class='ocrx_word' id='word_1_9' title='bbox 902 295 1171 342; x_wconf 88' lang='lat' dir='ltr'>honoribus</span> <span class='ocrx_word' id='word_1_10' title='bbox 1196 302 1370 342; x_wconf 90' lang='lat' dir='ltr'>auctos</span> <span class='ocrx_word' id='word_1_11' title='bbox 1536 295 1600 340; x_wconf 83' lang='lat'>45</span> 
     </span>
     <span class='ocr_line' id='line_1_3' title="bbox 278 371 1373 435; baseline 0 -16"><span class='ocrx_word' id='word_1_12' title='bbox 278 371 412 428; x_wconf 86' lang='lat' dir='ltr'>Vidi,</span> <span class='ocrx_word' id='word_1_13' title='bbox 440 373 525 435; x_wconf 90' lang='lat' dir='ltr'>qui</span> <span class='ocrx_word' id='word_1_14' title='bbox 550 373 768 420; x_wconf 87' lang='lat' dir='ltr'>tulerant</span> <span class='ocrx_word' id='word_1_15' title='bbox 793 372 842 418; x_wconf 92' lang='lat' dir='ltr'>in</span> <span class='ocrx_word' id='word_1_16' title='bbox 867 379 1020 435; x_wconf 90' lang='lat' dir='ltr'>caput</span> <span class='ocrx_word' id='word_1_17' title='bbox 1044 387 1182 419; x_wconf 87' lang='lat' dir='ltr'>arma</span> <span class='ocrx_word' id='word_1_18' title='bbox 1204 379 1373 419; x_wconf 88' lang='lat' dir='ltr'>tuum:</span> 
     </span>
    </p>

    <p class='ocr_par' dir='ltr' id='par_1_3' title="bbox 214 448 1465 589">
     <span class='ocr_line' id='line_1_4' title="bbox 214 448 1465 512; baseline -0.001 -16"><span class='ocrx_word' id='word_1_19' title='bbox 214 449 441 512; x_wconf 81' lang='lat' dir='ltr'>Quaeque</span> <span class='ocrx_word' id='word_1_20' title='bbox 466 449 572 497; x_wconf 91' lang='lat' dir='ltr'>dies</span> <span class='ocrx_word' id='word_1_21' title='bbox 599 449 802 504; x_wconf 90' lang='lat' dir='ltr'>bellum,</span> <span class='ocrx_word' id='word_1_22' title='bbox 830 449 945 496; x_wconf 91' lang='lat' dir='ltr'>belli</span> <span class='ocrx_word' id='word_1_23' title='bbox 973 449 1063 495; x_wconf 92' lang='lat' dir='ltr'>tibi</span> <span class='ocrx_word' id='word_1_24' title='bbox 1089 449 1291 495; x_wconf 81' lang='lat' dir='ltr'>sustulit</span> <span class='ocrx_word' id='word_1_25' title='bbox 1316 448 1465 504; x_wconf 84' lang='lat' dir='ltr'>iram3</span> 
     </span>
     <span class='ocr_line' id='line_1_5' title="bbox 281 525 1465 589; baseline -0.002 -17"><span class='ocrx_word' id='word_1_26' title='bbox 281 526 508 589; x_wconf 80' lang='lat' dir='ltr'>Parsque</span> <span class='ocrx_word' id='word_1_27' title='bbox 534 526 680 572; x_wconf 88' lang='lat' dir='ltr'>simul</span> <span class='ocrx_word' id='word_1_28' title='bbox 706 525 906 588; x_wconf 89' lang='lat' dir='ltr'>templis</span> <span class='ocrx_word' id='word_1_29' title='bbox 932 533 1143 587; x_wconf 90' lang='lat' dir='ltr'>utraque</span> <span class='ocrx_word' id='word_1_30' title='bbox 1169 525 1301 572; x_wconf 88' lang='lat' dir='ltr'>dona</span> <span class='ocrx_word' id='word_1_31' title='bbox 1324 525 1465 571; x_wconf 89' lang='lat' dir='ltr'>tulit:</span> 
     </span>
    </p>

    <p class='ocr_par' dir='ltr' id='par_1_4' title="bbox 215 600 1604 740">
     <span class='ocr_line' id='line_1_6' title="bbox 215 600 1532 665; baseline -0.002 -16"><span class='ocrx_word' id='word_1_32' title='bbox 215 603 389 665; x_wconf 87' lang='lat' dir='ltr'>thue</span> <span class='ocrx_word' id='word_1_33' title='bbox 414 610 529 649; x_wconf 86' lang='lat' dir='ltr'>tuus</span> <span class='ocrx_word' id='word_1_34' title='bbox 555 602 740 663; x_wconf 81' lang='lat' dir='ltr'>gaudet</span> <span class='ocrx_word' id='word_1_35' title='bbox 765 601 923 656; x_wconf 90' lang='lat' dir='ltr'>miles,</span> <span class='ocrx_word' id='word_1_36' title='bbox 952 601 1087 663; x_wconf 91' lang='lat' dir='ltr'>quod</span> <span class='ocrx_word' id='word_1_37' title='bbox 1113 600 1286 648; x_wconf 90' lang='lat' dir='ltr'>vicerit</span> <span class='ocrx_word' id='word_1_38' title='bbox 1309 601 1532 655; x_wconf 88' lang='lat' dir='ltr'>hostem;</span> 
     </span>
     <span class='ocr_line' id='line_1_7' title="bbox 283 677 1604 740; baseline -0.003 -15"><span class='ocrx_word' id='word_1_39' title='bbox 283 679 383 734; x_wconf 87' lang='lat' dir='ltr'>Sic,</span> <span class='ocrx_word' id='word_1_40' title='bbox 412 679 597 726; x_wconf 87' lang='lat' dir='ltr'>victum</span> <span class='ocrx_word' id='word_1_41' title='bbox 623 695 709 725; x_wconf 88' lang='lat' dir='ltr'>cur</span> <span class='ocrx_word' id='word_1_42' title='bbox 734 693 787 724; x_wconf 93' lang='lat' dir='ltr'>se</span> <span class='ocrx_word' id='word_1_43' title='bbox 813 678 1045 740; x_wconf 81' lang='lat' dir='ltr'>gaudeat,</span> <span class='ocrx_word' id='word_1_44' title='bbox 1074 677 1229 724; x_wconf 87' lang='lat' dir='ltr'>hostis</span> <span class='ocrx_word' id='word_1_45' title='bbox 1255 678 1424 725; x_wconf 90' lang='lat' dir='ltr'>habet.</span> <span class='ocrx_word' id='word_1_46' title='bbox 1540 678 1604 723; x_wconf 91' lang='lat'>50</span> 
     </span>
    </p>

    <p class='ocr_par' dir='ltr' id='par_1_5' title="bbox 216 754 1503 894">
     <span class='ocr_line' id='line_1_8' title="bbox 216 754 1503 818; baseline -0.002 -15"><span class='ocrx_word' id='word_1_47' title='bbox 216 756 386 804; x_wconf 88' lang='lat' dir='ltr'>Causa</span> <span class='ocrx_word' id='word_1_48' title='bbox 410 772 522 803; x_wconf 89' lang='lat' dir='ltr'>mea</span> <span class='ocrx_word' id='word_1_49' title='bbox 546 763 623 803; x_wconf 91' lang='lat' dir='ltr'>est</span> <span class='ocrx_word' id='word_1_50' title='bbox 647 755 835 810; x_wconf 86' lang='lat' dir='ltr'>melior,</span> <span class='ocrx_word' id='word_1_51' title='bbox 864 755 950 818; x_wconf 89' lang='lat' dir='ltr'>qui</span> <span class='ocrx_word' id='word_1_52' title='bbox 976 770 1068 801; x_wconf 91' lang='lat' dir='ltr'>nec</span> <span class='ocrx_word' id='word_1_53' title='bbox 1094 755 1342 801; x_wconf 87' lang='lat' dir='ltr'>contraria</span> <span class='ocrx_word' id='word_1_54' title='bbox 1366 754 1503 801; x_wconf 87' lang='lat' dir='ltr'>dicor</span> 
     </span>
     <span class='ocr_line' id='line_1_9' title="bbox 281 832 1330 894; baseline -0.001 -15"><span class='ocrx_word' id='word_1_55' title='bbox 281 833 449 887; x_wconf 87' lang='lat' dir='ltr'>Arma,</span> <span class='ocrx_word' id='word_1_56' title='bbox 477 849 567 880; x_wconf 90' lang='lat' dir='ltr'>nec</span> <span class='ocrx_word' id='word_1_57' title='bbox 593 832 800 879; x_wconf 85' lang='lat' dir='ltr'>hostiles</span> <span class='ocrx_word' id='word_1_58' title='bbox 826 848 937 880; x_wconf 87' lang='lat' dir='ltr'>esse</span> <span class='ocrx_word' id='word_1_59' title='bbox 964 839 1166 879; x_wconf 89' lang='lat' dir='ltr'>secutus</span> <span class='ocrx_word' id='word_1_60' title='bbox 1192 845 1330 894; x_wconf 86' lang='lat' dir='ltr'>opeS.</span> 
     </span>
    </p>

    <p class='ocr_par' dir='ltr' id='par_1_6' title="bbox 216 908 1470 1049">
     <span class='ocr_line' id='line_1_10' title="bbox 216 908 1470 973; baseline -0.001 -18"><span class='ocrx_word' id='word_1_61' title='bbox 216 909 315 956; x_wconf 86' lang='lat' dir='ltr'>Per</span> <span class='ocrx_word' id='word_1_62' title='bbox 339 926 489 966; x_wconf 87' lang='lat' dir='ltr'>mare,</span> <span class='ocrx_word' id='word_1_63' title='bbox 519 925 607 973; x_wconf 92' lang='lat' dir='ltr'>per</span> <span class='ocrx_word' id='word_1_64' title='bbox 632 917 804 965; x_wconf 89' lang='lat' dir='ltr'>terras,</span> <span class='ocrx_word' id='word_1_65' title='bbox 833 925 922 973; x_wconf 89' lang='lat' dir='ltr'>per</span> <span class='ocrx_word' id='word_1_66' title='bbox 946 910 1095 956; x_wconf 87' lang='lat' dir='ltr'>tertia</span> <span class='ocrx_word' id='word_1_67' title='bbox 1118 908 1322 955; x_wconf 91' lang='lat' dir='ltr'>numina</span> <span class='ocrx_word' id='word_1_68' title='bbox 1339 909 1470 970; x_wconf 90' lang='lat' dir='ltr'>juro,</span> 
     </span>
     <span class='ocr_line' id='line_1_11' title="bbox 283 985 1463 1049; baseline -0.001 -17"><span class='ocrx_word' id='word_1_69' title='bbox 283 985 382 1033; x_wconf 90' lang='lat' dir='ltr'>Per</span> <span class='ocrx_word' id='word_1_70' title='bbox 406 993 472 1041; x_wconf 84' lang='lat' dir='ltr'>te,</span> <span class='ocrx_word' id='word_1_71' title='bbox 499 993 797 1049; x_wconf 87' lang='lat' dir='ltr'>praesentem</span> <span class='ocrx_word' id='word_1_72' title='bbox 824 985 1254 1049; x_wconf 88' lang='lat' dir='ltr'>conspicuumque</span> <span class='ocrx_word' id='word_1_73' title='bbox 1282 985 1463 1039; x_wconf 91' lang='lat' dir='ltr'>Deum,</span> 
     </span>
    </p>

    <p class='ocr_par' dir='ltr' id='par_1_7' title="bbox 217 1062 1606 1203">
     <span class='ocr_line' id='line_1_12' title="bbox 217 1062 1606 1124; baseline -0.001 -15"><span class='ocrx_word' id='word_1_74' title='bbox 217 1062 366 1109; x_wconf 90' lang='lat' dir='ltr'>Hunc</span> <span class='ocrx_word' id='word_1_75' title='bbox 386 1063 606 1109; x_wconf 89' lang='lat' dir='ltr'>animum</span> <span class='ocrx_word' id='word_1_76' title='bbox 625 1063 804 1110; x_wconf 89' lang='lat' dir='ltr'>favisse</span> <span class='ocrx_word' id='word_1_77' title='bbox 824 1062 932 1117; x_wconf 90' lang='lat' dir='ltr'>tibi,</span> <span class='ocrx_word' id='word_1_78' title='bbox 950 1062 1022 1109; x_wconf 87' lang='lat' dir='ltr'>vir</span> <span class='ocrx_word' id='word_1_79' title='bbox 1036 1063 1277 1110; x_wconf 87' lang='lat' dir='ltr'>maxime:</span> <span class='ocrx_word' id='word_1_80' title='bbox 1306 1077 1504 1124; x_wconf 91' lang='lat' dir='ltr'>meque,</span> <span class='ocrx_word' id='word_1_81' title='bbox 1543 1062 1606 1108; x_wconf 91' lang='lat'>55</span> 
     </span>
     <span class='ocr_line' id='line_1_13' title="bbox 283 1139 1265 1203; baseline 0 -17"><span class='ocrx_word' id='word_1_82' title='bbox 283 1139 396 1193; x_wconf 84' lang='lat' dir='ltr'>Qua</span> <span class='ocrx_word' id='word_1_83' title='bbox 420 1140 525 1186; x_wconf 88' lang='lat' dir='ltr'>sola</span> <span class='ocrx_word' id='word_1_84' title='bbox 549 1140 704 1203; x_wconf 90' lang='lat' dir='ltr'>potui,</span> <span class='ocrx_word' id='word_1_85' title='bbox 733 1147 901 1187; x_wconf 89' lang='lat' dir='ltr'>mente</span> <span class='ocrx_word' id='word_1_86' title='bbox 928 1139 1081 1187; x_wconf 88' lang='lat' dir='ltr'>fuisse</span> <span class='ocrx_word' id='word_1_87' title='bbox 1107 1147 1265 1186; x_wconf 88' lang='lat' dir='ltr'>tuum.</span> 
     </span>
    </p>

    <p class='ocr_par' dir='ltr' id='par_1_8' title="bbox 217 1216 1445 1357">
     <span class='ocr_line' id='line_1_14' title="bbox 217 1216 1256 1280; baseline 0.001 -17"><span class='ocrx_word' id='word_1_88' title='bbox 217 1216 403 1280; x_wconf 84' lang='lat' dir='ltr'>Optavi</span> <span class='ocrx_word' id='word_1_89' title='bbox 428 1223 625 1280; x_wconf 85' lang='lat' dir='ltr'>peteres</span> <span class='ocrx_word' id='word_1_90' title='bbox 651 1217 875 1264; x_wconf 85' lang='lat' dir='ltr'>caelestia</span> <span class='ocrx_word' id='word_1_91' title='bbox 899 1217 1062 1264; x_wconf 91' lang='lat' dir='ltr'>sidera</span> <span class='ocrx_word' id='word_1_92' title='bbox 1086 1217 1256 1273; x_wconf 85' lang='lat' dir='ltr'>tarde3</span> 
     </span>
     <span class='ocr_line' id='line_1_15' title="bbox 284 1292 1445 1357; baseline -0.001 -17"><span class='ocrx_word' id='word_1_93' title='bbox 284 1293 512 1356; x_wconf 89' lang='lat' dir='ltr'>Parsque</span> <span class='ocrx_word' id='word_1_94' title='bbox 538 1293 630 1340; x_wconf 90' lang='lat' dir='ltr'>fuit</span> <span class='ocrx_word' id='word_1_95' title='bbox 654 1294 814 1340; x_wconf 88' lang='lat' dir='ltr'>turbae</span> <span class='ocrx_word' id='word_1_96' title='bbox 841 1308 993 1357; x_wconf 83' lang='lat' dir='ltr'>parva</span> <span class='ocrx_word' id='word_1_97' title='bbox 1016 1293 1268 1357; x_wconf 88' lang='lat' dir='ltr'>precantis</span> <span class='ocrx_word' id='word_1_98' title='bbox 1294 1292 1445 1340; x_wconf 89' lang='lat' dir='ltr'>idem.</span> 
     </span>
    </p>

    <p class='ocr_par' dir='ltr' id='par_1_9' title="bbox 216 1370 1610 1511">
     <span class='ocr_line' id='line_1_16' title="bbox 216 1370 1552 1435; baseline -0.001 -18"><span class='ocrx_word' id='word_1_99' title='bbox 216 1370 283 1418; x_wconf 90' lang='lat' dir='ltr'>Et</span> <span class='ocrx_word' id='word_1_100' title='bbox 307 1371 389 1434; x_wconf 88' lang='lat' dir='ltr'>pia</span> <span class='ocrx_word' id='word_1_101' title='bbox 412 1378 524 1418; x_wconf 89' lang='lat' dir='ltr'>tura</span> <span class='ocrx_word' id='word_1_102' title='bbox 549 1371 664 1418; x_wconf 88' lang='lat' dir='ltr'>dedi</span> <span class='ocrx_word' id='word_1_103' title='bbox 690 1387 780 1435; x_wconf 94' lang='lat' dir='ltr'>pro</span> <span class='ocrx_word' id='word_1_104' title='bbox 805 1378 883 1418; x_wconf 87' lang='lat' dir='ltr'>te:</span> <span class='ocrx_word' id='word_1_105' title='bbox 923 1386 1141 1434; x_wconf 88' lang='lat' dir='ltr'>cumque</span> <span class='ocrx_word' id='word_1_106' title='bbox 1167 1370 1399 1417; x_wconf 90' lang='lat' dir='ltr'>omnibus</span> <span class='ocrx_word' id='word_1_107' title='bbox 1424 1385 1552 1416; x_wconf 89' lang='lat' dir='ltr'>unus</span> 
     </span>
     <span class='ocr_line' id='line_1_17' title="bbox 284 1446 1610 1511; baseline -0.002 -17"><span class='ocrx_word' id='word_1_108' title='bbox 284 1447 401 1511; x_wconf 90' lang='lat' dir='ltr'>Ipse</span> <span class='ocrx_word' id='word_1_109' title='bbox 427 1463 630 1511; x_wconf 90' lang='lat' dir='ltr'>quoque</span> <span class='ocrx_word' id='word_1_110' title='bbox 656 1447 822 1510; x_wconf 88' lang='lat' dir='ltr'>adjuvi</span> <span class='ocrx_word' id='word_1_111' title='bbox 849 1447 1052 1511; x_wconf 89' lang='lat' dir='ltr'>publica</span> <span class='ocrx_word' id='word_1_112' title='bbox 1074 1454 1190 1494; x_wconf 90' lang='lat' dir='ltr'>vota</span> <span class='ocrx_word' id='word_1_113' title='bbox 1214 1446 1355 1494; x_wconf 91' lang='lat' dir='ltr'>meis.</span> <span class='ocrx_word' id='word_1_114' title='bbox 1545 1447 1610 1492; x_wconf 90' lang='lat'>60</span> 
     </span>
    </p>

    <p class='ocr_par' dir='ltr' id='par_1_10' title="bbox 216 1523 1608 1666">
     <span class='ocr_line' id='line_1_18' title="bbox 216 1523 1608 1586; baseline -0.001 -15"><span class='ocrx_word' id='word_1_115' title='bbox 216 1524 351 1579; x_wconf 82' lang='lat' dir='ltr'>Quid</span> <span class='ocrx_word' id='word_1_116' title='bbox 376 1524 586 1572; x_wconf 86' lang='lat' dir='ltr'>referam</span> <span class='ocrx_word' id='word_1_117' title='bbox 611 1524 778 1579; x_wconf 89' lang='lat' dir='ltr'>libros,</span> <span class='ocrx_word' id='word_1_118' title='bbox 807 1523 915 1570; x_wconf 87' lang='lat' dir='ltr'>illos</span> <span class='ocrx_word' id='word_1_119' title='bbox 942 1539 1162 1586; x_wconf 91' lang='lat' dir='ltr'>quoque,</span> <span class='ocrx_word' id='word_1_120' title='bbox 1190 1523 1398 1571; x_wconf 89' lang='lat' dir='ltr'>crimina</span> <span class='ocrx_word' id='word_1_121' title='bbox 1422 1530 1608 1578; x_wconf 86' lang='lat' dir='ltr'>nostra,</span> 
     </span>
     <span class='ocr_line' id='line_1_19' title="bbox 285 1600 1285 1666; baseline -0.001 -18"><span class='ocrx_word' id='word_1_122' title='bbox 285 1602 428 1650; x_wconf 90' lang='lat' dir='ltr'>Mille</span> <span class='ocrx_word' id='word_1_123' title='bbox 453 1602 575 1650; x_wconf 90' lang='lat' dir='ltr'>locis</span> <span class='ocrx_word' id='word_1_124' title='bbox 601 1603 774 1666; x_wconf 89' lang='lat' dir='ltr'>plenos</span> <span class='ocrx_word' id='word_1_125' title='bbox 800 1601 1014 1649; x_wconf 90' lang='lat' dir='ltr'>nominis</span> <span class='ocrx_word' id='word_1_126' title='bbox 1041 1617 1153 1649; x_wconf 87' lang='lat' dir='ltr'>esse</span> <span class='ocrx_word' id='word_1_127' title='bbox 1178 1600 1285 1647; x_wconf 78' lang='lat' dir='ltr'>tui?</span> 
     </span>
    </p>

    <p class='ocr_par' dir='ltr' id='par_1_11' title="bbox 218 1676 1607 1821">
     <span class='ocr_line' id='line_1_20' title="bbox 218 1676 1607 1744; baseline -0.002 -18"><span class='ocrx_word' id='word_1_128' title='bbox 218 1678 418 1743; x_wconf 85' lang='lat' dir='ltr'>Inspice</span> <span class='ocrx_word' id='word_1_129' title='bbox 443 1681 603 1743; x_wconf 87' lang='lat' dir='ltr'>majus</span> <span class='ocrx_word' id='word_1_130' title='bbox 629 1696 772 1744; x_wconf 89' lang='lat' dir='ltr'>opus,</span> <span class='ocrx_word' id='word_1_131' title='bbox 801 1680 937 1742; x_wconf 89' lang='lat' dir='ltr'>quod</span> <span class='ocrx_word' id='word_1_132' title='bbox 963 1679 1127 1726; x_wconf 91' lang='lat' dir='ltr'>adhuc</span> <span class='ocrx_word' id='word_1_133' title='bbox 1156 1677 1263 1725; x_wconf 91' lang='lat' dir='ltr'>sine</span> <span class='ocrx_word' id='word_1_134' title='bbox 1289 1677 1386 1726; x_wconf 92' lang='lat' dir='ltr'>fine</span> <span class='ocrx_word' id='word_1_135' title='bbox 1411 1676 1607 1740; x_wconf 84' lang='lat' dir='ltr'>reliqui,</span> 
     </span>
     <span class='ocr_line' id='line_1_21' title="bbox 285 1756 1394 1821; baseline 0 -18"><span class='ocrx_word' id='word_1_136' title='bbox 285 1756 344 1803; x_wconf 93' lang='lat' dir='ltr'>In</span> <span class='ocrx_word' id='word_1_137' title='bbox 368 1773 467 1803; x_wconf 90' lang='lat' dir='ltr'>non</span> <span class='ocrx_word' id='word_1_138' title='bbox 492 1757 768 1805; x_wconf 88' lang='lat' dir='ltr'>credendos</span> <span class='ocrx_word' id='word_1_139' title='bbox 794 1773 1002 1821; x_wconf 87' lang='lat' dir='ltr'>corpora</span> <span class='ocrx_word' id='word_1_140' title='bbox 1025 1773 1168 1805; x_wconf 88' lang='lat' dir='ltr'>versa</span> <span class='ocrx_word' id='word_1_141' title='bbox 1192 1756 1394 1813; x_wconf 83' lang='lat' dir='ltr'>modos3</span> 
     </span>
    </p>

    <p class='ocr_par' dir='ltr' id='par_1_12' title="bbox 217 1833 1610 1974">
     <span class='ocr_line' id='line_1_22' title="bbox 217 1833 1610 1897; baseline -0.001 -17"><span class='ocrx_word' id='word_1_142' title='bbox 217 1833 450 1881; x_wconf 91' lang='lat' dir='ltr'>Invenies</span> <span class='ocrx_word' id='word_1_143' title='bbox 474 1834 624 1881; x_wconf 90' lang='lat' dir='ltr'>vestri</span> <span class='ocrx_word' id='word_1_144' title='bbox 651 1835 900 1897; x_wconf 80' lang='lat' dir='ltr'>praeconia</span> <span class='ocrx_word' id='word_1_145' title='bbox 925 1834 1137 1882; x_wconf 89' lang='lat' dir='ltr'>nominis</span> <span class='ocrx_word' id='word_1_146' title='bbox 1163 1833 1294 1881; x_wconf 91' lang='lat' dir='ltr'>illic:</span> <span class='ocrx_word' id='word_1_147' title='bbox 1547 1834 1610 1879; x_wconf 90' lang='lat'>65</span> 
     </span>
     <span class='ocr_line' id='line_1_23' title="bbox 286 1908 1246 1974; baseline 0 -18"><span class='ocrx_word' id='word_1_148' title='bbox 286 1908 516 1958; x_wconf 87' lang='lat' dir='ltr'>Invenies</span> <span class='ocrx_word' id='word_1_149' title='bbox 542 1910 693 1958; x_wconf 88' lang='lat' dir='ltr'>animi</span> <span class='ocrx_word' id='word_1_150' title='bbox 719 1911 926 1974; x_wconf 84' lang='lat' dir='ltr'>pignora</span> <span class='ocrx_word' id='word_1_151' title='bbox 950 1911 1108 1957; x_wconf 88' lang='lat' dir='ltr'>multa</span> <span class='ocrx_word' id='word_1_152' title='bbox 1133 1910 1246 1957; x_wconf 90' lang='lat' dir='ltr'>mei.</span> 
     </span>
    </p>
   </div>
   <div class='ocr_carea' id='block_1_3' title="bbox 218 2117 881 2744">
    <p class='ocr_par' dir='ltr' id='par_1_13' title="bbox 218 2117 879 2207">
     <span class='ocr_line' id='line_1_24' title="bbox 260 2117 879 2157; baseline 0.003 -11"><span class='ocrx_word' id='word_1_153' title='bbox 260 2117 312 2147; x_wconf 83' lang='lat'>46.</span> <span class='ocrx_word' id='word_1_154' title='bbox 341 2117 419 2153; x_wconf 82' lang='lat' dir='ltr'>Vidi,</span> <span class='ocrx_word' id='word_1_155' title='bbox 431 2119 481 2157; x_wconf 80' lang='lat' dir='ltr'>qui</span> <span class='ocrx_word' id='word_1_156' title='bbox 494 2118 629 2147; x_wconf 77' lang='lat' dir='ltr'>tuleram</span> <span class='ocrx_word' id='word_1_157' title='bbox 644 2119 675 2147; x_wconf 85' lang='grc' dir='ltr'>ἰη</span> <span class='ocrx_word' id='word_1_158' title='bbox 690 2125 780 2157; x_wconf 77' lang='lat' dir='ltr'>caput</span> <span class='ocrx_word' id='word_1_159' title='bbox 795 2129 879 2148; x_wconf 85' lang='lat' dir='ltr'>arma</span> 
     </span>
     <span class='ocr_line' id='line_1_25' title="bbox 218 2165 865 2207; baseline 0.002 -11"><span class='ocrx_word' id='word_1_160' title='bbox 218 2166 335 2206; x_wconf 63' lang='lat' dir='ltr'>tuum]</span> <span class='ocrx_word' id='word_1_161' title='bbox 364 2165 499 2196; x_wconf 88' lang='lat' dir='ltr'>Consule</span> <span class='ocrx_word' id='word_1_162' title='bbox 515 2166 642 2196; x_wconf 87' lang='lat' dir='ltr'>Sueton.</span> <span class='ocrx_word' id='word_1_163' title='bbox 659 2165 691 2196; x_wconf 90' lang='lat' dir='ltr'>in</span> <span class='ocrx_word' id='word_1_164' title='bbox 707 2166 771 2197; x_wconf 84' lang='lat' dir='ltr'>vita</span> <span class='ocrx_word' id='word_1_165' title='bbox 781 2166 865 2207; x_wconf 86' lang='lat' dir='ltr'>Aug.</span> 
     </span>
    </p>

    <p class='ocr_par' dir='ltr' id='par_1_14' title="bbox 218 2214 880 2344">
     <span class='ocr_line' id='line_1_26' title="bbox 262 2214 880 2255; baseline 0.002 -10"><span class='ocrx_word' id='word_1_166' title='bbox 262 2215 314 2245; x_wconf 91' lang='lat'>50.</span> <span class='ocrx_word' id='word_1_167' title='bbox 338 2215 386 2244; x_wconf 80' lang='lat' dir='ltr'>Sic</span> <span class='ocrx_word' id='word_1_168' title='bbox 410 2226 466 2245; x_wconf 83' lang='lat' dir='ltr'>cur</span> <span class='ocrx_word' id='word_1_169' title='bbox 490 2226 519 2245; x_wconf 77' lang='lat' dir='ltr'>se</span> <span class='ocrx_word' id='word_1_170' title='bbox 540 2215 681 2255; x_wconf 66' lang='lat' dir='ltr'>victum]</span> <span class='ocrx_word' id='word_1_171' title='bbox 708 2214 758 2245; x_wconf 87' lang='lat' dir='ltr'>Sic</span> <span class='ocrx_word' id='word_1_172' title='bbox 785 2215 880 2246; x_wconf 88' lang='lat' dir='ltr'>hostis</span> 
     </span>
     <span class='ocr_line' id='line_1_27' title="bbox 218 2263 879 2306; baseline 0.003 -12"><span class='ocrx_word' id='word_1_173' title='bbox 218 2270 291 2295; x_wconf 82' lang='lat' dir='ltr'>tuus</span> <span class='ocrx_word' id='word_1_174' title='bbox 321 2263 481 2304; x_wconf 87' lang='lat' dir='ltr'>cognoscit</span> <span class='ocrx_word' id='word_1_175' title='bbox 512 2274 545 2294; x_wconf 85' lang='lat' dir='ltr'>se</span> <span class='ocrx_word' id='word_1_176' title='bbox 581 2263 700 2295; x_wconf 87' lang='lat' dir='ltr'>victum</span> <span class='ocrx_word' id='word_1_177' title='bbox 724 2264 810 2306; x_wconf 88' lang='lat' dir='ltr'>justa</span> <span class='ocrx_word' id='word_1_178' title='bbox 840 2265 879 2296; x_wconf 87' lang='lat' dir='ltr'>de</span> 
     </span>
     <span class='ocr_line' id='line_1_28' title="bbox 218 2313 462 2344; baseline -0.008 0"><span class='ocrx_word' id='word_1_179' title='bbox 218 2322 324 2344; x_wconf 83' lang='lat' dir='ltr'>causa.</span> <span class='ocrx_word' id='word_1_180' title='bbox 368 2313 462 2342; x_wconf 66' lang='lat' dir='ltr'>Mna.</span> 
     </span>
    </p>

    <p class='ocr_par' dir='ltr' id='par_1_15' title="bbox 219 2361 880 2550">
     <span class='ocr_line' id='line_1_29' title="bbox 262 2361 880 2404; baseline 0 -11"><span class='ocrx_word' id='word_1_181' title='bbox 262 2363 315 2393; x_wconf 89' lang='lat'>53.</span> <span class='ocrx_word' id='word_1_182' title='bbox 334 2361 394 2392; x_wconf 79' lang='lat' dir='ltr'>Per</span> <span class='ocrx_word' id='word_1_183' title='bbox 409 2363 499 2392; x_wconf 78' lang='lat' dir='ltr'>tertia</span> <span class='ocrx_word' id='word_1_184' title='bbox 514 2362 669 2402; x_wconf 64' lang='lat' dir='ltr'>numium]</span> <span class='ocrx_word' id='word_1_185' title='bbox 696 2362 756 2393; x_wconf 90' lang='lat' dir='ltr'>Per</span> <span class='ocrx_word' id='word_1_186' title='bbox 771 2373 880 2404; x_wconf 90' lang='lat' dir='ltr'>aquas.</span> 
     </span>
     <span class='ocr_line' id='line_1_30' title="bbox 220 2409 879 2451; baseline -0.002 -9"><span class='ocrx_word' id='word_1_187' title='bbox 220 2411 327 2442; x_wconf 87' lang='lat' dir='ltr'>Potius</span> <span class='ocrx_word' id='word_1_188' title='bbox 347 2410 464 2440; x_wconf 88' lang='lat' dir='ltr'>coelum</span> <span class='ocrx_word' id='word_1_189' title='bbox 485 2409 638 2451; x_wconf 83' lang='lat' dir='ltr'>intellige.</span> <span class='ocrx_word' id='word_1_190' title='bbox 664 2411 757 2443; x_wconf 74' lang='lat' dir='ltr'>Cror.</span> <span class='ocrx_word' id='word_1_191' title='bbox 800 2413 879 2447; x_wconf 82' lang='lat' dir='ltr'>Quae</span> 
     </span>
     <span class='ocr_line' id='line_1_31' title="bbox 219 2458 880 2500; baseline 0 -10"><span class='ocrx_word' id='word_1_192' title='bbox 219 2459 328 2490; x_wconf 87' lang='lat' dir='ltr'>melior</span> <span class='ocrx_word' id='word_1_193' title='bbox 343 2458 560 2500; x_wconf 84' lang='lat' dir='ltr'>interpretatio</span> <span class='ocrx_word' id='word_1_194' title='bbox 575 2471 582 2497; x_wconf 82' lang='lat'><em>3</em></span> <span class='ocrx_word' id='word_1_195' title='bbox 609 2459 652 2490; x_wconf 87' lang='lat' dir='ltr'>sic</span> <span class='ocrx_word' id='word_1_196' title='bbox 669 2460 750 2490; x_wconf 87' lang='lat' dir='ltr'>enim</span> <span class='ocrx_word' id='word_1_197' title='bbox 768 2460 822 2490; x_wconf 92' lang='lat' dir='ltr'>lib.</span> <span class='ocrx_word' id='word_1_198' title='bbox 836 2459 880 2490; x_wconf 85' lang='lat' dir='ltr'>iii.</span> 
     </span>
     <span class='ocr_line' id='line_1_32' title="bbox 219 2507 732 2550; baseline 0 -11"><span class='ocrx_word' id='word_1_199' title='bbox 219 2509 328 2539; x_wconf 83' lang='lat' dir='ltr'>Amor.</span> <span class='ocrx_word' id='word_1_200' title='bbox 343 2507 432 2548; x_wconf 79' lang='lat' dir='ltr'>Eleg.</span> <span class='ocrx_word' id='word_1_201' title='bbox 449 2507 513 2538; x_wconf 88' lang='lat' dir='ltr'>viii.</span> <span class='ocrx_word' id='word_1_202' title='bbox 529 2518 593 2538; x_wconf 89' lang='lat' dir='ltr'>ver.</span> <span class='ocrx_word' id='word_1_203' title='bbox 609 2509 661 2539; x_wconf 90' lang='grc'>49.</span> <span class='ocrx_word' id='word_1_204' title='bbox 677 2519 732 2550; x_wconf 87' lang='lat' dir='ltr'>sq:</span> 
     </span>
    </p>

    <p class='ocr_par' dir='ltr' id='par_1_16' title="bbox 266 2557 880 2599">
     <span class='ocr_line' id='line_1_33' title="bbox 266 2557 880 2599; baseline 0.005 -14"><span class='ocrx_word' id='word_1_205' title='bbox 266 2557 348 2592; x_wconf 80' lang='lat' dir='ltr'>Quid</span> <span class='ocrx_word' id='word_1_206' title='bbox 361 2557 414 2586; x_wconf 75' lang='lat' dir='ltr'>tibi</span> <span class='ocrx_word' id='word_1_207' title='bbox 425 2568 490 2586; x_wconf 86' lang='lat' dir='ltr'>cum</span> <span class='ocrx_word' id='word_1_208' title='bbox 501 2558 628 2599; x_wconf 74' lang='lat' dir='ltr'>pelago?</span> <span class='ocrx_word' id='word_1_209' title='bbox 645 2564 726 2588; x_wconf 80' lang='lat' dir='ltr'>terra</span> <span class='ocrx_word' id='word_1_210' title='bbox 741 2565 880 2589; x_wconf 80' lang='lat' dir='ltr'>contenta</span> 
     </span>
    </p>

    <p class='ocr_par' dir='ltr' id='par_1_17' title="bbox 309 2605 881 2744">
     <span class='ocr_line' id='line_1_34' title="bbox 338 2605 471 2646; baseline 0.008 -12"><span class='ocrx_word' id='word_1_211' title='bbox 338 2605 471 2646; x_wconf 83' lang='lat' dir='ltr'>fuisses:</span> 
     </span>
     <span class='ocr_line' id='line_1_35' title="bbox 309 2654 881 2697; baseline 0.007 -15"><span class='ocrx_word' id='word_1_212' title='bbox 309 2654 373 2683; x_wconf 79' lang='lat' dir='ltr'>Cur</span> <span class='ocrx_word' id='word_1_213' title='bbox 393 2666 452 2684; x_wconf 78' lang='lat' dir='ltr'>non</span> <span class='ocrx_word' id='word_1_214' title='bbox 474 2661 500 2685; x_wconf 82' lang='lat' dir='ltr'>et</span> <span class='ocrx_word' id='word_1_215' title='bbox 525 2656 641 2691; x_wconf 79' lang='lat' dir='ltr'>coelum,</span> <span class='ocrx_word' id='word_1_216' title='bbox 662 2657 752 2686; x_wconf 74' lang='lat' dir='ltr'>tertia</span> <span class='ocrx_word' id='word_1_217' title='bbox 775 2667 881 2697; x_wconf 81' lang='lat' dir='ltr'>regna,</span> 
     </span>
     <span class='ocr_line' id='line_1_36' title="bbox 345 2705 443 2744; baseline 0 -11"><span class='ocrx_word' id='word_1_218' title='bbox 345 2705 443 2744; x_wconf 71' lang='lat' dir='ltr'>petis?</span> 
     </span>
    </p>
   </div>
   <div class='ocr_carea' id='block_1_4' title="bbox 946 2115 1612 2746">
    <p class='ocr_par' dir='ltr' id='par_1_18' title="bbox 947 2115 1612 2197">
     <span class='ocr_line' id='line_1_37' title="bbox 949 2115 1612 2158; baseline -0.002 -11"><span class='ocrx_word' id='word_1_219' title='bbox 949 2118 1010 2149; x_wconf 82' lang='lat' dir='ltr'>Per</span> <span class='ocrx_word' id='word_1_220' title='bbox 1032 2124 1076 2148; x_wconf 82' lang='lat' dir='ltr'>ter</span> <span class='ocrx_word' id='word_1_221' title='bbox 1095 2119 1155 2148; x_wconf 80' lang='lat' dir='ltr'>tria</span> <span class='ocrx_word' id='word_1_222' title='bbox 1180 2118 1305 2147; x_wconf 76' lang='lat' dir='ltr'>numina</span> <span class='ocrx_word' id='word_1_223' title='bbox 1325 2116 1429 2158; x_wconf 81' lang='lat' dir='ltr'>legere</span> <span class='ocrx_word' id='word_1_224' title='bbox 1451 2115 1612 2146; x_wconf 86' lang='lat' dir='ltr'>Casaubo-</span> 
     </span>
     <span class='ocr_line' id='line_1_38' title="bbox 947 2164 1504 2197; baseline -0.005 0"><span class='ocrx_word' id='word_1_225' title='bbox 947 2167 1032 2197; x_wconf 90' lang='lat' dir='ltr'>nium</span> <span class='ocrx_word' id='word_1_226' title='bbox 1047 2166 1167 2197; x_wconf 83' lang='lat' dir='ltr'>notavit</span> <span class='ocrx_word' id='word_1_227' title='bbox 1182 2165 1341 2196; x_wconf 87' lang='lat' dir='ltr'>Francius.</span> <span class='ocrx_word' id='word_1_228' title='bbox 1388 2164 1504 2195; x_wconf 69' lang='lat' dir='ltr'>Bonna.</span> 
     </span>
    </p>

    <p class='ocr_par' dir='ltr' id='par_1_19' title="bbox 946 2212 1610 2306">
     <span class='ocr_line' id='line_1_39' title="bbox 990 2212 1610 2255; baseline -0.005 -9"><span class='ocrx_word' id='word_1_229' title='bbox 990 2216 1042 2246; x_wconf 89' lang='grc'>63.</span> <span class='ocrx_word' id='word_1_230' title='bbox 1068 2215 1186 2255; x_wconf 74' lang='lat' dir='ltr'>Inspice</span> <span class='ocrx_word' id='word_1_231' title='bbox 1212 2216 1309 2254; x_wconf 80' lang='lat' dir='ltr'>majus</span> <span class='ocrx_word' id='word_1_232' title='bbox 1339 2213 1438 2253; x_wconf 54' lang='lat' dir='ltr'>opus]</span> <span class='ocrx_word' id='word_1_233' title='bbox 1476 2212 1610 2255; x_wconf 88' lang='lat' dir='ltr'>Adspice</span> 
     </span>
     <span class='ocr_line' id='line_1_40' title="bbox 946 2264 1228 2306; baseline -0.007 -10"><span class='ocrx_word' id='word_1_234' title='bbox 946 2264 1228 2306; x_wconf 87' lang='lat' dir='ltr'>Metamorphosin.</span> 
     </span>
    </p>

    <p class='ocr_par' dir='ltr' id='par_1_20' title="bbox 948 2314 1612 2601">
     <span class='ocr_line' id='line_1_41' title="bbox 991 2314 1612 2352; baseline -0.005 -7"><span class='ocrx_word' id='word_1_235' title='bbox 991 2315 1043 2345; x_wconf 87' lang='lat'>64.</span> <span class='ocrx_word' id='word_1_236' title='bbox 1068 2314 1107 2345; x_wconf 83' lang='lat' dir='ltr'>In</span> <span class='ocrx_word' id='word_1_237' title='bbox 1132 2325 1188 2344; x_wconf 83' lang='lat' dir='ltr'>non</span> <span class='ocrx_word' id='word_1_238' title='bbox 1208 2314 1367 2344; x_wconf 81' lang='lat' dir='ltr'>credendos</span> <span class='ocrx_word' id='word_1_239' title='bbox 1388 2323 1510 2352; x_wconf 84' lang='lat' dir='ltr'>corpora</span> <span class='ocrx_word' id='word_1_240' title='bbox 1530 2323 1612 2342; x_wconf 82' lang='lat' dir='ltr'>versa</span> 
     </span>
     <span class='ocr_line' id='line_1_42' title="bbox 948 2361 1610 2403; baseline -0.003 -10"><span class='ocrx_word' id='word_1_241' title='bbox 948 2363 1070 2403; x_wconf 69' lang='lat' dir='ltr'>modos]</span> <span class='ocrx_word' id='word_1_242' title='bbox 1096 2362 1148 2393; x_wconf 89' lang='lat' dir='ltr'>Ad</span> <span class='ocrx_word' id='word_1_243' title='bbox 1164 2362 1340 2403; x_wconf 83' lang='lat' dir='ltr'>Diogenem</span> <span class='ocrx_word' id='word_1_244' title='bbox 1355 2363 1414 2392; x_wconf 81' lang='grc' dir='ltr'>τὸν</span> <span class='ocrx_word' id='word_1_245' title='bbox 1428 2361 1468 2392; x_wconf 78' lang='grc' dir='ltr'>τὰ</span> <span class='ocrx_word' id='word_1_246' title='bbox 1484 2361 1610 2392; x_wconf 82' lang='grc' dir='ltr'>ἄπιστα</span> 
     </span>
     <span class='ocr_line' id='line_1_43' title="bbox 948 2410 1611 2454; baseline -0.003 -11"><span class='ocrx_word' id='word_1_247' title='bbox 948 2411 1125 2454; x_wconf 74' lang='grc' dir='ltr'><em>γράψαντα</em></span> <span class='ocrx_word' id='word_1_248' title='bbox 1146 2411 1270 2442; x_wconf 88' lang='lat' dir='ltr'>videtur</span> <span class='ocrx_word' id='word_1_249' title='bbox 1292 2410 1487 2453; x_wconf 86' lang='lat' dir='ltr'>respexisse,·</span> <span class='ocrx_word' id='word_1_250' title='bbox 1512 2421 1529 2441; x_wconf 90' lang='lat' dir='ltr'>e</span> <span class='ocrx_word' id='word_1_251' title='bbox 1549 2421 1611 2451; x_wconf 89' lang='lat' dir='ltr'>quo</span> 
     </span>
     <span class='ocr_line' id='line_1_44' title="bbox 949 2458 1612 2492; baseline -0.006 0"><span class='ocrx_word' id='word_1_252' title='bbox 949 2462 981 2492; x_wconf 82' lang='lat' dir='ltr'>in</span> <span class='ocrx_word' id='word_1_253' title='bbox 1005 2463 1138 2492; x_wconf 86' lang='lat' dir='ltr'>Metam.</span> <span class='ocrx_word' id='word_1_254' title='bbox 1159 2460 1239 2491; x_wconf 88' lang='lat' dir='ltr'>inter</span> <span class='ocrx_word' id='word_1_255' title='bbox 1260 2466 1390 2491; x_wconf 87' lang='lat' dir='ltr'>caeteros</span> <span class='ocrx_word' id='word_1_256' title='bbox 1412 2458 1496 2490; x_wconf 84' lang='lat' dir='ltr'>haud</span> <span class='ocrx_word' id='word_1_257' title='bbox 1517 2459 1612 2489; x_wconf 87' lang='lat' dir='ltr'>dubie</span> 
     </span>
     <span class='ocr_line' id='line_1_45' title="bbox 950 2507 1612 2552; baseline -0.006 -11"><span class='ocrx_word' id='word_1_258' title='bbox 950 2510 1095 2552; x_wconf 84' lang='lat' dir='ltr'>quaedam</span> <span class='ocrx_word' id='word_1_259' title='bbox 1109 2509 1314 2541; x_wconf 84' lang='lat' dir='ltr'>desumserat.</span> <span class='ocrx_word' id='word_1_260' title='bbox 1359 2508 1508 2539; x_wconf 87' lang='lat' dir='ltr'>Meminit</span> <span class='ocrx_word' id='word_1_261' title='bbox 1528 2507 1612 2538; x_wconf 79' lang='lat' dir='ltr'>illius</span> 
     </span>
     <span class='ocr_line' id='line_1_46' title="bbox 948 2558 1444 2601; baseline -0.004 -11"><span class='ocrx_word' id='word_1_262' title='bbox 948 2559 1063 2601; x_wconf 84' lang='lat' dir='ltr'>Epiph.</span> <span class='ocrx_word' id='word_1_263' title='bbox 1077 2559 1160 2589; x_wconf 87' lang='lat' dir='ltr'>Dan.</span> <span class='ocrx_word' id='word_1_264' title='bbox 1172 2558 1281 2589; x_wconf 86' lang='lat' dir='ltr'>Heins.</span> <span class='ocrx_word' id='word_1_265' title='bbox 1329 2558 1444 2588; x_wconf 65' lang='lat' dir='ltr'>Bcnm.</span> 
     </span>
    </p>

    <p class='ocr_par' dir='ltr' id='par_1_21' title="bbox 948 2605 1611 2746">
     <span class='ocr_line' id='line_1_47' title="bbox 991 2605 1611 2648; baseline -0.005 -9"><span class='ocrx_word' id='word_1_266' title='bbox 991 2610 1043 2640; x_wconf 87' lang='lat'>65.</span> <span class='ocrx_word' id='word_1_267' title='bbox 1069 2607 1206 2639; x_wconf 72' lang='lat' dir='ltr'>Invenies</span> <span class='ocrx_word' id='word_1_268' title='bbox 1223 2609 1321 2643; x_wconf 78' lang='lat' dir='ltr'>vestri,</span> <span class='ocrx_word' id='word_1_269' title='bbox 1334 2607 1413 2648; x_wconf 59' lang='grc' dir='ltr'>δὶα]</span> <span class='ocrx_word' id='word_1_270' title='bbox 1442 2606 1565 2637; x_wconf 83' lang='lat' dir='ltr'>Laudat</span> <span class='ocrx_word' id='word_1_271' title='bbox 1579 2605 1611 2637; x_wconf 88' lang='lat' dir='ltr'>in</span> 
     </span>
     <span class='ocr_line' id='line_1_48' title="bbox 949 2655 1610 2699; baseline -0.003 -11"><span class='ocrx_word' id='word_1_272' title='bbox 949 2657 1201 2699; x_wconf 83' lang='lat' dir='ltr'>metamorphosi,</span> <span class='ocrx_word' id='word_1_273' title='bbox 1213 2664 1244 2688; x_wconf 86' lang='lat' dir='ltr'>et</span> <span class='ocrx_word' id='word_1_274' title='bbox 1258 2656 1290 2688; x_wconf 90' lang='lat' dir='ltr'>in</span> <span class='ocrx_word' id='word_1_275' title='bbox 1302 2656 1390 2688; x_wconf 84' lang='lat' dir='ltr'>calce</span> <span class='ocrx_word' id='word_1_276' title='bbox 1406 2655 1610 2698; x_wconf 88' lang='lat' dir='ltr'>potissimum,</span> 
     </span>
     <span class='ocr_line' id='line_1_49' title="bbox 948 2706 1397 2746; baseline -0.002 -9"><span class='ocrx_word' id='word_1_277' title='bbox 948 2706 1068 2739; x_wconf 82' lang='lat' dir='ltr'>Julium</span> <span class='ocrx_word' id='word_1_278' title='bbox 1085 2707 1252 2743; x_wconf 79' lang='lat' dir='ltr'>Caesarem,</span> <span class='ocrx_word' id='word_1_279' title='bbox 1268 2712 1299 2737; x_wconf 84' lang='lat' dir='ltr'>et</span> <span class='ocrx_word' id='word_1_280' title='bbox 1316 2706 1397 2746; x_wconf 78' lang='lat' dir='ltr'>Aug.</span> 
     </span>
    </p>
   </div>
  </div>
 </body>
</html>
