1760 3172
298 209 390 250 EX
423 209 634 251 PONTO
670 209 788 250 LIB.
822 208 903 250 IV.
938 209 1129 251 EPIST.
1160 210 1251 251 XI.

1383 212 1468 252 517

83 322 184 370 Sed
203 325 514 388 praestandus
540 340 690 379 amor,
718 340 795 371 res
817 340 916 371 non
941 340 1149 388 operosa
1172 325 1373 373 volenti.

147 400 271 454 Quis
295 402 434 448 labor
458 408 534 448 est
558 416 732 465 puram
757 417 853 447 non
878 408 1146 448 temerasse
1170 400 1353 449 fidem?

82 475 204 524 Haec
231 477 336 533 tibi,
364 478 450 541 qui
474 485 666 541 perstas
693 477 1021 524 indeclinatus
1050 477 1223 532 amico,

147 553 262 601 Non
286 562 363 603 est
387 554 521 617 quod
546 555 713 616 lingua
732 555 866 601 dicta
890 562 1130 617 querente
1156 562 1317 618 putes.

497 881 538 927 E
556 881 596 927 P
616 880 637 927 I
658 881 690 927 S
709 880 750 926 T
769 880 811 926 O
832 880 930 926 LA
981 881 1075 927 XI.

583 1003 609 1028 *²
642 1001 970 1044 GALLIONI.

87 1104 324 1161 GALLIO,
351 1105 537 1152 crimen
562 1104 654 1152 erit
677 1104 759 1150 vix
785 1105 1070 1152 excusabile
1096 1106 1253 1161 nobis,

153 1182 385 1230 Carmine
409 1189 459 1230 te
484 1199 663 1230 nomen
687 1199 785 1229 non
809 1182 1043 1229 habuisse
1068 1198 1194 1230 meo.

85 1259 160 1306 Tu
185 1275 386 1331 quoque
411 1259 558 1316 enim,
586 1259 804 1314 memini,
832 1259 1022 1306 coelesti
1047 1259 1253 1323 cuspide
1278 1259 1412 1307 facta

153 1338 337 1385 Fovisti
361 1338 593 1402 lacrymis
618 1338 821 1384 vulnera
844 1344 1012 1384 nostra
1034 1337 1148 1385 tuis.

86 1415 253 1479 Atque
278 1415 483 1471 utinam,
510 1415 637 1480 rapti
657 1416 854 1478 jactura
872 1415 1018 1460 laesus
1045 1414 1206 1470 amici,
1445 1416 1473 1459 5

154 1492 408 1541 Sensisses
435 1493 577 1549 ultra,
605 1492 740 1555 quod
765 1507 1043 1555 quererere,
1071 1491 1219 1537 nihil!

88 1569 203 1617 Non
223 1570 293 1617 ita
318 1570 409 1617 Dis
434 1569 638 1633 placuit,
667 1569 752 1632 qui
775 1576 824 1615 te
850 1567 1061 1631 spoliare
1087 1568 1270 1631 pudica

155 1647 383 1711 Conjuge
407 1647 635 1694 crudeles
660 1662 758 1693 non
781 1645 998 1692 habuere
1025 1643 1177 1691 nefas.

89 1723 281 1772 Nuntia
304 1740 418 1772 nam
441 1725 604 1770 luctus
630 1721 750 1769 mihi
775 1737 932 1785 nuper
957 1720 1170 1784 epistola
1192 1721 1340 1777 venit,

157 1800 412 1865 Lectaque
432 1816 546 1848 cum
571 1798 804 1862 lacrymis
831 1804 948 1845 sunt
972 1804 1059 1844 tua
1083 1797 1265 1844 damna
1284 1797 1423 1845 meis.

92 1879 193 1927 Sed
217 1895 381 1943 neque
406 1878 705 1943 prudentem
731 1875 877 1923 solari
900 1875 1097 1922 stultior
1121 1875 1295 1931 ausim,
1419 1877 1470 1920 11

157 1956 424 2020 Verbaque
450 1956 710 2002 doctorum
732 1960 850 2000 nota
874 1951 1053 2000 referre
1078 1951 1169 1998 tibi
1189 1968 1198 1998 :

92 2140 299 2166 memorantur
311 2147 318 2165 z
343 2146 423 2166 unus
450 2134 619 2172 Achaicus,
634 2134 666 2165 in
690 2144 752 2176 quo

91 2184 150 2215 fuit
163 2184 340 2221 Corinthus,
351 2195 444 2226 quem
459 2184 510 2215 hic
521 2185 654 2216 Ovidius
669 2185 753 2226 prius

92 2233 219 2265 minime
248 2233 389 2276 pervium
419 2233 514 2265 fuisse
540 2234 616 2265 dicit
631 2246 637 2263 :
675 2234 752 2264 alter

93 2294 164 2314 vero
176 2283 314 2314 Isthmus
329 2288 376 2314 est
388 2283 550 2315 Thracius.

137 2376 156 2394 Ἐ
180 2375 377 2415 GALmom]
403 2375 516 2407 Junius
530 2375 635 2406 Gallio
650 2375 752 2405 dictus

93 2430 158 2455 est:
184 2425 210 2455 is
226 2425 387 2467 adoptavit
401 2427 449 2456 M.
465 2425 621 2455 Annaeum
642 2425 748 2455 Nova-

94 2480 171 2510 tum,
187 2474 312 2504 Senecae
336 2473 470 2510 fratrem,
487 2473 540 2515 qui
563 2484 601 2504 ex
624 2473 679 2504 illo
693 2475 713 2505 J
717 2485 751 2504 u-

93 2523 163 2554 nius
187 2522 292 2554 Gallio
314 2527 361 2553 est
384 2523 497 2553 dictus.
542 2522 754 2552 Eusebianum

96 2571 271 2604 Chronicon
286 2573 325 2602 B.
341 2571 536 2613 Hieronymi,
549 2572 663 2602 Junins
680 2572 755 2602 Gal-

96 2621 260 2663 lio,frater
271 2621 398 2657 Senecae,
413 2623 549 2662 egregius
564 2622 755 2655 declamator,

95 2672 216 2710 propria
240 2682 269 2701 se
292 2682 383 2700 manu
410 2670 576 2711 interfecit,
602 2669 693 2700 refert
717 2669 756 2699 ad

97 2719 230 2750 eundem
256 2731 384 2756 annum,
406 2730 466 2761 quo
490 2720 636 2749 Lucanus
665 2729 756 2749 occu-

97 2768 181 2799 buit:
211 2769 297 2810 atqui
312 2769 491 2801 Gallionem
508 2770 634 2800 Senecae
651 2778 756 2808 super—

820 2131 924 2162 stitem
935 2129 1155 2161 facitTacitus.
1170 2129 1290 2159 mes.
1302 2127 1479 2159 Gallionem

820 2181 1004 2212 familiarem
1027 2179 1121 2210 fuisse
1146 2178 1267 2209 Nasoni
1290 2177 1418 2219 adparet
1442 2187 1480 2207 ex

820 2231 946 2261 Senecae
969 2228 991 2259 i.
1015 2228 1138 2258 suasor.
1161 2228 1220 2257 haec
1243 2232 1343 2256 autem
1366 2226 1485 2256 dicebat

823 2279 926 2309 Gallio
957 2278 1072 2308 Nasoni
1107 2288 1158 2307 suo
1193 2276 1279 2306 valde
1310 2276 1480 2314 placuisse;

822 2327 892 2358 vide
908 2327 1035 2358 Reines.
1052 2326 1092 2356 ad
1108 2326 1193 2356 Insc.
1211 2324 1250 2355 cl.
1264 2325 1284 2354 i.
1296 2325 1348 2355 99.
1362 2335 1393 2366 p.
1412 2324 1483 2356 137.

864 2378 894 2407 3.
930 2376 1046 2407 Cu‘lesti
1072 2374 1219 2414 cuspide]
1257 2373 1373 2403 Divino
1406 2372 1482 2409 ictu¹

818 2427 913 2456 Mnn.
951 2425 1107 2464 Cuspidem
1137 2434 1209 2464 ergo
1235 2428 1328 2453 vocat
1351 2421 1483 2452 Caesaris

822 2475 969 2506 adversus
982 2485 1014 2504 se
1028 2474 1116 2504 iram.
1162 2473 1265 2503 PoxT.

866 2525 915 2554 10.
942 2524 1007 2553 Tua
1032 2522 1168 2562 dumam]
1196 2520 1309 2552 Uxoris
1335 2526 1395 2550 tuae
1417 2519 1482 2549 obi-

822 2581 882 2609 tus,
895 2572 948 2613 qui
966 2572 1022 2601 tibi
1038 2571 1186 2602 damnum
1203 2568 1327 2600 adtulit.

868 2623 918 2652 12.
946 2621 1039 2650 Verba
1061 2619 1240 2658 doctorum]
1269 2617 1365 2647 Dicta
1385 2616 1479 2658 scrip-

822 2678 922 2701 torum
933 2676 964 2701 et
976 2669 1238 2711 philosophorum,
1250 2666 1367 2697 ratione
1380 2671 1481 2696 osten—

823 2720 974 2754 dentium,
995 2717 1134 2748 homines
1159 2728 1219 2747 non
1245 2716 1358 2746 debere
1382 2725 1485 2756 prose-

825 2768 877 2809 qui
890 2773 1024 2797 mortuos
1039 2765 1192 2807 lacrymis.

953 2817 978 2845 L
991 2827 1008 2845 1.
1024 2817 1042 2845 3
