1760 3172
203 181 289 222 276

590 179 642 221 P.
676 178 889 221 OVIDII
923 178 1205 221 NASONIS

205 295 454 343 Cornibus
481 294 559 341 hic
585 293 769 349 fractis,
796 294 937 340 viridi
964 294 1092 341 male
1117 300 1281 340 tectus
1308 294 1370 341 ab
1396 294 1524 349 ulva,

274 372 490 419 Decolor
513 371 622 435 ipse
648 387 737 418 suo
763 371 1005 433 sanguine
1033 371 1241 418 Rhenus
1266 372 1385 420 erit:

207 449 443 496 Crinibus
469 465 530 496 en
556 448 707 496 etiam
731 447 884 495 fertur
912 449 1184 496 Germania
1207 449 1387 512 passis,

275 525 341 573 Et
364 526 506 573 ducis
532 525 701 572 invicti
730 526 822 572 sub
849 525 976 588 pede
1004 533 1182 572 moesta
1206 526 1377 581 sedet3

206 594 452 666 Collaque
481 603 721 650 Romanae
745 603 975 665 praebens
1003 602 1227 649 animosa
1251 603 1428 658 securi,

1533 605 1597 650 45

270 680 485 727 Vincula
507 680 602 728 fert
627 680 724 735 illa,
753 695 853 742 qua
878 679 992 726 tulit
1017 695 1168 735 arma,
1196 695 1362 726 manu.

206 755 311 804 Hos
338 773 486 820 super
511 757 560 803 in
586 773 748 812 curru,
779 756 967 812 Caesar,
995 757 1180 804 victore
1205 757 1399 805 veheris

270 834 560 898 Purpureus
587 834 754 898 populi
784 835 876 882 rite
903 850 990 898 per
1015 851 1100 881 ora
1123 836 1224 891 tui;

205 910 419 974 Quaque
445 912 557 967 ibis,
585 911 815 958 manibus
841 911 1271 974 circumplaudere
1296 918 1511 965 tuorum,

272 987 510 1051 Undique
530 990 723 1051 jactato
749 988 869 1035 flme
894 995 1095 1050 tegente
1120 988 1242 1036 vias.

1535 990 1599 1034 50

203 1064 452 1129 Tempora
477 1065 702 1113 Phoebea
726 1066 864 1113 lauro
890 1066 1127 1128 cingeris3
1169 1066 1335 1129 ioque,

269 1142 435 1199 Miles,
464 1143 526 1198 io,
555 1159 736 1205 magna
760 1159 897 1199 voce,
926 1143 1197 1206 triumphe,
1227 1150 1390 1190 canet.

201 1218 319 1283 Ipse
345 1236 481 1275 sono,
502 1220 784 1283 plausuque
805 1220 967 1274 simul,
986 1219 1289 1282 fremituque
1310 1220 1593 1273 canentum,

270 1295 609 1359 Quadrijugos
636 1312 811 1343 cernes
838 1312 973 1359 saepe
998 1296 1229 1343 resistere
1255 1312 1430 1359 equos.

203 1372 328 1422 Inde
354 1381 497 1437 petes
523 1390 705 1430 arcem,
733 1374 943 1421 delubra
966 1373 1182 1421 faventia
1205 1372 1362 1429 votis;

1534 1375 1597 1419 55

271 1450 337 1497 Et
361 1451 560 1498 dabitur
585 1451 761 1500 merito
786 1451 955 1499 laurea
978 1458 1093 1499 vota
1116 1450 1147 1497 J
1152 1451 1246 1498 ovi.

243 1566 298 1596 41.
317 1565 463 1596 Cornibus
483 1567 530 1596 hic
544 1566 689 1608 fractis]
718 1566 866 1608 quructc's

200 1614 262 1646 duo
277 1620 410 1646 veteres.
448 1614 643 1646 Claudianus
656 1616 695 1646 de
709 1616 821 1647 Rheno
835 1629 840 1646 ε

246 1664 393 1695 Cornibus
409 1665 550 1706 irifractis
565 1667 637 1696 adeo
652 1667 802 1697 mitescere
817 1678 863 1696 co-

284 1716 351 1754 git:

198 1762 329 1804 infracti
357 1765 478 1794 adverso
507 1763 610 1794 Marte
635 1764 752 1800 Latini,
781 1765 866 1807 apud

200 1812 289 1853 Virg.
308 1813 381 1843 AEn.
392 1812 447 1843 xii.
462 1814 492 1843 1.
506 1818 538 1843 et
549 1815 608 1844 erit
623 1823 678 1854 pro
693 1821 759 1844 erat
775 1814 865 1855 prim.

200 1861 294 1892 Polit.
311 1871 347 1892 ac
367 1861 430 1892 duo
446 1862 511 1893 alii.
537 1863 655 1892 mes.
702 1863 788 1893 Male
808 1870 867 1894 tec-

202 1917 250 1941 tus
278 1912 315 1940 ab
344 1912 426 1942 ulva.
482 1911 557 1941 Non
585 1916 767 1942 coronatum
793 1913 869 1943 ulva

200 1959 349 2001 intelligit
385 1966 488 2002 poeta,
527 1959 581 1990 scd
619 1959 867 1997 delitescentem,

200 2008 291 2050 quasi
306 2019 369 2050 prae
385 2007 561 2045 formidine,
572 2019 608 2039 eo
624 2008 707 2049 quod
720 2008 787 2049 jam
804 2009 869 2040 vic—

199 2063 249 2087 tus
264 2062 295 2088 et
311 2058 350 2087 ab
367 2057 455 2088 hoste
467 2057 533 2099 jam
549 2062 662 2098 captus
676 2063 769 2088 esset.

242 2107 295 2136 48.
310 2106 489 2146 Purpureus
502 2106 604 2145 populi
623 2105 706 2146 rita]
732 2106 769 2136 In
781 2114 865 2137 veste

198 2166 364 2198 purpurea,
375 2166 468 2196 quam
481 2155 582 2186 aureis
595 2155 746 2186 intextam
757 2155 864 2186 sideri-

197 2205 256 2235 bus
270 2204 499 2246 triumphantes
514 2205 690 2245 gestabant.
717 2205 813 2234 Men.
832 2236 841 2244 .

241 2255 293 2285 50.
314 2253 692 2294 Uizdiquejactainflare]
713 2253 793 2284 Item
809 2265 863 2295 po-

196 2303 290 2345 pulus
306 2303 398 2334 Rom.
414 2303 542 2333 floribus
565 2302 761 2345 adspergere,
777 2313 863 2333 coro-

197 2362 253 2383 nas
277 2358 308 2383 et
330 2352 497 2383 lemniscos
517 2352 667 2394 projicere
687 2351 808 2382 solebat
830 2351 862 2382 in

197 2412 261 2438 eos,
275 2411 353 2443 quos
368 2401 569 2432 cohonestare
586 2401 722 2432 volebat.
746 2401 849 2432 Poxr.

241 2451 350 2481 Festus
365 2449 552 2492 Pompeius:
574 2450 734 2486 Laurenti,
753 2451 862 2490 iuquit,

196 2501 317 2534 milites,
335 2500 586 2540 subsequebantur
601 2510 725 2529 currum
753 2500 861 2529 trium-

193 2550 329 2588 phantis,
355 2555 391 2578 ut
411 2551 495 2589 quasi
517 2550 646 2589 purgati
665 2561 682 2578 a
705 2550 781 2579 caede
807 2549 862 2578 hu-

196 2608 284 2627 mana
311 2599 464 2628 intrarent
495 2598 608 2628 urbem.
652 2596 760 2638 Itaque
785 2608 862 2627 eum-

196 2647 261 2676 dem
286 2647 409 2677 laurum
431 2647 565 2677 omuibus
589 2645 790 2686 suffitionibus
810 2647 863 2676 ad-

197 2695 291 2725 hiberi
315 2696 433 2725 salitum
458 2701 546 2732 erat,·
570 2697 617 2725 vel
640 2696 716 2735 quod
736 2696 864 2725 medica-

196 2751 293 2775 mento
308 2745 465 2775 siccissima
477 2746 526 2774 sit.
572 2744 622 2774 De
632 2744 702 2784 jure
717 2743 864 2786 triumphi

934 1567 1025 1598 docte
1051 1567 1207 1608 pleneque
1231 1566 1296 1606 agit
1321 1564 1462 1595 Perizon.
1479 1565 1510 1594 in
1532 1564 1598 1595 ani-

933 1616 1088 1647 madvers.
1115 1615 1269 1646 historicis
1295 1625 1367 1656 cap.
1396 1614 1438 1644 vi.
1463 1625 1496 1656 p.
1520 1615 1597 1644 227.

933 1676 1004 1707 sqq.
1035 1666 1187 1696 HAnLizs.

978 1716 1029 1745 52.
1054 1714 1154 1755 Inque,
1184 1714 1283 1749 Miles,
1316 1714 1353 1749 io,
1384 1724 1493 1753 magua
1520 1723 1598 1748 voce,

935 1765 1096 1804 triumphe,
1109 1763 1221 1803 canet]
1237 1763 1272 1793 Io
1288 1773 1346 1793 vox
1363 1768 1409 1793 est
1424 1761 1599 1797 clamantis,

934 1824 998 1854 qua
1013 1813 1257 1855 triumphantem
1273 1811 1490 1853 imperatorem
1511 1821 1600 1841 exer-

934 1862 1015 1893 citus
1039 1872 1171 1903 sequens
1198 1862 1365 1899 utebatur3
1388 1860 1459 1892 vide
1483 1860 1597 1891 Horat.

933 1911 974 1942 iv.
991 1911 1054 1942 Od.
1067 1911 1100 1942 ii.
1114 1913 1176 1942 49:

980 1960 1082 2001 Tuque
1097 1961 1167 1991 dum
1182 1961 1326 2000 procedis,
1343 1959 1386 1995 Io,
1403 1959 1563 1999 triumphe,

980 2009 1048 2040 Nou
1071 2011 1157 2041 semel
1171 2012 1312 2045 dicemus,
1331 2008 1377 2044 Io,
1396 2009 1555 2048 triumphe,

982 2059 1095 2089 Civitas
1109 2061 1212 2093 omnis,
1227 2060 1419 2098 dabimusque
1435 2057 1525 2088 Diris

1066 2107 1148 2138 Tum
1165 2109 1312 2149 benignis.

976 2157 1027 2187 53.
1044 2156 1110 2196 Ipse
1129 2167 1207 2193 sono,
1222 2156 1420 2197 plausuque]
1449 2156 1533 2187 Nam
1554 2156 1598 2187 ci-

931 2205 1145 2236 tharoedorum
1179 2216 1216 2237 ac
1253 2205 1400 2236 tibiarum
1434 2206 1535 2241 turba,
1559 2205 1598 2236 ad

932 2254 1095 2285 Hetruscae
1121 2254 1360 2285 similitudinem
1381 2264 1515 2296 pompae,
1536 2254 1596 2285 im-

931 2308 1104 2344 peratorem
1118 2303 1352 2345 praecedebant.
1379 2303 1421 2333 Hi
1435 2302 1598 2339 succincti,

931 2351 1115 2393 coronisque
1143 2352 1244 2382 aureis
1265 2351 1413 2386 redimiti,
1437 2362 1493 2381 suo
1515 2352 1597 2393 quis—

932 2410 992 2440 que
1004 2400 1111 2431 ordine
1122 2400 1293 2442 psallentes
1307 2406 1518 2442 canentesque
1529 2411 1598 2442 pro-

931 2448 1055 2479 dibant.
1091 2450 1210 2480 mes.

975 2499 1026 2528 55.
1043 2498 1176 2538 Arcem]
1207 2497 1414 2539 Capitolium.
1452 2497 1492 2527 Et
1511 2499 1596 2528 delu-

933 2548 984 2577 bru
1003 2547 1148 2588 furentia
1178 2549 1261 2578 rotis.
1315 2546 1482 2589 Templum
1510 2547 1599 2578 Jovis

933 2595 1115 2638 Capitolini,
1136 2596 1190 2637 qui
1213 2596 1289 2627 savit
1303 2595 1384 2626 votis
1406 2594 1599 2636 imperatoris

933 2643 972 2675 ad
988 2645 1105 2676 bellum
1119 2645 1273 2682 exeuntis,
1286 2652 1318 2676 et
1329 2643 1435 2688 populi
1445 2644 1596 2676 Romani.

934 2693 1029 2724 Mna.

976 2743 1029 2773 56.
1057 2743 1162 2783 Vota]
1196 2741 1259 2773 Alii
1280 2741 1371 2772 codd.
1397 2749 1487 2776 serta,
1512 2740 1596 2783 quod
