1760 3172
467 145 777 188 TRISTIUM
811 145 930 186 LIB.
965 145 1020 186 V.
1055 145 1234 187 ELEG.
1268 146 1323 187 V.

1509 146 1597 188 323

203 262 330 318 Hoc,
356 261 574 317 memini,
603 260 856 324 quondam
882 260 987 307 fieri
1016 275 1113 306 non
1139 276 1285 323 posse
1310 261 1568 323 loquebar,

270 339 334 387 Et
359 356 439 387 me
468 338 729 386 Battiades
749 337 923 400 judice
947 337 1103 384 falsus
1130 343 1252 383 erat.

203 416 387 463 Omnia
410 432 542 462 nunc
569 414 747 471 credo;
778 430 933 476 quum
958 420 1013 460 tu
1039 413 1298 460 consultus
1324 414 1386 461 ab
1413 413 1566 461 Arcto

268 492 447 554 Terga,
473 507 641 555 vapor,
670 490 885 545 dederiS,
913 489 1293 552 Ausoniamque
1318 497 1481 553 petas.
1532 492 1598 536 40

203 567 325 615 Haec
352 568 503 631 igitur
522 569 608 615 lux
634 575 728 624 est,
757 583 870 630 quae
897 567 936 614 si
964 584 1063 614 non
1089 573 1195 614 orta
1220 566 1412 623 fuisset,

270 645 425 692 Nulla
447 645 541 691 fuit
564 644 745 691 misero
771 643 901 691 festa
924 644 1141 690 videnda
1165 644 1302 690 mihi.

205 721 377 769 Edidit
401 721 507 768 haec
534 737 696 768 mores
722 720 819 767 illis
844 720 1061 766 heroisin
1089 735 1278 782 aequos,

270 797 425 852 Queis
451 804 558 844 erat
584 796 782 851 Eetion,
809 795 1102 859 Icariusque
1128 803 1289 859 pater.

206 874 340 923 Nata
364 874 608 939 pudicitia
632 880 726 929 est,
754 889 936 929 mores,
964 873 1311 936 probitasque,
1338 873 1597 936 fidesque:

270 953 340 999 At
365 969 463 1000 non
488 959 606 1000 sunt
631 952 726 998 ista
751 951 933 1014 gaudia
958 957 1076 997 nata
1099 950 1197 997 die.
1537 952 1600 996 46

208 1029 310 1077 Sed
334 1030 488 1085 labor,
517 1037 567 1076 et
591 1045 739 1085 curae,
766 1028 1064 1091 fortunaque
1084 1027 1305 1075 moribus
1332 1027 1518 1090 impar;

271 1105 300 1152 J
306 1113 521 1169 ustaque
547 1106 610 1153 de
635 1105 786 1153 viduo
812 1121 956 1169 paene
983 1105 1191 1167 querela
1215 1112 1339 1151 toro.

209 1182 429 1238 Scilicet,
457 1183 677 1230 adversis
703 1182 925 1246 probitas
952 1182 1175 1229 exercita
1199 1181 1365 1235 rebus,

273 1259 424 1307 Tristi
445 1260 705 1307 materiam
731 1267 955 1323 tempore
981 1259 1144 1306 laudis
1170 1259 1352 1305 habet:
1539 1259 1602 1303 50

209 1337 262 1384 Si
289 1336 410 1384 nihil
436 1336 603 1384 infesti
628 1337 780 1384 durus
805 1337 1013 1384 vidisset
1042 1336 1272 1399 UlysseS,

275 1414 533 1478 Penelope
557 1414 694 1470 felix,
723 1415 812 1462 sed
838 1414 944 1461 sine
964 1413 1129 1470 laude,
1156 1412 1310 1459 foret:

208 1490 382 1538 Victor
407 1490 677 1539 Echionias
704 1492 744 1539 si
769 1491 840 1538 vir
865 1496 1183 1555 penetrasset
1208 1489 1258 1535 in
1283 1503 1439 1543 arces,

278 1568 507 1616 Forsitan
534 1568 775 1617 Evadnen
798 1570 881 1616 vix
908 1585 998 1616 sua
1023 1574 1194 1615 nosset
1218 1567 1397 1613 humus
1418 1582 1426 1611 :

252 1683 305 1713 38.
322 1681 506 1723 Battiades]
534 1682 751 1714 Callimachus
770 1689 873 1725 poeta,

209 1731 264 1773 qui
280 1732 337 1762 hoc
352 1732 529 1774 scripserat,
540 1742 585 1762 sc.
600 1732 639 1763 de
651 1733 736 1763 fumo
748 1733 780 1763 in
796 1733 874 1763 duas

210 1785 315 1821 partes
351 1786 456 1817 eunte,
486 1780 519 1811 in
550 1780 646 1812 sacris
676 1780 814 1812 Eteoclis
844 1788 874 1812 et

213 1829 385 1870 Polynicis.

253 1879 306 1909 39.
324 1878 511 1919 Ccmsultus]
536 1879 678 1910 Verbum
703 1879 736 1910 in
758 1879 873 1910 sacrifi-

210 1927 267 1958 ciis
291 1927 458 1959 usitatum:
489 1927 758 1970 καπνυμὰντειαν
781 1929 876 1970 respi-

211 1977 265 2008 cit.
308 1978 426 2008 HEINs.
493 1977 660 2009 Enimvero
698 1978 874 2009 Burmann.

213 2030 235 2043 “
252 2026 320 2069 Ego
335 2032 485 2063 veterem,
501 2027 556 2062 ait,
573 2026 740 2058 lectionem
757 2027 876 2057 reduxi.

211 2074 338 2105 Iudicat
357 2074 441 2106 enim
467 2075 570 2117 ipsum
595 2075 716 2107 fumum
743 2075 822 2106 scire
846 2081 877 2106 et

212 2123 325 2154 sentire
340 2124 559 2156 infelicitatem
573 2124 713 2155 locorum
727 2125 784 2155 sub
798 2124 877 2155 Arc—

210 2178 255 2209 to,
271 2183 367 2214 quare
381 2173 435 2204 ille
449 2184 512 2204 non
526 2174 642 2204 stultus
654 2173 727 2205 inde
742 2173 832 2215 fugit,
847 2181 878 2205 et

212 2222 341 2253 Italiam
348 2233 455 2254 versus
465 2223 565 2254 tendit
576 2235 582 2253 ε
598 2229 629 2254 et
639 2223 683 2254 ita
692 2223 733 2254 cl.
743 2223 878 2255 Bentlei.

214 2271 256 2302 ad
278 2271 390 2302 Horat.
405 2271 438 2302 ii.
462 2272 560 2303 Serm.
577 2271 622 2302 iii.
643 2273 712 2303 158.
738 2273 878 2304 censet.'‘

214 2320 363 2352 HARLES.

258 2369 313 2400 40.
332 2369 430 2411 Terga
444 2370 590 2410 dederis]
608 2369 737 2411 Fugeris
752 2369 880 2401 Italiam

215 2428 333 2454 versus,
348 2418 404 2449 ubi
418 2424 485 2450 erat
499 2424 600 2461 poetae
617 2430 704 2450 uxor.

258 2467 314 2497 41.
332 2467 405 2498 Haec
422 2468 501 2508 lusu]
526 2468 588 2498 Hic
604 2468 671 2499 dies
687 2467 859 2500 natalitius.

259 2515 313 2547 43.
329 2515 437 2547 Edidit
459 2517 518 2547 ἤιε(-
542 2528 634 2548 mores
657 2517 719 2548 illis
748 2518 882 2548 heroibus

216 2575 320 2605 aequos,
345 2565 436 2599 Quez's
466 2573 532 2596 erat
557 2566 723 2608 Eurytion,
746 2565 881 2597 Icarius-

217 2624 273 2654 que
295 2613 409 2654 patera]
444 2615 495 2645 De
519 2614 642 2646 feminis
667 2615 750 2657 agit:
774 2615 883 2646 Scribe

217 2661 312 2704 igitur
330 2664 425 2694 herois
448 2666 481 2694 in
501 2674 573 2695 cum
594 2665 766 2706 Scaligero,
788 2663 881 2706 ἡρωῗ·

219 2722 286 2744 σιν.
321 2712 384 2743 Sed
409 2712 547 2745 nondum
571 2719 699 2745 sanatus
718 2718 766 2744 est
785 2713 884 2745 loeus.

942 1684 1097 1720 Quaenam
1126 1681 1210 1712 enim
1239 1678 1419 1721 Eurytionis
1443 1677 1500 1709 illa
1521 1677 1607 1708 filia?

942 1731 1081 1771 Scaliger
1098 1730 1290 1770 Antigenen,
1305 1727 1393 1758 Pelei
1411 1737 1547 1763 uxorem,
1559 1727 1607 1757 in-

943 1778 1117 1820 telligebat.
1163 1777 1226 1808 Sed
1247 1787 1393 1818 quorsum
1415 1781 1480 1806 tam
1496 1776 1608 1806 obscu-

942 1839 1011 1859 rum
1034 1828 1168 1858 nomen?
1191 1825 1434 1861 Andromachen
1456 1824 1608 1866 intellige,

943 1877 1112 1908 notissimae
1138 1875 1299 1918 pudicitiae
1325 1874 1495 1905 feminam:
1524 1874 1609 1916 apud

944 1927 1129 1962 Homerum,
1146 1924 1241 1955 Iliad.
1258 1924 1301 1958 Ξ.

984 1973 1194 2017 Ἀνδρομάχη
1218 1973 1363 2016 θυγάτηρ
1383 1971 1611 2015 μεγαλήτορος

1030 2024 1215 2060 Ἠετίωνος.
1449 2022 1568 2052 HE1Ns.

946 2075 995 2106 De
1008 2073 1242 2109 Andromache,
1258 2072 1324 2103 filia
1335 2071 1486 2108 Eetionis,
1502 2076 1534 2102 et
1549 2071 1610 2102 Pe-

945 2124 1068 2166 nelope,
1079 2123 1171 2154 Icarii
1185 2122 1249 2154 filia
1259 2127 1305 2163 (v.
1317 2121 1412 2153 Ovid.
1423 2121 1499 2152 Her.
1508 2120 1528 2151 i.
1539 2121 1576 2151 81
1585 2119 1610 2161 .)

944 2173 1093 2215 loquitur.
1124 2173 1272 2202 Hamas.

989 2224 1041 2254 52.
1064 2223 1134 2253 Sine
1163 2223 1253 2252 laude
1263 2220 1379 2262 foret]
1418 2218 1490 2249 Sine
1514 2216 1610 2248 laude

945 2271 1118 2315 pudicifiae,
1132 2281 1228 2312 quam
1241 2270 1306 2312 ipso
1320 2270 1460 2304 absente,
1476 2267 1550 2298 totis
1564 2266 1610 2297 vi-

946 2321 1025 2363 ginti
1054 2320 1144 2351 annis
1179 2318 1386 2354 conservavit,
1416 2322 1448 2348 et
1477 2317 1612 2348 reditum

947 2371 1014 2413 ejus
1029 2370 1184 2412 patienter
1198 2367 1402 2410 exspectavit.
1443 2367 1547 2397 PoNT.

991 2421 1043 2450 53.
1080 2419 1180 2449 Victor
1208 2416 1394 2457 Echionias]
1427 2415 1613 2457 Capaneum

948 2468 1104 2509 designat,
1129 2467 1168 2499 de
1193 2478 1255 2508 quo
1280 2466 1428 2497 diximus.
1475 2464 1513 2495 In
1532 2476 1615 2496 arces

952 2518 1123 2548 Echionias.
1146 2517 1184 2546 In
1197 2526 1284 2546 arces
1295 2515 1473 2546 Thebanas.
1492 2513 1615 2544 Echion

951 2566 1035 2597 enim
1060 2565 1119 2596 fuit
1140 2575 1221 2595 unus
1243 2575 1282 2594 ex
1307 2563 1400 2594 sociis
1419 2562 1543 2599 Cadmi,
1560 2561 1614 2603 qui

951 2625 1022 2647 cum
1038 2625 1075 2646 eo
1089 2614 1216 2644 Thebas
1231 2613 1386 2644 condidit.

995 2665 1049 2696 54.
1076 2663 1249 2702 Euadnen]
1288 2663 1426 2694 Uxorem
1453 2660 1613 2704 Capanei:

952 2713 1041 2755 cujus
1055 2723 1137 2743 mors
1150 2717 1224 2743 nota
1236 2717 1297 2744 est.

1082 2762 1112 2791 Y
1129 2762 1149 2791 2
