1760 3172
409 153 719 195 TRISTIUM
752 152 873 194 LIB.
908 152 990 194 IV.
1026 153 1205 196 ELEG.
1241 154 1322 196 IV.

1477 155 1561 196 287

169 269 336 324 Quum
359 269 466 316 vice
492 268 734 316 sermonis
759 268 962 314 fratrem
987 269 1237 330 cognovit,
1265 276 1315 316 et
1339 270 1406 315 illi

235 346 334 393 Pro
359 362 482 393 nece
507 346 802 408 complexus
830 344 1092 408 Iphigenia
1116 345 1283 392 dedit:

1499 350 1561 393 80

170 421 308 470 Laeta
333 423 456 469 Deae
482 422 697 485 signum,
718 422 941 469 crudelia
967 438 1108 469 sacra
1134 437 1342 485 perosae,

234 498 510 546 Transtulit
534 515 598 546 ex
624 498 721 545 illis
747 499 797 544 in
823 499 1029 545 meliora
1052 498 1190 545 locis.

169 574 291 622 Haec
317 575 467 637 igitur
492 576 645 638 regio,
673 576 840 638 magni
866 592 980 639 pars
1007 576 1182 623 ultima
1206 575 1396 633 mundi,

234 652 399 706 Quam
413 651 584 714 fugere
594 652 820 699 homines
835 647 1020 715 Dique,
1033 652 1317 716 propinqua
1327 652 1447 699 mihi
1458 660 1557 711 est;

166 729 337 792 Atque
357 745 519 776 meam
540 736 721 776 terram
743 745 900 792 prope
922 736 1037 775 sunt
1055 728 1284 776 funebria
1305 746 1461 787 sacra,
1499 735 1561 779 85

233 806 285 852 Si
312 806 458 853 modo
487 805 676 853 Nasoni
703 807 914 853 barbara
937 812 1071 852 terra
1096 821 1186 852 sua
1210 813 1303 853 est.

164 883 207 929 O
236 883 425 930 utinam
450 882 599 935 venti,
627 883 809 945 quibus
835 890 911 929 est
937 883 1133 929 ablatus
1162 882 1387 938 Orestes,

232 959 440 1007 Placato
466 958 681 1006 referant
705 967 756 1006 et
780 975 892 1006 mea
915 959 1027 1006 vela
1054 959 1189 1006 Deo!

210 1104 262 1134 81.
286 1103 413 1145 Signum
438 1103 536 1144 Deae.]
564 1103 677 1134 Dianae
703 1103 831 1134 simula-

165 1163 263 1183 crum.
295 1153 389 1183 MER.
438 1153 583 1183 crudelia
607 1164 691 1183 sacra
714 1163 832 1192 perosae.

168 1202 241 1232 Non
262 1201 443 1244 postulabat
467 1202 574 1232 Diana
600 1201 661 1233 sibi
687 1202 831 1244 hujusce-

167 1249 251 1280 modi
276 1249 383 1280 hostiis
412 1250 600 1289 sacrificari;
624 1250 679 1281 sed
706 1261 744 1280 ea
767 1256 833 1281 erat

165 1298 317 1329 Thoantis
344 1300 534 1335 immanitas,
561 1306 596 1330 ut
622 1299 669 1330 illi
695 1299 833 1341 hospites

167 1347 348 1379 mactandos
362 1354 514 1379 censeret.
532 1348 635 1380 Pom.
665 1348 748 1379 Lata
763 1348 833 1379 Deae

165 1398 284 1439 signum
322 1397 505 1428 Transtulit.
547 1398 656 1439 Eurip.
685 1398 748 1428 fab.
774 1399 833 1436 103

166 1456 260 1488 quem
283 1446 399 1483 locum,
418 1452 453 1477 ut
474 1446 643 1489 potuimus,
660 1446 705 1478 ita
726 1453 833 1477 tamen

167 1501 202 1527 ut
216 1495 348 1538 intelligi
362 1496 473 1539 possit,
492 1497 536 1527 sic
553 1496 730 1527 reddimus:
756 1496 829 1526 Tha—

165 1552 239 1575 unta
255 1551 376 1584 captum
391 1546 504 1576 callida
515 1547 673 1585 prendunt
689 1547 748 1575 via.
777 1545 831 1575 Sa-

165 1596 224 1624 cris
248 1595 372 1635 rqfirztm
388 1597 519 1635 postibus
540 1596 600 1625 laeti
621 1595 752 1636 efferunt
776 1595 832 1625 Pe-

169 1645 284 1674 netrale
298 1646 428 1685 signum.

210 1694 264 1723 82.
287 1693 450 1734 Meliora]
488 1692 631 1724 Ariciam
654 1692 687 1723 in
711 1692 833 1724 Latium

168 1742 236 1773 vult
257 1741 382 1773 Servius
395 1741 436 1772 ad
446 1742 534 1783 Virg.
549 1743 625 1772 AEn.
639 1742 672 1773 ii.
688 1743 758 1773 116.
782 1742 835 1772 Ad

168 1791 304 1822 insulam
320 1791 500 1822 Zminthum
519 1791 684 1833 Iphigenia
703 1802 774 1823 cum
790 1792 834 1822 O-

168 1845 249 1871 reste
276 1846 308 1871 et
334 1840 457 1881 Pylade
478 1840 585 1871 delata
604 1846 651 1871 est
667 1846 761 1871 vento
783 1851 831 1871 se-

168 1889 271 1921 cundo
308 1890 483 1921 secundum
519 1891 639 1931 Hygin.
671 1890 735 1921 sab.
762 1891 834 1920 120.

169 1938 269 1969 Halas
283 1937 315 1968 in
330 1938 441 1970 Attica
460 1938 663 1970 simulacrum
685 1940 763 1970 ferre
781 1939 833 1981 ju-

166 1986 222 2017 bet
244 1986 391 2018 Minerva
414 1988 499 2030 apud
523 1987 666 2029 Euripid.
689 1988 835 2030 Iphigen.

169 2035 202 2066 in
224 2035 360 2067 Taur.v.
380 2037 474 2068 1450.
491 2036 545 2067 ubi
561 2037 632 2067 vide
654 2038 787 2068 Barnes.
803 2044 836 2068 et

170 2084 300 2116 Gallim.
325 2085 368 2116 H.
397 2085 430 2116 in
456 2085 553 2117 Dian.
575 2098 606 2117 v.
628 2087 700 2118 173.
728 2086 835 2128 ibique

172 2132 292 2175 Spanh.
323 2134 460 2166 Pausan.
488 2133 534 2165 iii.
565 2145 595 2165 c.
626 2135 674 2166 16.
698 2146 732 2177 p.
758 2136 835 2166 248.

168 2183 271 2224 prodit
284 2183 412 2225 signum
427 2184 507 2215 illud
522 2183 665 2220 Limnaei‚
681 2183 735 2226 qui
750 2184 838 2215 vicus

166 2236 215 2262 est
245 2231 278 2263 in
307 2233 458 2270 Laconia,
492 2233 693 2264 adservatum
729 2233 837 2264 fuisse.

168 2280 316 2313 HAnLEs.

212 2332 265 2362 83.
288 2331 438 2363 Heinsius
465 2332 666 2374 rescripserat
694 2343 710 2363 e
738 2332 833 2363 codd.

167 2380 333 2412 Barberin.
351 2386 383 2412 et
400 2380 649 2424 Gottorphiano:
668 2383 771 2423 magni
785 2393 834 2422 pe—

167 2430 302 2460 netralia
317 2431 436 2466 mundi,
452 2430 541 2471 quasi
558 2433 646 2463 Naso
662 2430 836 2462 abstrusam

167 2482 198 2508 et
208 2477 387 2510 interiorem
403 2477 486 2509 orbis
497 2484 619 2521 partem
635 2479 837 2521 adpellasset.

900 1103 973 1140 Sed,
1002 1110 1037 1134 ut
1064 1104 1237 1134 Burmann.
1275 1105 1465 1140 observarat,
1496 1104 1564 1136 haec

900 1152 1049 1183 correctio
1082 1163 1140 1183 nec
1170 1152 1302 1183 Francio
1330 1153 1461 1194 placuit,
1488 1154 1565 1196 quia

901 1207 975 1232 tunc
1011 1201 1090 1243 perit
1120 1201 1274 1243 oppositio
1298 1203 1355 1233 τοῦ
1381 1205 1561 1243 propinqua,

900 1261 959 1281 nec
995 1250 1116 1280 auctori
1145 1251 1323 1281 Electorum
1350 1251 1565 1288 Etonensium,

901 1299 976 1341 quia
992 1300 1162 1338 penetralia
1185 1310 1246 1329 non
1272 1304 1355 1330 recte
1377 1301 1567 1332 conveniunt

900 1354 1000 1391 poetae
1014 1348 1081 1379 haec
1098 1349 1167 1378 loca
1181 1348 1381 1389 vituperanti.
1409 1349 1495 1380 Edit.
1512 1361 1565 1381 ve-

902 1403 962 1434 tus,
988 1399 1069 1439 regio
1091 1399 1194 1439 magni
1219 1409 1293 1436 pene
1315 1398 1425 1428 ultima
1449 1401 1566 1430 mundi.

901 1447 1052 1477 Bernens.
1068 1446 1136 1477 cod.
1156 1448 1216 1477 hoec
1240 1449 1336 1488 igitur
1358 1450 1461 1488 mag-ni
1482 1460 1566 1487 poene

898 1509 970 1537 pars
993 1498 1102 1527 ultima
1128 1498 1245 1527 mundi.
1283 1496 1358 1527 Vid.
1380 1497 1473 1528 Trist.
1491 1498 1512 1528 i.
1538 1499 1567 1529 l.

904 1546 975 1577 127.
1009 1546 1160 1575 Huius.

946 1596 998 1626 85.
1015 1597 1112 1635 Atque
1127 1605 1219 1624 meam
1236 1595 1376 1635 terram]
1399 1594 1565 1627 Distichon

901 1644 996 1675 etiam
1022 1645 1079 1675 hoc
1102 1643 1266 1675 Ovidianae
1283 1656 1370 1675 venae
1387 1644 1439 1675 vix
1460 1650 1507 1676 est
1534 1650 1568 1675 ut

902 1699 1078 1724 censeatur.
1103 1694 1222 1724 mes.
1269 1694 1366 1733 Prope
1389 1705 1483 1724 meam
1507 1702 1567 1724 ter-

903 1754 978 1772 ram.
1002 1742 1104 1784 Prope
1118 1741 1318 1773 Tomitanam
1336 1743 1458 1773 urbem.

947 1792 1001 1822 88.
1022 1791 1150 1821 Placato
1174 1791 1265 1831 Dea]
1299 1791 1430 1822 Placato
1453 1792 1566 1834 Augu-

901 1846 960 1876 sto,
980 1846 1010 1871 et
1032 1839 1247 1871 reconciliato.
1278 1840 1449 1881 Eleganter
1463 1848 1569 1872 monet

902 1890 1105 1932 Verpoorten,
1123 1890 1282 1920 Nasonem
1303 1897 1376 1920 ante
1391 1891 1498 1922 oculos
1513 1890 1568 1922 ha·

900 1938 1004 1970 buisse
1019 1944 1050 1970 et
1062 1939 1156 1970 fuisse
1169 1938 1326 1970 imitatum
1339 1939 1394 1969 illa
1410 1939 1568 1982 Euripidis

901 1988 933 2018 in
955 1988 1061 2030 Iphig.
1082 1987 1115 2018 in
1136 1987 1246 2019 Tauris
1260 1999 1291 2019 v.
1311 1989 1402 2019 1487.
1418 1999 1488 2030 sqq.
1512 1988 1568 2019 ubi

902 2036 1051 2068 Minerva
1066 2037 1155 2067 dicit.

941 2084 1003 2117 Ἴτ’
1020 2086 1043 2117 ὦ
1063 2087 1176 2120 πνοαὶ,
1196 2086 1422 2117 ναυσθλοῦσθε
1443 2086 1501 2117 τὸν
1515 2085 1568 2117 ’A-

992 2134 1199 2177 γαμέμνονος

951 2183 1045 2216 Παῖδ
1063 2196 1105 2221 εις
1125 2183 1282 2222 Ἀθήνας·
1306 2183 1570 2226 συμπορεύσομαί

992 2232 1016 2264 δ’
1034 2232 1109 2275 ἐγὼ,

951 2282 1085 2318 Σάζουσ’
1106 2281 1247 2324 ἀδελφῆς
1267 2284 1327 2320 τῆς
1347 2281 1426 2323 ἐμῆς
1448 2280 1569 2323 σέμνον

992 2331 1121 2374 βρέτας.

939 2380 1000 2413 Ἴτ’
1016 2381 1065 2411 ἐπ’
1082 2380 1216 2422 εὐτυχίᾳ
1233 2382 1294 2418 τῆς
1309 2379 1494 2422 σωζομένης

949 2430 1077 2472 Μοίρας
1092 2428 1279 2471 εὐδαίμονες
1295 2429 1397 2467 ὄντες.

1400 2478 1548 2509 HARLES.
