1760 3172
341 165 433 207 EX
466 164 679 207 PONTO
714 163 833 204 LIB.
859 162 950 204 ΙΙΙ.
984 163 1177 206 EPIST.
1202 165 1293 207 III.
1424 169 1512 210 459

130 281 300 337 Effice,
328 281 392 328 sit
417 281 557 327 nobis
584 296 683 326 non
708 279 1039 342 implacabilis
1066 279 1152 335 ira,

195 358 383 421 Meque
408 359 516 405 loco
542 357 693 421 plecti
721 357 1056 405 commodiore
1080 358 1214 405 velit.

130 435 252 483 Haec
279 452 371 499 ego
395 436 530 483 visus
557 452 691 483 eram
715 451 869 499 puero
894 435 1083 482 dixisse
1108 436 1320 490 volucri;
1451 442 1512 485 65

198 513 304 561 Hos
327 513 461 560 visus
487 513 630 561 nobis
656 514 739 560 ille
765 513 964 560 dedisse
990 528 1166 560 sonos:

130 591 245 647 Per,
272 607 384 638 mea
406 591 522 646 tela,
545 590 697 646 faces,
721 597 772 637 et
797 606 901 653 per,
930 605 1041 657 mena
1065 590 1181 646 tela,
1209 590 1432 652 sagittas,

197 670 296 717 Per
321 677 529 716 matrem
549 670 678 732 juro,
709 668 1098 730 Caesareumque
1123 676 1298 731 caput3

133 747 235 803 Nil,
262 747 355 794 nisi
381 763 691 802 concessum,
720 761 808 793 nos
833 753 882 792 te
908 745 1145 792 didicisse
1170 745 1421 808 magistro,

196 823 402 870 Artibus
429 830 479 870 et
504 823 693 869 nullum
718 822 904 869 crimen
930 822 1093 869 inesse
1119 822 1236 870 tuis.
1458 828 1520 871 70

135 901 306 964 thue
330 901 439 957 hoc,
459 901 528 947 sic
555 899 744 946 utinam
770 898 1037 946 defendere
1063 906 1245 947 caetera
1269 917 1442 964 posses
1462 902 1470 947 !

202 979 311 1026 Scis
337 979 485 1033 aliud,
514 977 648 1041 quod
674 984 723 1023 te
748 976 947 1031 laeserit,
976 992 1086 1023 esse
1111 977 1284 1039 magis.

133 1055 387 1119 Quicquid
408 1056 457 1102 id
474 1062 565 1111 est,
583 1070 749 1118 neque
767 1054 897 1101 enim
918 1054 1068 1101 debet
1082 1054 1221 1101 dolor
1236 1055 1317 1102 ille
1338 1054 1520 1110 referri,

201 1133 315 1180 Non
340 1140 483 1197 potes
509 1149 536 1179 a
562 1133 711 1196 culpa
735 1132 901 1179 dicere
928 1133 1104 1179 abesse
1130 1139 1232 1179 tua.

132 1210 210 1258 Tu
234 1211 351 1258 licet
374 1210 551 1258 erroris
578 1211 670 1257 sub
698 1210 912 1273 imagine
934 1211 1124 1257 crimen
1147 1211 1430 1267 obumbreS,
1461 1214 1521 1258 75

202 1289 317 1336 Non
342 1289 533 1351 gravior
558 1288 734 1335 merito
757 1288 967 1335 vindicis
993 1288 1064 1334 ira
1088 1287 1197 1334 fuit.

136 1366 207 1414 Ut
229 1373 398 1415 tamen
423 1366 750 1430 adspicerem,
779 1366 1161 1428 consolarerque
1181 1366 1453 1428 jacentem,

204 1443 370 1508 Lapsa
393 1461 481 1509 per
505 1444 773 1492 immensas
799 1450 876 1491 est
900 1443 1020 1490 mihi
1045 1458 1211 1506 penna
1234 1443 1353 1489 vias.

137 1520 260 1569 Haec
285 1522 396 1570 loca
420 1529 526 1569 tum
553 1522 767 1586 primum
792 1522 909 1577 vidi,
927 1538 1080 1584 quum
1106 1527 1263 1568 matre
1288 1528 1492 1583 rogante

202 1599 412 1647 Phasias
439 1606 516 1647 est
541 1600 654 1647 telis
678 1599 781 1646 fixa
804 1599 973 1662 puella
996 1597 1136 1645 meis.
1463 1601 1525 1644 80

137 1676 261 1731 Quae
286 1693 417 1724 nunc
444 1693 530 1724 cur
550 1677 727 1724 iterum
753 1683 868 1740 post
893 1677 1079 1723 saecula
1102 1676 1252 1738 longa
1276 1676 1502 1731 revisam,

202 1754 280 1801 Tu
304 1754 441 1812 facis,
469 1772 498 1803 o
524 1755 697 1802 castris
724 1755 865 1802 miles
892 1754 1050 1802 amice
1076 1754 1216 1801 meis.

137 1831 278 1880 Pone
302 1839 466 1880 metus
492 1833 667 1895 igitur;
697 1832 930 1879 mitescet
957 1831 1174 1878 Caesaris
1200 1831 1286 1887 ira,

205 1909 274 1958 Et
296 1910 463 1958 veniet
485 1910 612 1958 votis
639 1911 831 1958 mollior
855 1910 975 1957 hora
999 1909 1115 1956 tuis.
1466 1910 1527 1954 84

140 1987 280 2036 Neve
308 2004 496 2035 moram
522 1987 715 2043 timeas,
733 1994 949 2050 tempus,
978 1986 1115 2049 quod
1144 1984 1428 2048 quaerimus,
1456 1984 1528 2030 in-

208 2066 507 2129 Cunctaque
523 2065 707 2112 laetitiae
724 2066 874 2129 plena
887 2064 1168 2127 triumphus
1185 2062 1353 2109 habet.
1374 2062 1497 2123 [stat
1515 2080 1525 2119 3

184 2233 235 2263 70.
253 2232 325 2263 Tuis
342 2232 485 2272 actibus]
513 2231 589 2262 Tuis
611 2232 802 2263 carminibus
872 2230 952 2270 tucn]
984 2230 1073 2260 Liber
1089 2230 1183 2259 abesse
1198 2232 1348 2268 quatuor,
1365 2237 1444 2257 unus
1460 2228 1533 2258 liber

141 2287 173 2313 et
186 2281 353 2323 praeceptis
367 2281 406 2311 de
423 2281 500 2311 Arte
516 2281 654 2312 amandi.
871 2283 991 2316 culesse;
1016 2279 1056 2309 al.
1080 2280 1172 2308 libera
1195 2287 1260 2307 esse.
1299 2276 1390 2306 Latet
1414 2276 1532 2317 aliquid

185 2332 237 2362 71.
255 2331 396 2371 Caetera.]
423 2331 502 2368 Quae
525 2330 674 2361 laeserunt
694 2330 803 2371 Augu·
871 2328 985 2360 mendi.
1009 2328 1126 2357 mes.
1171 2326 1266 2356 Hunc
1284 2336 1407 2355 sensum
1424 2326 1533 2366 expla-

141 2386 237 2412 stum.
872 2383 925 2409 nat
941 2377 1064 2408 Phaedr.
1081 2376 1107 2406 Ι.
1124 2387 1153 2405 x.
1170 2377 1207 2406 5:
1230 2376 1323 2414 culpae
1338 2375 1511 2413 prorimam.

185 2431 237 2461 72.
252 2431 348 2461 Aliud
369 2431 463 2471 magis
478 2429 562 2469 esse.]
589 2428 688 2459 Aliud
705 2427 804 2469 magis
915 2428 966 2458 30.
999 2426 1107 2456 Puella
1141 2424 1293 2463 Phasias]
1329 2423 1457 2459 Medea,
1488 2422 1532 2453 sic

142 2490 265 2516 nocere,
279 2489 371 2520 quam
384 2478 521 2509 carmina
534 2477 695 2509 amatoria.
721 2477 801 2514 Qui·
872 2476 957 2507 dicta
994 2485 1012 2505 a
1051 2473 1158 2509 Phasi,
1196 2471 1382 2503 Colchorum
1428 2471 1532 2503 fluvio.

142 2528 201 2559 bus
237 2528 338 2559 verbis
374 2527 494 2569 liquido
528 2527 668 2569 adparet,
701 2525 802 2556 exsilii
871 2526 998 2556 chx-L.

142 2583 242 2619 poetae
258 2588 386 2609 causam
399 2577 494 2608 aliam
510 2577 616 2613 fuisse,
629 2586 723 2617 quam
736 2586 803 2606 car·
915 2575 966 2604 86.
987 2572 1167 2611 Triumphus
1191 2571 1303 2611 habea]
1327 2569 1530 2611 Triumphum

143 2627 228 2658 mina
243 2626 404 2658 amatoria.
871 2622 984 2654 Tibeiii
1004 2622 1042 2652 de
1060 2619 1217 2652 Dalmatis
1241 2626 1272 2651 et
1294 2618 1410 2661 Illyriis
1428 2625 1531 2651 actum

188 2677 240 2707 74.
256 2676 325 2707 Non
345 2683 423 2715 potes
445 2687 464 2706 a
482 2677 570 2716 culpa
593 2677 690 2705 dicere
711 2676 804 2704 abesse
872 2672 1022 2713 intellige.
1061 2672 1188 2701 MicrL.
