1760 3172
380 219 567 261 ARTIS
600 210 956 259 AMATORIAE
989 217 1108 258 LIB.
1143 217 1207 258 II.

1442 218 1500 258 35

108 334 354 381 Omnibus
379 333 727 381 Andromache
747 333 852 379 visa
872 340 948 379 est
973 333 1234 396 spatiosior
1259 349 1426 396 aequo:

175 410 335 466 Unus,
359 410 448 473 qui
474 411 719 458 modicam
745 409 947 463 diceret,
979 408 1166 455 Hector
1191 416 1310 455 erat.

1395 412 1491 457 646

107 486 253 541 Quod
279 488 407 534 male
431 487 544 543 fers,
573 488 842 541 adsuesce3
882 486 1008 533 feres
1046 487 1189 533 bene.
1229 487 1386 533 multa
1409 503 1491 533 ve·

173 563 339 611 Lenit:
379 571 430 611 at
453 564 694 627 incipiens
719 563 883 610 omnia
909 563 1060 609 sentit
1085 579 1236 609 amor.

1312 564 1491 624 [tustas

107 640 239 687 Dum
264 656 418 687 novus
444 641 492 687 in
512 641 653 687 viridi
678 641 913 687 coalescit
938 640 1120 687 cortice
1146 656 1327 695 ramus,

173 717 441 765 Concutiat
463 725 688 765 tenerum
715 717 953 780 quaelibet
977 732 1110 770 aura,
1135 717 1301 763 cadet.

1397 719 1494 763 650

106 793 229 841 Mox
250 795 425 841 eadem
448 795 624 850 ventis,
651 794 810 858 spatio
835 795 1026 849 durata,
1055 794 1269 848 resistet,

171 871 436 935 Firmaque
462 872 717 936 adoptivas
743 872 889 918 arbor
913 871 1117 918 habebit
1140 886 1278 933 opes.

107 946 296 996 Eximit
320 949 429 1013 ipsa
452 949 558 996 dies
585 964 755 995 omnes
782 964 809 994 e
835 963 1039 1011 corpore
1065 947 1300 993 mendas:

171 1024 421 1089 Quodque
445 1025 537 1073 fuit
559 1026 747 1080 vitium,
776 1026 959 1072 desinit
983 1041 1093 1072 esse
1118 1025 1275 1070 mora.

107 1098 254 1149 Ferre
279 1119 418 1150 novae
444 1120 586 1151 nares
611 1111 862 1151 taurorum
887 1110 1026 1164 terga
1050 1107 1309 1148 recusant:

1396 1101 1491 1146 655

170 1178 395 1226 Adsiduo
418 1180 631 1227 domitas
656 1188 881 1244 tempore
905 1179 1030 1227 fallit
1054 1179 1189 1226 odor.

105 1253 401 1303 Nominibus
427 1257 616 1304 mollire
640 1258 757 1304 licet
780 1257 925 1304 mala.
964 1255 1104 1303 fusca
1127 1261 1344 1309 vocetur,

171 1331 370 1394 Nigrior
395 1333 597 1397 Illyrica
623 1334 703 1381 eui
728 1334 839 1397 pice
866 1333 1066 1394 sanguis
1093 1332 1200 1379 erit.

105 1406 161 1454 Si
186 1415 317 1472 paeta
341 1416 432 1465 est,
459 1410 642 1458 Veneri
667 1410 867 1458 similis:
907 1410 948 1456 si
973 1410 1114 1464 flava,
1144 1407 1398 1454 Minervae.

173 1485 250 1532 Sit
273 1486 487 1548 gracilis,
511 1487 669 1534 macie
695 1503 806 1550 quae
832 1487 959 1533 male
984 1486 1092 1532 viva
1117 1485 1208 1531 sua
1235 1491 1327 1539 est,
1391 1486 1490 1530 660

103 1588 210 1614 tamen
224 1583 280 1615 illa
296 1585 419 1622 Perseo,
436 1586 489 1627 qui
513 1596 582 1617 eam
597 1592 665 1617 ceto
681 1585 761 1616 libe-

102 1632 192 1669 ravit,
208 1638 240 1664 et
252 1645 379 1665 uxorem
395 1635 495 1667 duxit.
542 1636 649 1666 Penna
669 1637 762 1665 mobi-

102 1682 169 1722 lis.]
193 1683 317 1714 Talaria
334 1683 488 1726 designat.
534 1685 666 1716 Perseus
681 1684 763 1716 enim

104 1731 262 1763 Mercurio
275 1733 418 1769 dilectus,
432 1733 544 1765 talaria
559 1735 597 1764 ab
614 1744 650 1764 eo
662 1739 693 1764 et
709 1744 763 1775 pe-

102 1786 205 1811 tasum
221 1782 353 1824 accepit,
369 1788 400 1813 et
414 1783 548 1824 galeam,
564 1794 627 1825 qua
637 1783 764 1814 indutus

102 1840 142 1861 ex
159 1831 287 1862 adverso
302 1842 363 1862 non
377 1838 497 1874 poterat
511 1832 623 1864 videri.
662 1833 764 1864 Acce-

103 1880 150 1922 pit
165 1886 196 1911 et
211 1891 230 1911 a
244 1881 389 1912 Vulcano
403 1882 517 1913 falcem
535 1893 573 1913 ex
597 1882 764 1913 adamante

105 1929 229 1965 factam,
244 1940 307 1971 qua
321 1930 488 1962 Medusam
504 1931 652 1973 Gorgona
669 1931 765 1962 inter-

102 1977 189 2009 fecit.
232 1978 353 2010 Auctor
367 1980 399 2009 H
400 1990 453 2021 yg-

149 2028 222 2059 645.
258 2028 400 2059 Omnibus
429 2028 662 2069 Andromacha]
696 2028 763 2058 An-

103 2076 270 2107 dromache
294 2076 360 2107 filia
382 2077 442 2108 fuit
463 2077 617 2108 AE‘etionis
641 2077 764 2108 Theba-

101 2137 173 2157 ‹rum
198 2126 289 2168 regis,
312 2137 450 2169 uxorque
476 2126 630 2164 Hectoris,
656 2126 764 2169 grandi

103 2185 244 2217 corpore.

149 2226 222 2256 650.
258 2226 377 2267 Aura]
410 2226 551 2257 Servavit
584 2225 635 2257 hic
666 2226 765 2257 Poeta

103 2272 428 2317 differentiam,quam
441 2274 521 2305 inter
533 2286 639 2305 auram
654 2282 684 2306 et
698 2287 764 2306 ven—

106 2329 170 2353 tum
206 2323 397 2355 constituunt
426 2324 645 2355 Grammatici.
681 2324 764 2366 quod

107 2383 168 2403 non
183 2371 257 2403 fecit
271 2373 399 2410 Statius,
415 2373 468 2415 qui
483 2384 565 2415 saepe
578 2384 632 2415 pro
649 2373 765 2404 violem

104 2422 180 2452 tiore
195 2427 299 2458 vento,
312 2422 466 2453 interdum
480 2422 576 2452 etiam
591 2422 765 2463 promiscue

106 2471 164 2502 hac
180 2482 256 2502 voce
271 2473 386 2502 abusus
400 2471 656 2513 deprehenditur.
673 2472 766 2502 Dou-

105 2532 160 2551 zA.
184 2520 285 2551 Recte
300 2519 425 2561 quidem
443 2520 564 2556 Douza,
576 2520 632 2550 sed
646 2526 677 2550 et
692 2521 766 2551 Pro-

106 2568 223 2611 pertius
237 2579 292 2610 pro
306 2568 528 2600 vehementiori
544 2574 635 2600 vento
649 2569 765 2611 posuit.

105 2619 162 2649 lib.
178 2618 201 2648 i.
218 2617 306 2659 Eleg.
325 2618 373 2648 17.

150 2668 255 2706 Aspice
268 2678 355 2706 quum
369 2678 455 2697 saevus
471 2669 601 2706 increpet
616 2678 694 2696 nura
712 2669 764 2697 mi-

194 2727 257 2746 ηας.
607 2716 723 2747 ΒυῐιΜ.

151 2765 223 2795 657.
250 2764 426 2795 Nominibus
439 2766 555 2795 mollire
574 2766 641 2795 licet
657 2765 764 2805 malm]

832 1585 944 1617 Verbis
969 1591 1096 1616 tenuare
1124 1581 1351 1613 honestioribus
1376 1580 1491 1622 puellae

831 1635 908 1665 vitia
944 1633 1070 1675 poteris.
1116 1631 1252 1673 Insignis
1280 1636 1327 1661 est
1355 1628 1492 1660 Lucretii

832 1683 929 1719 locus,
945 1683 988 1713 iv.
1009 1682 1103 1712 1146.
1117 1692 1188 1722 sqq.
1207 1690 1299 1721 quem
1316 1679 1390 1709 dum
1406 1678 1490 1708 Nos-

832 1739 878 1763 ter
904 1732 1114 1766 aemularetur,
1140 1729 1294 1771 poeticam
1322 1727 1492 1758 dictionem

830 1781 1052 1823 pliilosophicae
1068 1779 1226 1811 severitati
1247 1778 1405 1819 ingeniose
1420 1776 1493 1807 sub·

827 1830 941 1873 jecisse
958 1830 1058 1860 libens
1073 1828 1318 1859 animadvertes:

876 1881 942 1910 Hoc
954 1880 1083 1922 faciunt
1099 1879 1226 1908 homines
1247 1878 1422 1917 plerumque
1436 1886 1491 1905 cu-

914 1930 1017 1968 pidine
1032 1928 1111 1963 caeci,

877 1977 918 2007 Et
941 1979 1082 2007 tribuunt
1107 1987 1152 2012 eu,
1180 1986 1243 2016 quae
1269 1986 1328 2005 uon
1353 1980 1423 2005 suut
1449 1974 1493 2004 his

919 2029 1067 2058 commoda
1083 2037 1158 2057 vere.

878 2126 989 2167 Nigra,
1005 2125 1176 2167 μελίχροος
1199 2130 1258 2154 est:
1284 2123 1435 2152 immunda
1459 2133 1494 2152 ac

908 2175 1035 2217 jirticla,
1051 2175 1210 2215 ἅκοσμοςε

876 2225 982 2261 Caesia,
998 2222 1204 2255 παλλάδιον;
1228 2233 1360 2258 nervosa,
1384 2227 1413 2251 et
1436 2222 1495 2262 tig—

918 2285 984 2306 nea.
1001 2272 1132 2314 δορκὰς;

878 2323 1021 2358 Parvola,
1047 2323 1171 2361 pumilio
1194 2321 1339 2363 χαρίτων
1361 2320 1407 2356 ἴα,
1432 2326 1495 2350 tota

919 2384 1032 2403 merum
1046 2373 1108 2401 sal:

881 2421 1007 2462 Magna,
1019 2427 1107 2460 atque
1119 2420 1265 2453 immunis,
1276 2416 1495 2456 κατάπληξις,

918 2471 1063 2510 plenaque
1078 2470 1194 2498 honoris
1205 2479 1214 2505 ,-

879 2519 986 2554 Bulba,
1017 2520 1095 2558 loqui
1124 2529 1183 2547 ⁴non
1211 2518 1287 2557 quit,
1316 2515 1496 2557 τραυλίζειε

920 2574 1015 2603 muta,
1029 2568 1143 2606 pudens
1158 2571 1215 2595 est:

878 2617 1081 2657 Atflagmns,
1100 2616 1208 2650 odiosa,
1225 2614 1395 2654 loquacula,
1412 2614 1497 2654 λαμ-

921 2664 1040 2696 πάδιον
1055 2667 1104 2700 sit,
1117 2666 1175 2694 bec.
1332 2662 1452 2693 Amn.

877 2715 952 2747 659,
990 2714 1022 2743 Si
1050 2719 1126 2752 pata
1161 2718 1214 2747 est,
1245 2711 1350 2742 Veneri
1383 2712 1499 2747 similis,

835 2764 909 2804 fae]
938 2764 1038 2792 Locus
1053 2761 1144 2792 valde
1161 2761 1303 2792 affectus.
1321 2760 1386 2801 agit
1401 2760 1440 2791 de
1452 2760 1497 2791 vi-

956 2816 984 2845 D
1001 2816 1020 2845 2
