1760 3172
342 193 433 235 EX
467 193 677 235 PONTO
711 193 828 234 LIB.
862 192 899 234 Ι.
934 194 1124 235 EPIST.
1157 194 1266 236 VII.
1405 195 1490 236 383

117 309 224 357 Nec
250 315 364 356 tuus
389 316 466 356 est
490 309 682 372 genitor
705 325 793 356 nos
819 308 1063 355 inficiatus
1089 309 1289 365 amicos,

183 385 417 433 Hortator
442 386 593 433 studii
618 401 869 448 causaque
892 380 1076 448 faxque
1101 386 1197 433 mei
1217 403 1227 433 :

117 462 212 509 Cui
237 479 325 510 nos
352 470 402 510 et
425 463 686 526 lacrymas,
711 478 996 525 supremum
1019 461 1069 507 in
1094 461 1263 509 funere
1287 478 1485 519 munus,

181 539 247 587 Et
270 541 496 588 dedimus
522 540 685 588 medio
711 540 896 603 scripta
922 539 1147 586 canenda
1170 539 1290 586 foro.
1426 544 1489 587 30

114 617 258 664 Adde
283 619 417 681 quod
442 625 519 666 est
542 618 690 666 frater
714 625 853 665 tanto
878 617 967 663 tibi
987 618 1191 679 junctus
1218 632 1398 672 amore,

181 693 409 748 Quantus
435 696 484 742 in
509 695 698 742 Atridis
725 693 1121 758 Tyndaridisque
1144 692 1251 740 fuit.

116 770 166 818 Is
191 787 270 818 me
296 788 387 819 nec
413 771 661 826 comitem,
689 787 780 818 nec
806 771 1102 832 dedignatus
1129 770 1340 817 amicum
1366 777 1468 827 est;

182 847 235 894 Si
261 855 428 895 tamen
451 849 557 896 haec
582 849 652 895 illi
677 865 773 895 non
798 848 1023 895 nocitura
1046 855 1208 910 putas,

117 925 171 972 Si
193 925 371 981 minus,
388 926 480 973 hac
502 942 702 989 quoque
717 943 795 973 me
812 926 1102 973 mendacem
1118 931 1255 989 parte
1270 923 1485 971 fatebor:

182 1001 368 1050 Clausa
390 1003 510 1049 mihi
534 1003 698 1066 potius
723 1010 829 1050 tota
852 1002 923 1049 sit-
939 1002 1034 1049 ista
1057 1002 1249 1048 domus.
1426 1003 1487 1047 36

116 1078 217 1126 Sed
242 1095 405 1142 neque
429 1079 705 1127 claudenda
729 1086 831 1135 est;
861 1078 923 1148 se't
947 1079 1081 1125 nulla
1104 1078 1326 1142 potentia
1347 1077 1474 1124 vires

179 1156 474 1213 praestandi,
501 1173 563 1204 ne
589 1158 708 1221 quid
734 1146 910 1221 peedet
933 1156 1138 1211 amicus,
1166 1156 1332 1203 habet.

117 1231 183 1280 Et
196 1239 364 1280 tamen
380 1241 434 1281 ut
449 1250 698 1297 cuperem,
711 1234 908 1297 culpam
924 1250 1123 1296 quoque
1139 1249 1286 1296 posse
1302 1232 1486 1294 negari,

184 1311 267 1358 Sic
292 1311 480 1359 facinus
507 1328 650 1359 nemo
677 1311 836 1358 nescit
860 1311 1035 1358 abesse
1059 1310 1195 1356 mihi.
1426 1312 1489 1354 40

116 1386 262 1442 Quod
286 1389 380 1435 nisi
405 1388 574 1435 delicti
598 1404 711 1452 pars
737 1387 1035 1435 excusabilis
1061 1394 1208 1442 esset,

178 1464 339 1513 Parva
361 1466 567 1529 relegari
591 1482 739 1529 poena
761 1465 926 1512 futura
949 1464 1056 1511 fuit.

116 1541 234 1606 Ipse
259 1544 347 1609 sed
371 1544 464 1590 hoc
488 1543 625 1599 vidit,
653 1543 738 1606 qui
763 1543 986 1607 pervidet
1009 1541 1187 1597 omnia,
1218 1541 1402 1596 Caesar,

184 1619 457 1667 Stultitiam
481 1620 578 1666 dici
599 1620 803 1667 crimina
827 1635 973 1684 posse
998 1634 1136 1666 mea:
1427 1620 1488 1663 44

159 1821 211 1852 28.
236 1820 384 1863 Faxque]
409 1824 449 1854 Et
467 1823 582 1861 lumen,
603 1823 769 1867 splendor;

117 1875 170 1900 aut
185 1875 268 1901 certe
284 1870 374 1901 ardor
388 1877 419 1902 et
432 1872 586 1905 incitator.

159 1920 213 1950 29.
236 1920 278 1950 Et
297 1921 471 1962 lacrymas]
496 1923 538 1953 Et
558 1922 701 1959 subaudi,
717 1924 769 1953 de-

116 1969 222 2005 dimus,
248 1968 306 1999 hoc
335 1976 391 2007 est,
418 1971 599 2003 deflevimus
623 1971 770 2007 carmine,

116 2027 170 2048 seu
185 2018 332 2049 oratione.

159 2066 211 2097 30.
236 2067 277 2096 Et
291 2068 424 2099 dedimus
438 2069 558 2110 media]
585 2070 657 2100 Mos
672 2069 704 2099 in
722 2069 771 2100 fu-

117 2115 241 2146 neribus
260 2116 410 2148 laudandi
429 2118 602 2155 defunctos,
621 2118 773 2150 Romanis

116 2165 355 2196 vetustissimus.

161 2216 213 2246 33.
235 2214 354 2246 Atridis
363 2215 395 2246 h.
407 2226 434 2246 e.
445 2215 525 2247 inter
536 2216 772 2258 Agamemnona

117 2270 149 2295 et
163 2263 355 2295 Menelaum.
387 2264 555 2296 Plisthenis
566 2266 622 2296 filii
637 2266 771 2302 suerunt,

118 2312 173 2344 sed
192 2323 211 2344 a
229 2318 338 2355 patruo
354 2313 461 2349 Atreo,
476 2315 683 2356 Mycenarum
701 2326 772 2356 rege

118 2361 267 2404 adoptati,
275 2368 306 2393 et
315 2362 387 2393 hinc
400 2364 514 2394 Atridae
524 2364 611 2395 dicti.
626 2365 773 2395 HARLES.

163 2410 430 2452 Tyndaridisque]
457 2413 498 2443 Et
525 2412 558 2444 in
586 2413 713 2444 Castore
743 2419 774 2444 et

118 2458 257 2491 Polluce.

160 2509 213 2540 35.
237 2509 268 2539 Si
290 2509 412 2549 minus]
439 2509 470 2539 Si
489 2516 581 2551 putas
601 2511 668 2541 haec
689 2511 773 2541 noci-

117 2562 206 2587 tura:
233 2557 290 2588 hoc
310 2564 366 2593 est,
389 2558 414 2588 si
437 2558 602 2595 arbitraris,
617 2559 674 2589 hoc
691 2559 773 2600 quod

118 2605 199 2641 dico,
213 2605 297 2636 fratri
310 2607 417 2637 obesse
429 2617 528 2648 posse.
575 2608 646 2639 Haec
662 2620 775 2648 quoque

118 2665 173 2690 me,
189 2654 247 2685 ἃς.
291 2655 472 2691 Profitebor,
491 2655 603 2697 inquit,
616 2656 675 2687 hac
692 2657 724 2687 in
742 2668 774 2688 re

118 2703 282 2734 mentitum
303 2714 352 2734 me
374 2703 488 2735 fuisse:
514 2705 775 2746 quemadmodum

118 2751 213 2783 etiam
241 2752 281 2783 de
309 2758 339 2783 te
369 2753 444 2789 dixi,
465 2754 547 2795 quod
577 2753 672 2785 fueris
700 2754 775 2785 mihi

836 1831 965 1852 amicus.

880 1872 931 1902 36.
963 1870 1095 1910 Potius]
1132 1870 1246 1906 Quam,
1272 1868 1414 1904 subaudi,
1442 1879 1493 1899 ve·

836 1921 892 1951 lim
919 1919 1089 1961 quidquam
1115 1917 1258 1954 seribere,
1279 1923 1310 1948 et
1331 1917 1493 1949 adfirmare

838 1969 921 2011 quod
937 1969 1016 1999 obsit
1031 1967 1127 1999 fratri.

880 2019 932 2049 37.
957 2018 997 2048 Et
1018 2018 1106 2048 nulla
1126 2017 1259 2057 potentia
1279 2016 1382 2056 vires]
1410 2016 1493 2046 Nam

838 2078 934 2109 quum
959 2067 1046 2098 nulla
1069 2065 1209 2108 potentia
1233 2071 1321 2096 tanta
1346 2065 1397 2101 sit,
1423 2076 1492 2106 quae

838 2117 936 2159 possit
954 2116 1127 2158 prohibere,
1153 2115 1215 2145 sive
1239 2114 1352 2150 facere,
1377 2114 1495 2155 quomi-

840 2178 897 2197 nus
912 2166 1043 2207 alicujus
1059 2165 1185 2196 alterius
1196 2163 1312 2194 amicus
1325 2163 1494 2204 aliquando

839 2222 968 2259 peccet:
994 2226 1095 2256 neque
1111 2214 1271 2255 Augustus
1293 2212 1337 2243 ita
1353 2213 1495 2243 inhuma-

839 2277 908 2300 nus,
925 2271 979 2295 aut
995 2275 1094 2294 saevus
1114 2263 1182 2299 erit,
1198 2268 1232 2292 ut
1255 2267 1415 2303 propterea
1434 2262 1494 2293 fra-

839 2321 917 2346 trem
938 2320 1027 2345 tuum
1046 2312 1202 2355 persequi,
1221 2317 1274 2341 aut
1293 2310 1393 2341 odisse
1408 2311 1494 2346 velit,

840 2364 915 2406 quia
947 2374 1014 2404 ego,
1047 2361 1164 2393 amicus
1197 2360 1292 2396 illius,
1325 2359 1494 2401 aliquando

839 2412 980 2455 peccavi.

883 2464 934 2492 41.
964 2460 1176 2500 Ercusabilis]
1209 2459 1292 2496 Quia
1316 2458 1494 2500 impruden-

839 2519 886 2543 ter
900 2509 1040 2553 peccavi.
1088 2510 1172 2543 Quod
1196 2511 1253 2539 nisi
1275 2509 1387 2539 delicti.
1416 2508 1492 2538 Sen-

840 2572 891 2591 sus
918 2566 988 2590 est:
1023 2558 1048 2589 si
1077 2558 1185 2588 delicti
1221 2557 1282 2588 mei
1313 2556 1494 2598 magnitudo

840 2616 929 2640 tanta
957 2613 1049 2643 esset,
1076 2613 1110 2638 ut
1134 2618 1194 2637 non
1218 2611 1319 2648 posset
1341 2605 1493 2641 excusari,

841 2659 1002 2700 Augustus
1023 2668 1071 2687 me
1093 2656 1269 2693 occidisset,
1285 2662 1316 2686 et
1335 2666 1395 2687 non
1417 2655 1494 2686 rele-

842 2714 954 2749 gasset.
