1760 3172
393 175 704 218 TRISTIUM
740 175 858 216 LIB.
890 174 981 216 ΙΙΙ.
1017 175 1197 217 ELEG.
1228 175 1319 218 XI.

1468 175 1553 217 257

158 292 267 340 Nec
293 308 457 350 mora3
499 291 786 339 monstratis
816 289 1084 337 crudeliter
1109 291 1308 352 ignibus
1334 297 1495 346 ustus,

225 369 470 417 Exhibuit
495 370 731 432 querulos
757 385 840 415 ore
866 374 1111 415 tremente
1138 383 1302 414 sonos,

158 446 292 511 Quid
330 447 451 493 mihi
484 463 599 494 cum
644 445 826 493 Siculis
874 445 1002 492 inter
1046 444 1411 508 Scythiamque
1451 444 1550 492 Ge-

357 532 537 587 tasque
554 525 571 571 ἲ

1489 525 1551 570 55

224 601 304 648 Ad
328 608 392 658 te,
423 601 652 665 quisquis
679 601 720 648 is
747 617 817 657 es,
845 606 1014 653 nostra
1039 600 1245 662 querela
1269 599 1426 647 redit:

157 679 330 742 thue
358 679 493 725 sitim
519 685 688 725 nostro
714 678 877 742 possis
905 677 1110 740 explere
1136 692 1326 732 cruore,

224 756 527 819 Quantaque
549 756 638 812 vis,
667 756 811 803 avido
838 754 1021 817 gaudia
1045 754 1194 801 corde
1220 753 1377 807 feras;

155 832 252 879 Tot
276 833 407 880 mala
431 849 542 879 sum
566 832 762 895 fugiens
788 832 982 887 tellure,
1012 838 1087 878 tot
1111 846 1312 893 aequore
1338 846 1532 894 passus,

223 909 295 956 Te
322 925 523 972 quoque
550 917 606 955 ut
631 908 813 955 auditis
841 924 989 972 posse
1015 908 1183 955 dolere
1208 915 1396 970 putem.

1489 910 1554 954 60

157 986 321 1034 Crede
346 986 483 1042 mihi,
511 985 553 1033 si
579 986 644 1033 sit
668 986 811 1034 nobis
837 986 1048 1032 collatus
1076 984 1309 1048 Ulysses,

223 1064 447 1128 Neptuni
473 1064 634 1110 minor
659 1072 750 1120 est,
779 1080 932 1127 quam
959 1062 1099 1110 Jovis
1126 1063 1198 1110 ira
1222 1062 1330 1110 fuit.

156 1140 290 1203 Ergo
316 1141 625 1204 quicumque
650 1158 721 1197 es,
749 1141 1035 1189 rescindere
1058 1141 1263 1188 vulnera
1287 1140 1404 1196 noli,

225 1218 407 1282 Deque
432 1220 568 1282 gravi
594 1219 744 1266 duras
771 1219 939 1266 ulcere
966 1219 1085 1265 tolle
1110 1234 1286 1265 manus
1307 1235 1315 1265 :

158 1295 331 1359 thue
356 1313 481 1344 meae
507 1296 688 1343 famam
714 1302 926 1343 tenuent
950 1295 1132 1342 oblivia
1156 1296 1332 1358 culpae,

1489 1296 1552 1340 65

224 1372 350 1420 Fata
373 1374 659 1421 cicatricem
685 1373 869 1420 ducere
895 1379 1065 1419 nostra
1090 1372 1227 1419 sine:

156 1448 506 1515 Humanaeque
532 1467 721 1498 memor
746 1451 908 1505 sortiS‚
937 1465 1050 1512 quae
1076 1449 1205 1496 tollit
1230 1448 1450 1502 eosdem,

224 1527 291 1576 Et
314 1530 512 1593 premit,
539 1529 753 1577 incertas
779 1528 888 1592 ipse
912 1542 1082 1574 verere
1107 1526 1258 1574 vices.

155 1701 186 1727 et
201 1694 334 1727 initiare.
357 1696 451 1726 Men.
497 1696 559 1726 Vel
581 1701 615 1727 tu
633 1696 750 1738 primus
765 1707 818 1727 ex-

153 1744 265 1788 perire.
310 1744 394 1775 Nolo
419 1744 492 1776 hinc
516 1744 662 1776 discedas
680 1745 818 1787 impuni-

154 1800 215 1826 tus.
260 1794 363 1825 ΡοΝΤ.

197 1845 251 1875 54.
277 1843 423 1874 Exhibuit
450 1846 581 1886 geminos
610 1855 659 1875 ore
684 1852 819 1886 gemente

152 1893 261 1934 sonos.]
289 1893 391 1934 Nugae
409 1899 482 1924 sunt
501 1893 541 1924 de
563 1894 697 1935 geminis
714 1894 815 1924 sonis:

154 1943 209 1975 diu
224 1949 281 1979 est,
303 1942 386 1984 quod
403 1945 541 1984 querulos
562 1955 644 1975 sonos
666 1954 817 1986 reponen-

154 1993 229 2024 dum
246 1992 298 2023 hic
313 1992 376 2023 vidi
390 2005 397 2031 ;
421 1992 517 2035 idque
541 1993 682 2035 quinque
698 1999 819 2025 veteres

155 2042 349 2074 confirmant.
363 2042 456 2073 Trist.
473 2054 502 2073 v.
521 2043 571 2074 El.
587 2043 608 2074 i.
622 2044 681 2074 53:

198 2091 265 2132 Ipse
296 2092 426 2123 Perilleo
454 2093 598 2124 Phalaris
622 2096 757 2134 permisit
788 2095 817 2123 in

285 2152 342 2172 aere

244 2190 342 2221 Edere
356 2193 501 2233 mugitus,
517 2199 546 2223 et
562 2194 639 2223 bovis
652 2203 700 2222 ore
715 2194 810 2232 queri.

659 2242 777 2272 mes.

199 2290 252 2321 57.
280 2289 376 2331 thue
389 2292 468 2321 sitim
488 2298 586 2322 nostro
601 2293 690 2331 possis
705 2292 820 2331 explere

155 2338 290 2378 cruore-J
316 2338 491 2375 Hierocles,
507 2351 604 2381 quum
620 2340 756 2371 Bizantii
772 2351 820 2371 es-

155 2393 202 2419 set
225 2386 346 2428 judicio
370 2387 551 2426 damnatus,
572 2395 604 2420 et
626 2389 722 2430 virgis
746 2400 819 2420 con-

157 2435 253 2471 cisus,
284 2441 432 2467 manante
462 2447 501 2468 ex
531 2448 657 2480 corpore
683 2438 821 2469 lacerato

156 2485 309 2526 sanguine
320 2485 460 2527 judicem
472 2486 636 2528 adspersit,
653 2488 822 2529 subjiciens

155 2534 236 2564 illud
258 2534 380 2576 Ulyssis
402 2535 486 2577 apud
501 2536 684 2573 Homerum,
701 2537 818 2579 Odyss.

162 2586 190 2613 I.
206 2583 268 2613 347
283 2595 289 2613 :

201 2631 361 2672 Κύκλωψ,
376 2633 429 2674 τῇ,
448 2634 503 2664 πῒε
519 2634 622 2670 οἶνον,
639 2634 707 2665 ἐπεὶ
720 2633 820 2676 φάγες

244 2679 407 2723 ἀνδρόμεα
421 2681 508 2723 κρέα.

202 2730 254 2761 62.
290 2730 422 2770 Neptuni
449 2734 547 2762 minor·
575 2740 613 2762 es!
638 2733 714 2773 irin]
756 2732 819 2762 Ho—

203 2784 303 2829 vor„
332 2784 376 2815 Π.

890 1707 966 1728 mer.
987 1696 1103 1737 Odyss.
1122 1698 1159 1730 E,
1175 1699 1206 1724 et
1219 1693 1337 1734 Odyss.
1351 1695 1381 1724 N
1397 1703 1404 1721 z

933 1746 1084 1785 Perpetuo
1119 1746 1203 1775 rebus
1235 1750 1322 1783 puter
1361 1742 1556 1783 Ennosigaeus

979 1801 1096 1841 Ulyssis

931 1851 1074 1880 Additus.

890 1899 987 1934 Quam
1003 1899 1097 1929 Joz-is.
1122 1899 1226 1935 Quam
1244 1896 1390 1938 Augusti.
1429 1896 1555 1926 Rescin-

886 1951 968 1980 clere.
994 1949 1069 1980 Noli
1093 1948 1208 1979 iterum
1226 1947 1358 1979 crimina
1378 1956 1448 1977 mea
1471 1946 1555 1976 lace-

887 1999 985 2029 rando
1000 2008 1256 2033 commemorare,
1273 2003 1304 2027 et
1318 2001 1498 2027 retractare.

932 2049 984 2080 63.
1010 2049 1191 2079 Rescindere
1215 2049 1343 2078 crimina
1359 2047 1432 2083 noli,
1452 2046 1556 2086 Deque

884 2100 975 2141 gravi
991 2100 1084 2129 duras
1107 2099 1232 2128 vulnere
1247 2098 1316 2128 tolle
1332 2095 1466 2135 manus]
1494 2095 1554 2126 Re-

887 2149 1021 2178 scindere
1031 2148 1157 2178 vulnera
1166 2157 1279 2188 repone
1293 2156 1364 2176 eum
1375 2144 1556 2175 melioribus

889 2196 1055 2227 duodecim
1069 2209 1075 2226 :
1101 2206 1172 2226 nam
1190 2195 1324 2226 alterum
1338 2194 1390 2224 vix
1407 2193 1555 2224 Latinum

888 2251 945 2277 est.
1005 2245 1066 2276 Sed
1103 2244 1235 2275 offendit
1268 2244 1368 2274 bonos
1400 2252 1554 2277 censores,

889 2295 972 2337 quod
987 2297 1024 2327 τὸ
1041 2297 1166 2326 vulnere
1182 2292 1327 2334 sequenti
1344 2303 1433 2323 versu
1452 2291 1554 2322 denuo

888 2345 1074 2376 obcurrebat
1089 2357 1094 2374 :
1119 2343 1185 2379 ubi,
1201 2343 1252 2373 vel
1266 2342 1373 2372 invitis
1388 2340 1487 2376 libris,
1503 2342 1554 2371 ul-

888 2405 953 2424 cere
983 2393 1209 2435 refingendum.
1267 2392 1386 2422 mes.
1433 2390 1552 2431 Symm-

887 2442 942 2473 lib.
958 2442 981 2473 i.
998 2443 1056 2484 Ep.
1070 2453 1086 2473 c
1101 2454 1106 2471 :
1128 2441 1324 2482 Nefariunae
1340 2441 1477 2475 vulnera,
1491 2450 1553 2479 quoe

888 2493 1057 2522 cicatricem
1091 2501 1227 2530 processu
1256 2491 1394 2529 temporis
1424 2491 1554 2524 ducunt,

888 2542 1091 2580 intempestive
1106 2546 1263 2571 contractu
1279 2540 1470 2569 crudescant.

933 2589 986 2619 67.
1017 2589 1221 2628 Ηιηηαηιεᾳιιε
1240 2599 1347 2618 memor
1363 2588 1460 2621 sortis,
1479 2598 1553 2627 quet,

888 2639 963 2678 δια]
983 2638 1159 2674 juvenalis,
1175 2638 1242 2668 Sat.
1257 2637 1311 2668 vii.
1328 2647 1391 2667 ver.
1411 2637 1481 2667 197.
1492 2648 1540 2678 sq.

934 2687 965 2716 Si
974 2687 1110 2728 fortuna
1132 2687 1285 2726 volet.fies
1299 2688 1334 2716 (lc
1351 2686 1464 2716 rhetore
1484 2697 1552 2716 con-

977 2737 1046 2773 sul)-

1038 2790 1058 2820 S
