1760 3172
364 163 454 204 EX
488 163 700 206 PONTO
735 165 854 206 LIB.
890 166 981 208 III.
1016 167 1208 210 EPIST.
1243 169 1333 211 III.

1457 172 1543 213 455

154 278 455 341 Adjectique
479 281 692 342 probent
717 280 934 343 genitiva
958 283 1021 329 ad
1046 283 1246 331 nomina
1273 284 1453 341 Cottae,

221 355 274 401 Si
300 362 355 402 tu
380 372 478 403 non
503 373 657 413 esses,
685 358 944 406 interitura
968 360 1164 408 domus.

155 431 318 495 Digne
341 433 414 480 vir
436 434 528 481 hac
555 435 696 491 serie,
724 436 865 499 lapso
892 454 1177 486 succurrere
1203 439 1361 487 amico

220 509 535 558 Conveniens
560 511 667 559 istis
693 513 912 561 moribus
939 531 1050 562 esse
1076 521 1213 578 puta.

1448 520 1539 564 llO

536 835 997 884 EPISTOLA
1048 838 1146 885 ΙΙΙ.

585 959 780 1001 FABIO
814 960 1099 1002 MAXIMO.

151 1061 210 1108 Sr
237 1069 381 1109 vacat
405 1062 640 1124 exiguum
666 1061 872 1125 profugo
899 1062 1017 1110 dare
1042 1070 1240 1127 tempus
1266 1064 1442 1120 amico,

218 1137 261 1184 O
289 1139 425 1185 sidus
452 1138 636 1194 Fabiae,
665 1137 906 1195 Maxime,
934 1140 1112 1202 gentiS‚
1142 1141 1289 1188 ades:

150 1215 285 1262 Dum
310 1216 399 1263 tibi
422 1233 533 1280 quae
558 1217 658 1263 vidi
684 1217 920 1274 referam;
953 1234 1040 1265 seu
1065 1218 1284 1282 corporis
1310 1219 1500 1275 umbra,

216 1294 317 1342 Seu
342 1296 442 1343 veri
468 1296 678 1359 species,
706 1313 794 1343 seu
814 1296 907 1342 fuit
931 1295 1014 1342 ille
1039 1312 1202 1359 sopor.

148 1371 267 1419 Nox
293 1380 425 1421 erat:
454 1381 505 1422 et
522 1374 704 1422 bifores
728 1374 946 1421 intrabat
972 1373 1113 1420 Luna
1135 1373 1394 1429 fenestras,
1506 1377 1535 1421 5

213 1449 393 1498 Mense
418 1451 518 1499 fere
543 1451 708 1499 medio
734 1458 921 1514 quanta
946 1450 1103 1498 nitere
1129 1450 1271 1498 solet.

147 1526 360 1575 Publica
384 1545 462 1576 me
488 1529 686 1592 requies
712 1543 940 1576 curarum
965 1543 1166 1574 somnus
1192 1527 1425 1585 habebat,

215 1604 448 1668 Fusaque
474 1613 614 1653 erant
637 1613 740 1653 toto
765 1605 1002 1668 languida
1025 1604 1250 1651 membra
1274 1612 1380 1652 toro
1400 1622 1409 1653 :

148 1682 316 1738 Quum
341 1683 505 1730 subito
532 1684 707 1747 pennis
734 1683 946 1746 agitatus
973 1682 1214 1729 inhorruit
1239 1698 1337 1737 aer,

215 1760 283 1807 Et
303 1761 492 1823 gemuit
516 1777 665 1824 parvo
690 1767 826 1807 mota
849 1759 1067 1807 fenestra
1091 1775 1227 1806 sono.
1477 1763 1536 1807 10

145 1837 366 1886 Territus
388 1838 437 1885 in
456 1839 682 1886 cubitum
703 1839 866 1886 relevo
885 1853 996 1885 mea
1015 1838 1239 1885 membra
1260 1837 1532 1893 sinistrum,

212 1915 397 1976 Pulsus
423 1923 474 1963 et
498 1933 525 1964 e
550 1916 745 1980 trepido
771 1923 974 1980 pectore
1001 1931 1203 1963 somnus
1230 1915 1350 1962 abit.

144 2097 204 2117 mae
219 2086 304 2128 apud
316 2086 479 2118 Maffeios:
505 2088 543 2118 P.
557 2088 722 2118 VALEsrus
739 2088 806 2119 Vo—

146 2148 226 2168 uzsr.
252 2137 287 2167 F.
309 2136 522 2175 PopmeoLA.;
551 2147 645 2179 quam
673 2137 805 2179 scriptu-

144 2196 210 2216 ram
233 2185 406 2228 Dionysius
434 2187 695 2217 Halicarnasseus
726 2198 804 2228 quo-

145 2245 205 2276 que
227 2240 258 2265 et
273 2235 461 2266 Plutarchus
479 2241 668 2277 agnoscunt:
695 2241 803 2277 postea

144 2283 256 2315 Volusi
279 2289 312 2315 et
325 2284 446 2316 Valerii
464 2285 550 2322 dicti,
567 2285 621 2326 qui
638 2285 757 2316 Volesii
772 2292 803 2316 et

145 2332 266 2363 Valesii
275 2333 385 2375 primo.
408 2334 526 2366 Hiems.
566 2334 685 2365 Volesus
697 2341 804 2365 auctor

141 2385 239 2422 patrii
253 2385 389 2414 nominis.
425 2384 455 2414 A
467 2384 585 2416 Voleso
601 2384 684 2414 enim
698 2389 802 2425 pater-

144 2442 220 2463 num
241 2443 340 2474 genus
363 2433 456 2464 traxit
471 2433 574 2464 Cotta.
612 2432 684 2464 Fuit
699 2439 804 2464 autem

144 2482 278 2513 Volesus
299 2482 443 2519 Sabinus,
460 2482 514 2524 qui
536 2493 609 2513 cum
629 2482 721 2513 Tatio
737 2483 804 2513 Ro-

145 2541 229 2562 mam
243 2532 340 2563 venit.

188 2581 260 2612 106.
290 2581 395 2613 Numa
420 2581 600 2622 maternus]
641 2580 804 2612 Secundus

142 2641 195 2661 rex
219 2631 433 2662 Romanorum
454 2631 562 2662 Numa
586 2630 772 2672 Pompilius,
787 2640 805 2660 a

144 2691 206 2721 quo
240 2691 293 2722 per
324 2687 453 2712 matrem
491 2680 627 2711 ducebat
654 2679 805 2721 originem

145 2729 248 2761 Cotta.
297 2730 366 2761 Esse
394 2741 469 2761 suos.
503 2729 588 2766 Quia
613 2729 707 2760 Cotta
741 2735 806 2759 erat

874 2087 1044 2128 religiosus,
1072 2092 1102 2117 et
1127 2086 1173 2117 vir
1198 2086 1309 2122 bonus,
1336 2086 1537 2127 quemadmo-

873 2136 947 2167 dum
963 2136 1022 2167 fuit
1037 2136 1143 2166 Numa
1158 2146 1223 2166 rex.

920 2186 990 2216 107.
1008 2185 1150 2216 Genitira
1162 2186 1322 2226 agnomina
1342 2183 1460 2224 Coma]
1486 2185 1536 2215 Ad

872 2237 992 2266 nomina
1022 2241 1143 2265 veteres
1180 2233 1345 2275 plerique;
1382 2238 1413 2264 et
1441 2239 1537 2264 recte.

871 2283 980 2314 Innuit
1007 2283 1101 2314 etiam
1129 2281 1294 2324 adoptione
1318 2281 1351 2311 in
1372 2281 1535 2312 Aureliam

871 2333 1033 2364 Cottarum
1055 2331 1208 2364 familiam
1234 2331 1392 2362 transisse.
1430 2331 1537 2361 Hirm-

873 2393 955 2413 SIUS.

919 2432 990 2461 109.
1008 2430 1076 2461 Hac
1091 2430 1193 2470 seria]
1221 2430 1289 2460 Hoc
1302 2430 1453 2460 virtutum
1466 2434 1535 2460 tua—

872 2491 939 2511 rum
961 2479 1067 2510 ordine
1081 2491 1089 2517 3
1105 2479 1166 2514 vel,
1183 2478 1268 2519 quod
1293 2478 1393 2520 magis
1413 2478 1532 2520 placet,

872 2530 930 2560 hac
946 2529 1098 2570 majorum
1113 2527 1242 2568 origine.

918 2629 947 2658 7.
976 2627 1105 2657 Publica
1130 2628 1243 2667 requies
1267 2625 1440 2665 curarum]
1469 2625 1534 2656 Re-

874 2677 961 2719 quies
972 2688 1042 2718 quae
1052 2676 1224 2707 communis
1233 2681 1279 2706 est
1288 2674 1444 2706 omnibus.
1466 2675 1534 2706 Ha-

875 2730 970 2758 bebat.
996 2727 1102 2756 Alebat
1118 2725 1302 2756 Medonian.
1315 2724 1406 2755 alter.

1004 2776 1033 2805 G
1051 2787 1069 2806 G
1090 2776 1107 2804 4
