1760 3172
478 181 899 225 MEDICAMINA
931 180 1162 223 FACIEI.

1432 185 1516 226 133

128 298 174 345 Ν
180 314 236 345 ec
260 314 463 345 cerussa
484 299 591 356 tibi,
619 315 711 346 nec
737 297 850 344 nitri
875 312 1053 360 spuma
1078 297 1300 344 rubentis

194 376 355 432 Desit,
383 383 433 424 et
457 376 660 441 Illyrica
687 392 799 439 quae
824 374 958 422 venit
983 374 1066 420 iris
1091 374 1260 420 humo.

127 452 207 500 Da
229 453 403 501 validis
423 455 662 517 juvenum
686 452 871 518 pariter
897 451 1175 513 subigenda
1199 451 1396 498 lacertis
1416 469 1424 500 :
1452 455 1513 500 75

194 530 296 577 Sed
313 532 506 593 justum
530 532 657 578 tritis
682 529 830 576 uncia
854 528 1048 592 pondus
1075 527 1182 574 erit.

124 605 312 654 Addita
334 608 397 654 de
423 608 630 670 querulo
655 607 909 654 volucrum
934 604 1266 651 medicamina
1290 605 1406 652 nido

193 683 293 730 Ore
318 683 493 746 fugant
516 683 736 731 maculas
760 700 769 730 :
811 681 1107 745 Halcyonea
1130 689 1326 729 vocant.

127 760 371 816 Pondere,
399 761 440 807 si
466 761 664 824 quaeris,
692 777 791 823 quo
818 760 911 806 sim
937 766 1201 806 contentus
1228 760 1277 806 in
1303 759 1399 806 illis
1422 779 1431 817 ;

191 836 339 891 Quod
362 837 512 884 trahit
536 837 584 883 in
609 844 776 901 partes
802 837 949 883 uncia
973 843 1118 883 sexta
1141 837 1282 883 duas.
1453 841 1515 884 80

126 913 196 960 Ut
219 915 409 970 coeant,
436 921 653 978 apteque
674 915 759 961 lini
785 931 874 978 per
898 930 1105 977 corpora
1129 914 1338 978 possint,

190 990 369 1054 Adjice
393 991 457 1039 de
481 992 620 1038 flavis
645 992 816 1039 Attica
840 992 989 1038 mella
1011 991 1150 1038 favis,

125 1067 362 1121 Quamvis
386 1075 498 1115 tura
523 1068 675 1125 Deos,
703 1068 927 1131 irataque
949 1067 1155 1114 numina
1178 1068 1379 1130 placent
1400 1086 1410 1125 ;

192 1144 239 1191 N
243 1162 307 1192 on
330 1152 498 1193 tamen
524 1145 747 1193 accensis
774 1145 941 1192 onmia
964 1144 1131 1191 danda
1155 1144 1296 1191 focis.

122 1221 225 1269 Tus
250 1223 335 1269 ubi
360 1223 617 1270 miscueris
643 1222 835 1270 radenti
860 1223 1036 1270 tubera
1060 1223 1216 1279 nitro;
1453 1225 1515 1270 85

191 1300 505 1348 Ponderibus
524 1302 676 1364 justis
701 1300 778 1348 fac
805 1300 869 1348 sit
893 1301 1146 1363 utrimque
1171 1299 1340 1346 triens.

164 1490 219 1520 73.
251 1489 366 1531 Nur—L]
397 1490 476 1520 Vitri
496 1489 648 1520 editiones
672 1490 782 1532 priscae

119 1544 153 1570 et
184 1539 290 1581 scripti
323 1546 405 1570 octo.
440 1539 555 1570 nitrum
588 1540 651 1570 fuci
686 1551 785 1581 genus

122 1588 207 1630 apud
230 1588 432 1620 Theocritum
461 1588 548 1619 initio
573 1590 783 1630 Syracusano-

122 1648 202 1668 rum.
247 1638 370 1669 Hnms.

165 1688 218 1718 74.
242 1686 333 1728 Iris.]
361 1687 436 1718 Vid.
453 1686 560 1718 Rhod.
577 1687 616 1717 ad
637 1687 781 1718 Scribon.

119 1736 213 1777 Larg.
231 1747 302 1778 cap.
320 1736 397 1767 xliv.
414 1736 534 1766 lxxxix.
551 1742 581 1766 et
597 1735 684 1766 alibi.

164 1785 218 1816 75.
233 1785 413 1826 Juvenum]
432 1785 643 1816 Ancillarum.
684 1786 782 1817 MAR.

165 1835 218 1865 76.
242 1834 299 1865 Sed
309 1834 466 1874 justum]
500 1834 542 1864 Ec
564 1845 657 1865 unus.
686 1835 782 1876 Lege,

123 1884 326 1924 Quisjustum
343 1885 433 1914 tritis.
478 1883 598 1914 mes.

164 1934 215 1964 77.
235 1934 351 1964 Addita
365 1933 432 1974 clm]
458 1932 496 1963 Id
511 1939 571 1970 est,
585 1933 675 1964 adde.
720 1934 781 1965 Sed

119 1982 235 2013 rectius
258 1983 423 2023 legeretur,
445 1983 558 2012 Addita
583 1984 619 2012 de
643 1984 779 2022 querulo.

119 2031 321 2067 Permisceto‚
353 2030 467 2072 inquit,
496 2036 528 2061 et
561 2030 781 2072 Halcyoneum

117 2080 401 2111 medicamentum:
426 2080 465 2110 de
482 2090 543 2121 quo
566 2080 610 2110 sic
635 2080 678 2110 ait
693 2080 778 2111 Plin.

117 2128 174 2159 lib.
194 2130 248 2160 32.
283 2129 334 2159 Fit
355 2136 383 2159 et
402 2131 480 2159 mari
500 2129 710 2169 Halcyoneum
724 2140 778 2168 ap-

115 2180 263 2218 pellatum
278 2190 311 2209 ex
324 2181 404 2210 nidis
414 2179 466 2220 (ut
481 2179 577 2219 aliqui
590 2180 778 2219 existimant)

118 2228 298 2269 halcyonum
313 2235 343 2259 et
357 2240 499 2269 ceycum:
522 2234 556 2259 ut
573 2229 639 2264 alii,
656 2239 670 2258 e
685 2230 779 2259 sordi-

119 2277 171 2307 bus
194 2289 368 2317 spumarum
397 2278 658 2308 crassescentibus:
693 2279 779 2308 aliie

119 2327 198 2364 limo,
208 2328 253 2359 vel
261 2329 389 2368 quadam
400 2328 491 2358 maris
504 2328 662 2368 lanugine.
697 2327 781 2361 Qua-

121 2381 189 2406 tuor
215 2378 279 2416 ejus
296 2387 430 2418 genera.-
468 2378 619 2407 cinereum
645 2377 778 2415 spissum,

117 2426 214 2455 odoris
238 2427 356 2465 asperi:
394 2426 524 2455 alterum
556 2426 642 2455 molle
672 2426 780 2461 lenius,

119 2475 205 2504 odore
219 2473 293 2515 fere
314 2475 408 2515 algoe:
445 2476 568 2504 tertium
594 2475 780 2504 candidioris

116 2524 293 2553 vermiculi:
320 2529 462 2563 quartum
482 2524 672 2562 pumicosius,
693 2533 778 2562 spon-

114 2573 228 2614 giaeque
250 2574 334 2611 putri
358 2573 462 2608 simile,
482 2583 557 2612 pene
579 2583 778 2612 purpureum.

119 2621 207 2656 Quod
227 2623 379 2661 optimum,
405 2623 437 2652 id
463 2629 491 2652 ec
515 2622 670 2652 Milesium
693 2632 778 2652 voca·

118 2677 188 2701 tur.-
212 2681 268 2711 quo
287 2672 448 2701 candidius
470 2677 581 2707 autem,
605 2671 656 2701 hoc
680 2673 779 2701 minus

113 2721 265 2759 probabile
292 2727 344 2751 est.
401 2719 583 2762 Legendum
611 2730 649 2751 ex
679 2720 778 2751 altero

852 1489 944 1520 Maff.
980 1491 1095 1519 Addita
1116 1490 1152 1519 de
1167 1490 1302 1529 querulo,
1318 1490 1377 1519 διε.
1423 1489 1516 1520 Cmr.

853 1539 919 1580 Ego
948 1539 1072 1569 Ciofani
1104 1539 1271 1569 lectionem
1300 1538 1414 1580 recepi,
1444 1549 1514 1580 quae

851 1586 1041 1618 sententiam
1062 1588 1157 1618 efficit
1177 1587 1397 1623 rotundiorem,
1417 1588 1517 1618 Nidus

852 1639 996 1678 querulus
1011 1644 1078 1668 vveru
1089 1639 1189 1668 dictus
1204 1648 1258 1679 pro
1268 1637 1375 1679 pullis.
1393 1637 1514 1668 Glossae

852 1692 981 1723 veteres,
998 1685 1155 1723 Νέοσσος.
1180 1688 1278 1722 nidus,
1294 1688 1408 1725 pullas.
1435 1687 1514 1720 Que-

852 1738 935 1766 rnlas
957 1738 1054 1766 domos
1077 1735 1157 1766 dixit
1177 1736 1347 1766 Claudiam.
1367 1736 1458 1778 praef.
1475 1736 1515 1767 ad

850 1785 894 1816 iii.
911 1785 1004 1816 Cons.
1019 1785 1140 1815 Honor.
1157 1795 1237 1815 vers.
1254 1787 1285 1815 5.
1330 1786 1450 1815 BURM.

895 1836 947 1866 80.
982 1835 1064 1869 Quas
1092 1834 1218 1874 trahit]
1254 1835 1437 1875 Legendum
1467 1841 1514 1866 est

849 1896 886 1916 ex
911 1883 1129 1914 vetustissimis
1151 1884 1384 1925 exemplaribus
1414 1885 1511 1921 Quod,

848 1934 970 1965 scilicet
984 1933 1119 1974 pondus.
1165 1933 1264 1964 Min.

892 1984 946 2013 81.
976 1982 1017 2012 Ut
1038 1985 1142 2013 co'e'ant
1163 1989 1286 2022 apteque
1310 1984 1364 2013 lini
1377 1994 1431 2022 per
1447 1994 1511 2012 car-

846 2044 920 2072 pora
939 2032 1080 2072 possint]
1110 2031 1182 2061 Lini
1206 2042 1327 2073 expone
1351 2042 1406 2073 pro
1432 2031 1511 2062 illini

848 2087 880 2113 et
904 2081 1025 2122 inungi,
1046 2092 1108 2111 non
1134 2091 1189 2122 per
1213 2081 1312 2111 lineas
1336 2081 1453 2117 induci,
1479 2088 1513 2112 ut

848 2136 1086 2162 commentatur.
1131 2131 1258 2161 M1cYL.

891 2182 942 2211 85.
969 2179 1114 2220 Tubera.j
1141 2180 1230 2210 Male
1250 2179 1341 2210 multi
1357 2190 1394 2209 ex
1414 2179 1510 2222 scrip-

848 2229 888 2260 tis
913 2231 1061 2260 radianti.
1094 2228 1172 2259 illud
1202 2239 1273 2259 vero
1300 2233 1395 2263 recte,
1425 2229 1510 2269 quod

849 2279 987 2320 quinque
1009 2277 1173 2313 exhibent,
1194 2279 1315 2307 ¹radenti
1334 2279 1437 2307 tubera
1464 2280 1510 2307 ni-

849 2335 905 2358 tro.
920 2328 1055 2358 RIetam.
1066 2326 1131 2357 viii.
1147 2327 1220 2357 808.
1238 2328 1390 2356 immodico
1403 2329 1509 2366 prodi-

848 2378 917 2407 bant
935 2378 1037 2406 tubere
1053 2378 1118 2406 tali.
1144 2378 1248 2406 tubera
1271 2375 1321 2406 hic
1336 2376 1440 2416 posuit
1454 2386 1510 2417 pro

846 2425 1030 2460 furunculis,
1063 2425 1196 2466 papulis,
1230 2424 1438 2466 pustullsque.
1470 2425 1510 2455 de

847 2475 906 2505 hac
928 2474 1000 2504 nitri
1026 2474 1055 2504 vi
1077 2474 1147 2504 vide
1170 2473 1319 2507 Plinium,
1345 2473 1401 2503 lib.
1424 2474 1510 2504 xxxi.

847 2534 916 2565 cap.
933 2535 965 2554 x.
986 2526 1103 2559 radere,
1118 2534 1171 2565 pro
1194 2523 1330 2553 eradere.
1354 2527 1388 2552 ut
1403 2523 1509 2553 monui

846 2572 954 2602 Amor.
969 2571 1023 2602 lib.
1040 2571 1083 2601 iii.
1100 2571 1189 2612 Eleg.
1202 2571 1261 2601 ult.
1281 2572 1384 2601 radere
1404 2573 1511 2602 tubera

846 2621 942 2652 etiam
957 2621 1122 2652 Juvenalis
1133 2621 1222 2657 dixit,
1238 2620 1293 2652 sed
1306 2620 1344 2651 de
1356 2626 1444 2652 terrae
1460 2626 1510 2653 tu·

845 2671 985 2702 beribus.
1030 2670 1148 2701 mes.

919 2771 993 2801 Κ3
