1760 3172
390 187 481 228 EX
514 185 725 227 PONTO
760 184 880 225 LIB.
915 184 951 224 I.
987 184 1179 225 EPIST.
1215 184 1280 225 II.
1443 185 1530 226 363

145 305 408 367 Quamque
433 302 615 349 dedere
641 300 760 347 mihi
786 299 1056 363 praesentia
1080 300 1283 346 numina
1306 300 1473 354 vitain,

214 381 329 428 Non
353 380 541 428 adimat
565 379 738 426 stricto
763 377 1041 441 squallidus
1068 392 1188 424 ense
1215 377 1389 425 Getes.

147 459 396 522 Denique,
424 458 465 505 si
490 457 684 512 moriar,
713 457 927 504 subeant
952 455 1178 519 pacatius
1204 470 1372 501 arvum

1441 458 1530 501 109

215 536 362 593 Ossa,
389 552 482 582 nec
507 551 537 582 a
563 534 804 598 Scythica
824 539 996 579 nostra
1018 539 1307 595 premantur
1331 531 1480 578 humo
1504 549 1513 578 :

148 613 195 660 N
201 629 257 661 ec
282 614 412 660 male
436 612 756 676 compositOS‚
784 618 838 657 ut
863 610 1054 658 scilicet
1078 609 1253 656 exsule
1280 608 1502 670 dignum,

212 690 427 737 Bistonii
452 690 642 737 cineres
668 687 856 750 ungula
878 687 1044 751 pulset
1069 686 1214 749 equi:

148 766 215 815 Et
238 784 315 824 ne,
344 768 384 814 si
410 774 638 831 superest
663 765 853 829 aliquid
878 772 992 828 post
1014 764 1190 811 funera
1214 780 1406 818 sensus,

214 844 419 892 Terreat
442 845 522 891 hic
547 860 718 891 manes
738 840 987 890 'Sarmatis
1013 842 1187 889 umbra
1211 857 1366 888 meos.

152 921 369 969 Caesaris
391 922 500 968 haec
527 921 745 968 animum
766 926 996 984 poterant
1013 919 1183 966 audita
1202 935 1414 974 movere,
1450 922 1462 965 l
1483 922 1538 965 15

215 999 440 1047 Maxime
462 1018 473 1057 ;
514 999 787 1046 movissent
811 999 852 1044 si
878 1005 1046 1045 tamen
1071 1004 1188 1044 ante
1213 1003 1372 1043 tuum.

148 1076 278 1133 Vox,
303 1092 495 1140 precor,
523 1075 779 1138 Augustas
804 1091 893 1139 pro
918 1091 997 1122 me
1023 1081 1110 1121 tua
1133 1074 1324 1121 molliat
1349 1090 1507 1129 aures,

215 1153 420 1201 Auxilio
445 1153 653 1217 trepidis
680 1170 792 1216 quae
818 1154 946 1200 solet
971 1168 1081 1200 esse
1107 1152 1202 1199 reis
1223 1169 1231 1198 :

150 1231 480 1294 Adsuetaque
505 1232 595 1279 tibi
621 1232 781 1278 doctae
808 1231 1072 1278 dulcedine
1096 1229 1278 1291 linguae

219 1309 470 1372 AEquandi
499 1308 704 1373 Superis
728 1315 933 1372 pectora
957 1308 1103 1355 flecte
1127 1306 1232 1354 viri.

1450 1310 1541 1353 120

154 1385 269 1434 Non
289 1387 380 1434 tibi
403 1386 765 1442 Theromedon,
790 1386 1034 1433 crudusve
1060 1384 1314 1447 rogabitur
1340 1382 1538 1440 Atreus,

221 1464 422 1528 Quique
448 1465 549 1512 suis
575 1465 798 1513 homines
824 1464 1008 1529 pabula
1031 1462 1149 1510 fecit
1173 1461 1316 1525 equis
1337 1478 1346 1508 :

199 1617 272 1646 108.
298 1615 474 1656 Squallidus
495 1616 610 1656 Getes]
638 1616 735 1647 Getes
755 1615 814 1645 im-

155 1664 299 1701 mundus,
318 1664 472 1701 horridus,
489 1670 522 1695 et
536 1664 689 1707 impexus.

200 1715 274 1745 109.
298 1714 423 1744 Subeam
435 1716 574 1754 pacatius
586 1713 720 1754 arrum]
747 1714 818 1743 Ma-

155 1763 209 1794 lim
227 1765 352 1795 subeant
370 1774 442 1794 cum
457 1774 519 1794 uno
534 1763 712 1799 Haffiiensi,
728 1770 763 1794 ut
778 1763 818 1794 ad

155 1824 217 1844 ossa
230 1813 395 1845 reseratur.
442 1813 560 1844 Hmss.

202 1864 274 1895 Ill.
291 1863 375 1894 Male
386 1865 552 1903 compositos
564 1863 704 1903 cineres]
731 1862 818 1892 Male

158 1913 308 1956 sepultos.

203 1963 275 1993 112.
292 1962 422 1993 Bistonii
435 1962 531 2003 equi]
559 1962 642 2004 Equi
654 1961 818 1997 Getarum,

157 2012 323 2043 Thraciam
357 2012 571 2043 incolentium.
627 2012 684 2042 Est
714 2018 819 2042 autem

160 2061 331 2092 Bistonium
344 2067 491 2103 stagnum
506 2062 540 2092 in
552 2061 698 2092 Thracia.

205 2112 276 2142 113.
299 2111 332 2141 Si
351 2118 482 2151 superest
505 2112 615 2152 aliquis
637 2111 763 2151 sensus]
789 2111 821 2141 Si

158 2165 300 2203 superest
326 2160 431 2191 anima
458 2166 529 2202 post
555 2165 696 2191 mortem.
742 2159 820 2190 Ani-

159 2219 243 2240 mam
259 2214 364 2240 autem
381 2209 600 2251 sempiternam
613 2219 691 2245 esse,
704 2208 822 2251 primus

160 2258 298 2289 omnium
327 2258 407 2289 dixit
432 2257 631 2300 Pherecydes
657 2258 762 2300 Syrus,
787 2265 822 2288 ut

160 2313 208 2338 est
221 2312 330 2338 auctor
345 2307 414 2338 Cic.
428 2307 461 2338 in
474 2307 530 2338 lib.
544 2307 566 2337 i.
580 2307 674 2338 Tusc.
690 2308 810 2344 Quaest.

208 2357 282 2387 116.
300 2356 464 2387 Movissent
476 2359 501 2387 si
514 2363 613 2387 tamen
628 2365 697 2387 anre
709 2355 822 2396 tuum]

161 2406 194 2437 Si
209 2411 326 2442 tamen,
339 2417 357 2437 o
370 2405 524 2441 Maxime,
540 2416 579 2437 ea
592 2406 755 2436 flexissent
770 2415 824 2436 an-

161 2460 215 2486 tea
246 2461 382 2486 mentem
416 2461 502 2486 tuam
521 2468 529 2494 3
567 2455 728 2491 Horatius,
763 2465 825 2485 ver.

166 2506 238 2536 102.
249 2504 320 2535 Art.
334 2505 424 2535 Poet.

294 2554 326 2584 Si
340 2555 384 2584 vis
397 2554 538 2595 meflere,
555 2554 712 2584 dolendum
730 2560 771 2582 est

252 2603 389 2633 Primum
405 2605 463 2643 ipse
478 2604 542 2633 tibi.

213 2653 282 2682 121.
300 2651 526 2691 Theromedon]
548 2651 598 2682 Sic
615 2661 739 2692 quoque
755 2649 825 2680 cod.

166 2703 284 2733 Bavar.
304 2701 374 2732 aJiis
392 2701 616 2736 Therodamas,
640 2699 754 2731 dicitur
777 2699 824 2730 fu-

165 2751 225 2782 isse
243 2762 297 2782 rex
316 2751 466 2793 Scythiae,
487 2751 552 2792 qui,
570 2760 607 2780 ne
623 2760 676 2791 per
697 2748 827 2779 insidias

884 1614 1090 1650 occideretur,
1106 1614 1213 1644 leones
1226 1611 1382 1648 habuerit,
1398 1623 1476 1653 quos
1491 1612 1547 1642 hu-

884 1663 984 1694 manis
1004 1662 1184 1704 corporibus
1205 1667 1235 1692 et
1259 1661 1409 1701 sanguine
1425 1660 1547 1696 aluerit,

884 1724 946 1755 quo
971 1712 1071 1754 magis
1094 1711 1248 1742 saevirent.
1280 1709 1374 1741 Ovid.
1396 1710 1428 1740 in
1454 1710 1545 1741 Ibide

886 1775 917 1793 ν.
935 1763 1009 1793 383.
1055 1761 1203 1791 Hmmzs.

939 1812 1115 1850 Crudusque
1145 1812 1304 1852 rogabitur
1328 1809 1467 1849 Atreus]
1508 1810 1548 1840 Et

887 1871 950 1891 non
967 1859 1090 1902 rogabis
1113 1870 1167 1901 pro
1189 1870 1239 1890 me
1260 1858 1417 1890 crudelem
1440 1869 1549 1900 quem—

887 1910 971 1947 dam,
1003 1915 1038 1940 ut
1073 1909 1133 1940 fuit
1161 1909 1301 1947 Atreus;
1338 1908 1450 1939 Horat.
1480 1907 1549 1938 Art.

888 1960 977 1990 Poet.
991 1969 1056 1989 ver.
1074 1958 1151 1988 186:

932 2010 996 2039 Aut
1010 2009 1142 2038 humanu
1165 2008 1265 2046 palum
1288 2013 1392 2046 coquat
1413 2013 1479 2036 eata
1500 2018 1549 2035 ›14³-

964 2058 1074 2099 farius
1088 2058 1209 2087 Atreus.

935 2108 1004 2137 122.
1028 2105 1212 2141 Diomedes,
1227 2105 1392 2136 Bistonum
1406 2104 1437 2134 in
1452 2105 1550 2135 Thra-

887 2156 938 2187 cia
964 2166 1029 2191 rex,
1057 2155 1089 2185 in
1121 2154 1236 2196 oppido
1267 2153 1371 2184 Tinda
1404 2153 1550 2184 habuisse

888 2216 985 2248 equas
1009 2205 1134 2241 dicitur,
1152 2215 1222 2245 quae
1250 2213 1348 2234 aenea
1375 2202 1552 2234 habuerunt

890 2255 1052 2297 praesepia,
1070 2253 1174 2285 ferreis
1194 2252 1314 2283 catenis
1332 2258 1456 2294 propter
1475 2252 1552 2282 fero-

891 2304 972 2335 ciam
992 2309 1022 2334 et
1038 2304 1130 2334 robur
1150 2301 1379 2342 adligabantur‚
1402 2307 1433 2331 et
1454 2300 1550 2331 adve-

892 2364 1001 2384 narum
1016 2352 1195 2394 corporibus
1213 2351 1400 2381 frustulatim
1420 2350 1553 2381 concisis

892 2403 1110 2444 pascebantur.
1154 2400 1213 2431 His
1238 2406 1272 2431 ut
1296 2399 1445 2441 potiretur
1474 2401 1552 2430 Iler-

893 2451 990 2486 cules,
1021 2450 1052 2481 id
1082 2449 1164 2491 quod
1191 2449 1326 2491 jusserat
1351 2448 1553 2489 Eurystheus,

893 2500 1049 2543 proprium
1085 2499 1124 2529 iis
1158 2497 1330 2533 dominum,
1366 2497 1554 2528 Diomedem

893 2549 1018 2591 objecit,
1045 2555 1076 2579 et
1105 2549 1186 2579 fame
1215 2547 1384 2578 bestiarum
1409 2546 1555 2578 carnibus

894 2599 962 2635 viri,
985 2598 1038 2640 qui
1065 2597 1217 2628 nefarium
1245 2596 1346 2627 carnis
1371 2606 1457 2627 esum
1485 2596 1554 2627 illas

894 2648 1053 2682 docuerat,
1069 2646 1204 2688 expleta,
1217 2646 1426 2686 obsequentes
1440 2644 1554 2676 deinde

894 2697 1014 2728 habuit.
1059 2696 1232 2727 Perductas
1252 2694 1291 2724 ad
1313 2705 1345 2724 se
1362 2693 1555 2735 Eurystheus

895 2746 1010 2777 Junoni
1035 2745 1204 2780 dedicavit,
1231 2750 1258 2774 et
1284 2743 1427 2785 pro-sapia
1447 2744 1553 2776 harum
