1760 3172
235 168 292 210 62
632 166 685 207 P.
718 165 932 209 OVIDII
966 165 1249 210 NASONIS

240 282 577 345 Reticuloque
602 281 716 346 pilae
741 283 875 330 leves
900 280 1172 330 fundantur
1196 290 1393 348 aperto:

306 359 353 406 N
359 376 432 416 ec,
460 359 555 406 nisi
580 375 732 422 quam
757 359 920 414 tolles,
945 359 1048 407 ulla
1070 361 1315 408 movenda
1339 361 1441 425 pila
1466 368 1559 410 est.

238 437 333 485 Est
357 453 514 500 genus
540 437 590 483 in
614 436 826 484 totidem
852 436 991 483 tenui
1017 436 1207 485 ratione
1234 438 1490 485 redactum

306 515 576 578 Scriptula,
605 521 729 577 quot
752 530 951 562 menses
977 513 1198 561 lubricus
1224 531 1384 562 annus
1410 516 1580 563 habet.

236 590 397 639 Parva
421 592 608 640 tabella
631 592 768 655 capit
791 598 958 639 ternos
984 591 1239 655 utrimque
1265 592 1486 656 lapillos;
1534 595 1630 640 365

303 668 363 715 In
389 669 491 731 qua
516 668 695 716 vicisse
721 675 814 724 est,
842 667 1166 716 continuasse
1192 685 1326 716 suos.

235 744 379 793 Mille
403 746 596 794 facesse
615 747 773 809 jocos.
814 753 961 810 turpe
987 753 1065 794 est
1090 746 1283 794 nescire
1309 747 1530 811 puellam

302 821 521 871 Ludere:
562 824 783 871 ludendo
809 840 942 888 saepe
967 831 1170 888 paratur
1196 840 1348 872 amor.

237 899 340 948 Sed
365 900 598 947 minimus
624 901 761 948 labor
785 907 879 957 est,
907 901 1161 965 sapienter
1175 901 1398 965 Jactibus
1424 900 1515 948 uti.

300 976 469 1040 Majus
494 993 637 1040 opus,
664 993 827 1025 mores
852 978 1196 1042 composuisse
1222 994 1355 1026 suos.

1533 980 1631 1024 370

235 1052 370 1101 Dum
396 1070 568 1100 sumus
593 1054 798 1109 incauti,
827 1054 1098 1118 studioque
1124 1055 1373 1119 aperimur
1399 1054 1449 1101 in
1475 1054 1610 1119 ipso;

269 1177 278 1187 ,
302 1129 556 1194 Nudaque
581 1147 670 1195 per
695 1132 834 1178 lusus
860 1139 1067 1195 pectora
1091 1139 1262 1179 nostra
1285 1138 1485 1196 patent;

234 1206 316 1255 Ira
340 1207 490 1263 subit,
517 1207 738 1256 deforme
764 1209 967 1264 malum,
995 1208 1222 1272 lucrique
1247 1208 1459 1272 cupid03

299 1283 329 1330 J
335 1284 592 1348 urgiaque,
620 1292 672 1331 et
695 1284 834 1341 rixae,
863 1284 1215 1348 sollicitusque
1240 1285 1398 1332 dolor.

234 1359 458 1409 Crimina
478 1361 742 1409 dicuntur:
782 1368 984 1409 resonat
1008 1361 1308 1408 clamoribus
1334 1361 1512 1409 aether:
1532 1364 1629 1409 375

299 1438 507 1488 Invocat
530 1439 682 1487 iratos
708 1445 760 1487 et
784 1438 879 1486 sibi
906 1438 1124 1502 quisque
1151 1438 1306 1487 Deos.

275 1637 352 1668 361.
378 1636 574 1677 Reticuloque
583 1638 653 1677 pilae
669 1635 895 1679 levesfundan-

234 1693 287 1717 tur
299 1686 432 1727 aperta]
459 1686 579 1728 Aptum
599 1685 714 1728 puellis
734 1696 801 1718 esse
823 1686 895 1729 pilae

231 1736 347 1773 lusum,
361 1741 501 1777 apparet,
518 1735 601 1776 quod
617 1741 649 1767 et
663 1735 789 1767 senibus
812 1735 895 1766 infir-

233 1785 291 1817 mis
306 1785 522 1816 conveniebat.
537 1784 600 1816 vid.
624 1785 663 1816 ad
679 1785 806 1816 Petron.
823 1796 894 1827 cap.

232 1835 328 1867 xxvii.
343 1841 374 1866 et
389 1845 445 1877 per
460 1836 622 1866 reticulum
635 1835 713 1867 sorte
728 1834 833 1866 follem
848 1846 895 1866 re—

233 1884 400 1916 ticulatum
423 1883 582 1925 intelligit.
608 1885 679 1915 levis
699 1890 804 1915 autem
819 1884 895 1926 pila,

232 1933 309 1975 quia
331 1933 440 1964 vitrea.
465 1932 505 1964 de
528 1932 601 1974 pilae
627 1932 697 1964 lusu
718 1933 809 1975 plura
829 1933 894 1964 vid.

233 1982 317 2026 apud
333 1982 470 2014 Casaub.
484 1981 525 2013 ad
542 1982 662 2013 Athen.
679 1982 702 2013 i.
720 1983 771 2013 12.
802 1983 895 2025 Mag.

232 2032 361 2063 Miscel.
384 2032 406 2062 i.
430 2031 465 2062 ii.
489 2039 520 2062 et
544 2032 668 2063 Passer.
693 2032 733 2063 ad
756 2032 896 2074 Propert.

232 2081 279 2112 iii.
296 2081 360 2112 xiv.
377 2083 410 2112 5.
435 2080 489 2111 ubi
504 2080 719 2112 Broukhusius
735 2080 897 2112 Romanas

230 2130 354 2173 puellas
369 2130 408 2160 ab
423 2129 482 2160 hoc
505 2129 575 2160 lusu
598 2127 693 2166 arcet,
708 2135 834 2172 propter
848 2140 896 2161 se-

228 2184 380 2221 quentem
404 2189 476 2209 mox
493 2188 572 2209 vers,
585 2179 660 2209 383.
686 2178 740 2209 sed
760 2178 803 2209 ibi
821 2180 895 2210 cele-

229 2239 277 2259 res
295 2229 366 2268 pilae
389 2227 509 2258 virilem
534 2227 644 2258 ludum
669 2227 820 2264 indicant,
843 2228 894 2260 hic

231 2279 305 2309 leves
317 2277 503 2319 puellarem.
540 2276 717 2307 Discrimen
731 2287 804 2308 vero
819 2277 895 2308 utri—

230 2338 329 2369 usque
341 2326 407 2358 ludi
424 2336 473 2357 me
486 2325 628 2367 ignorare
640 2327 750 2357 fateor.
777 2327 894 2358 Buxm.

274 2377 350 2407 363.
378 2376 432 2406 Est
444 2386 540 2418 genus
555 2377 585 2405 z'n
605 2377 726 2406 totidem
745 2378 829 2406 tenui
844 2387 894 2406 ru-

230 2427 310 2457 tione
344 2426 500 2456 redactum
538 2423 689 2465 Spicula]
740 2424 894 2464 Scriptnla

229 2475 383 2516 Scaliger,
409 2479 441 2505 et
464 2473 635 2504 Salmasius
658 2473 697 2504 ad
724 2474 894 2505 Historiam

230 2525 426 2566 Augusta1n;
463 2523 517 2566 qui
556 2523 723 2554 videndus.
772 2524 893 2556 mes.

229 2575 353 2614 Spicula
369 2572 536 2604 Beruensis
552 2572 662 2603 codex.
678 2573 760 2603 hunc
785 2573 893 2604 ludum

230 2629 299 2666 post
328 2622 514 2654 Salmasium
544 2621 583 2653 ad
609 2621 737 2664 Vopisci
770 2623 894 2654 Procul.

229 2683 302 2715 cap.
320 2672 387 2702 xiii.
409 2678 440 2703 et
463 2671 654 2712 Scaligerum
678 2671 718 2701 ad
735 2671 892 2703 Catalect.

229 2732 301 2764 pag.
314 2722 389 2752 282.
404 2719 573 2752 illustravit
584 2719 770 2757 Gronovius,
784 2719 838 2751 lib.
851 2720 894 2751 iii.

964 1637 1003 1668 de
1033 1637 1156 1669 Pecun.
1185 1637 1301 1669 Vetere
1329 1647 1399 1679 cap.
1426 1648 1477 1668 xv.
1529 1636 1632 1668 Recte

963 1686 1040 1717 mihi
1075 1696 1188 1728 capere
1217 1685 1342 1717 videtur
1371 1686 1421 1717 Cl.
1450 1685 1556 1727 Hyde,
1591 1686 1630 1718 de

963 1736 1049 1772 ludo,
1064 1747 1159 1778 quern
1182 1746 1238 1767 nos
1255 1735 1399 1767 Triodum
1420 1735 1630 1777 appellamus.

963 1786 1036 1818 vide
1049 1796 1122 1817 eum
1137 1785 1177 1817 de
1193 1785 1277 1817 ludis
1292 1785 1448 1816 Oriental.
1462 1795 1537 1827 pag.
1552 1785 1629 1817 202.

964 1840 996 1866 et
1010 1845 1100 1876 seqq.
1124 1840 1155 1866 et
1171 1834 1229 1865 hoc
1245 1833 1370 1864 videtur
1393 1833 1490 1864 etiarn
1504 1833 1633 1865 Merula

964 1883 1168 1915 intellexisse.
1206 1883 1286 1919 Quis
1300 1893 1373 1913 vero
1387 1882 1455 1913 haec
1471 1881 1516 1912 ita
1531 1882 1631 1925 expli-

964 1938 1025 1970 cet,
1040 1938 1076 1964 ut
1089 1933 1234 1964 omnibus
1248 1931 1431 1968 satisfaciat,
1444 1930 1503 1962 nisi
1518 1931 1633 1964 viderit

964 1981 1066 2025 ipsum
1081 1983 1197 2019 lusum,
1212 1987 1266 2013 aut
1280 1981 1414 2013 luserit?
1436 1981 1554 2012 BURM.

1008 2033 1084 2064 367.
1111 2032 1282 2074 Millesace
1297 2042 1353 2062 esse
1359 2030 1474 2071 jocos]
1511 2029 1633 2062 Facesse

964 2080 1084 2122 Regius
1108 2086 1139 2112 et
1159 2085 1292 2123 quatuor
1312 2079 1378 2111 alii.
1423 2077 1564 2121 Reliqui,
1569 2078 1632 2121 fae

963 2141 1031 2161 esse.
1077 2130 1195 2161 mes.

1007 2180 1083 2210 370.
1111 2179 1215 2219 Majus
1234 2189 1306 2219 opus
1328 2188 1421 2209 mores
1441 2178 1631 2216 composuisse

963 2228 1057 2269 suos]
1083 2234 1114 2259 et
1129 2239 1198 2270 quae
1216 2233 1403 2270 sequuntur.
1436 2227 1483 2257 Eo
1498 2226 1632 2258 laudan-

963 2277 1022 2308 dus
1036 2277 1138 2319 magis
1153 2276 1204 2308 hic
1219 2277 1318 2312 locus,
1334 2287 1396 2318 quo
1411 2275 1520 2317 major,
1533 2286 1631 2317 quum

964 2327 1030 2358 haec
1047 2327 1196 2357 scriberet
1210 2326 1356 2362 Ovidius,
1373 2326 1450 2356 aleae
1467 2325 1550 2356 fumr
1564 2325 1632 2356 Ro-

963 2386 1071 2407 manos
1093 2376 1263 2411 invaserat,
1287 2381 1319 2406 et
1344 2375 1446 2417 ipsum
1471 2373 1503 2405 in
1522 2373 1631 2416 primis

962 2425 1100 2466 August.
1126 2424 1209 2467 apud
1224 2435 1318 2466 quem
1341 2424 1427 2455 idem
1450 2423 1573 2455 aulicus
1592 2434 1630 2456 ac

963 2475 1090 2505 aleator.
1106 2475 1192 2506 Suet.
1207 2474 1239 2505 in
1255 2474 1340 2516 Aug.
1358 2475 1410 2505 95.
1456 2473 1578 2504 AMAB-

1006 2525 1080 2555 371.
1116 2524 1200 2555 Tunc
1225 2534 1327 2554 sumus
1352 2523 1500 2564 incauti]
1528 2523 1627 2564 Lege,

963 2573 1046 2603 Dum
1074 2584 1175 2604 sumus
1202 2584 1274 2604 cum
1303 2573 1405 2615 prima
1432 2572 1570 2604 editione
1600 2577 1632 2603 et

962 2628 1095 2664 quatuor
1116 2622 1248 2665 scriptis.
1273 2628 1304 2653 et
1326 2624 1481 2662 aperimur
1502 2623 1535 2652 in
1559 2623 1630 2662 ipso,

962 2683 1016 2714 pro
1031 2673 1068 2702 ab
1084 2674 1144 2711 ipso
1157 2671 1301 2703 meliores
1316 2671 1397 2702 libri.
1445 2671 1564 2703 Hzms.
