1760 3172
240 176 325 216 444

632 171 681 212 P.
716 169 927 211 OVIDII
964 169 1242 211 NASONIS

243 290 424 344 Quare,
452 295 505 335 tu
525 293 722 350 praesta,
754 301 814 333 ne
839 285 960 332 livor
985 285 1150 332 dicere
1177 284 1358 348 possit:
1564 287 1626 330 65

309 365 430 412 Haec
457 372 534 412 est
560 380 646 428 pro
673 363 836 410 miseri
863 363 999 409 lenta
1023 363 1182 410 salute
1207 362 1311 408 viri.

243 443 512 505 Quumque
533 457 625 503 ego
641 440 884 494 deficiam,
903 456 993 486 nec
1011 440 1196 503 possim
1213 439 1395 486 ducere
1411 454 1625 493 currum,

308 520 405 567 Fac
431 527 484 566 tu
511 518 756 566 sustineas
782 517 946 565 debile
973 517 1078 564 sola
1097 518 1288 579 jugum.

241 597 319 644 Ad
345 596 592 643 medicum
619 600 808 657 specto,
836 594 972 640 venis
999 593 1302 655 fugientibus
1328 609 1489 655 aeger:

308 673 497 721 Ultima
521 688 633 735 pars
653 671 828 718 animae
854 670 972 717 dum
999 670 1117 716 mihi
1139 677 1307 726 restat,
1335 670 1470 716 adeS.
1563 672 1625 715 70

240 751 488 813 Quodque
507 765 599 812 ego
622 756 924 812 praestarem,
943 748 982 795 si
1005 755 1054 795 te
1080 748 1237 810 magis
1264 748 1372 811 ipse
1391 748 1622 800 valerem,

305 828 365 874 Id
390 827 526 882 mihi,
555 842 709 889 quum
734 826 898 873 valeas
923 824 1112 880 fortius,
1140 825 1248 889 ipsa
1273 825 1413 872 refer.

242 905 413 967 Exigit
437 905 529 951 hoo
556 903 751 950 socialis
778 920 930 959 amor,
958 903 1222 966 foedusque
1250 902 1508 958 maritum3

307 981 534 1029 Moribus
560 981 669 1037 hoo,
698 982 897 1043 conjux,
926 980 1084 1043 exigis
1110 979 1220 1043 ipsa
1242 980 1359 1026 tuis.

242 1059 352 1107 Hoc
378 1058 546 1106 domui
571 1059 742 1112 debes,
770 1058 832 1104 de
858 1073 958 1120 qua
981 1056 1216 1112 censeris,
1244 1063 1300 1102 ut
1324 1056 1460 1102 illam
1565 1058 1626 1102 75

310 1135 424 1183 Non
449 1135 607 1198 magis
629 1135 816 1192 officiis,
845 1151 995 1198 quam
1020 1134 1283 1198 probitate,
1311 1134 1461 1181 colas.

245 1213 441 1260 Cuncta
463 1213 581 1259 lieet
604 1212 773 1267 facias,
802 1212 895 1258 nisi
921 1212 988 1259 sis
1014 1211 1276 1258 laudabilis
1302 1227 1441 1266 uxor,

312 1289 427 1336 Non
452 1289 634 1352 poterit
651 1288 785 1336 credi
811 1288 1004 1335 Marcia
1027 1288 1166 1335 culta
1188 1288 1295 1335 tibi.

245 1366 352 1414 Nec
380 1383 551 1413 sumus
577 1366 794 1429 indigni;
835 1382 943 1423 nec,
971 1367 1011 1413 si
1036 1367 1108 1413 vis
1132 1382 1247 1413 vera
1271 1365 1430 1421 fateri,

313 1443 538 1491 Debetur
563 1444 750 1491 meritis
771 1444 928 1506 gratia
951 1444 1087 1491 nulla
1110 1444 1251 1491 meis.
1570 1447 1632 1490 80

246 1521 493 1569 Redditur
517 1521 602 1568 illa
625 1521 829 1584 quidem
856 1520 1029 1583 grandi
1055 1537 1170 1568 cum
1194 1521 1383 1568 foenore
1408 1521 1567 1577 nobis,

310 1599 357 1646 Ν
363 1615 419 1646 ec
445 1607 509 1655 te,
538 1599 578 1645 si
604 1598 772 1662 cupiat
796 1599 992 1655 laedere,
1021 1599 1140 1646 livor
1165 1599 1330 1646 habet.

248 1676 349 1724 Sed
375 1683 542 1723 tamen
568 1676 661 1723 hoc
687 1675 830 1723 factis
857 1677 1073 1739 adjunge
1099 1676 1342 1740 prioribus
1369 1691 1537 1729 unum,

313 1757 413 1804 Pro
439 1756 619 1803 nostris
645 1763 703 1802 ut
728 1755 795 1802 sis
822 1756 1086 1803 ambitiosa
1109 1755 1268 1802 malis.

288 1881 339 1911 67.
377 1880 533 1920 Quumque
569 1890 621 1921 ego
657 1879 821 1920 deficiam]
863 1879 905 1910 Et

246 1940 343 1971 quum
363 1929 440 1959 mihi
459 1928 539 1959 vires
559 1927 672 1959 desint.
718 1928 781 1959 Nec
799 1930 905 1968 possim

244 1981 352 2010 ducere
388 1990 522 2009 currum.
576 1979 738 2019 Tanquam
776 1977 904 2019 auriga:

245 2027 304 2059 hoc
325 2034 381 2064 est,
399 2038 455 2058 nec
478 2027 591 2069 possim
615 2028 707 2058 rebus
729 2026 805 2057 meis
826 2038 904 2069 prae-

244 2088 324 2113 esse,
340 2077 415 2119 quia
430 2078 469 2108 ab
484 2078 559 2108 urbe
573 2078 694 2107 absum.

289 2128 342 2158 68.
366 2128 471 2158 Debile
483 2127 626 2168 jugum]
655 2127 720 2157 Res
742 2136 828 2157 meas
851 2126 905 2157 de-

246 2176 325 2207 biles
341 2182 372 2207 et
387 2176 543 2207 adflictas.

290 2227 342 2257 69.
361 2227 406 2256 Ad
418 2227 562 2256 medicum
578 2224 700 2265 specim]
728 2224 779 2254 Ad
791 2229 820 2254 te
833 2234 905 2254 con-

247 2274 342 2317 fugio,
367 2280 518 2315 tanquam
541 2273 648 2315 aegroti
674 2273 713 2304 ad
739 2272 906 2303 medicum.

251 2324 550 2366 Venisfugientibus.
597 2322 774 2353 Deficiente
797 2321 906 2363 spiritu

247 2379 278 2404 et
302 2373 463 2414 sanguine.
508 2374 580 2409 Qua
603 2371 808 2402 similitudine
832 2369 908 2401 dicit

246 2431 356 2462 parum
372 2419 443 2451 vitae
458 2420 517 2450 sibi
532 2431 702 2462 superesse.
749 2420 842 2451 Men.

290 2470 342 2500 75.
360 2469 424 2500 Hoc
435 2470 533 2500 domui
546 2470 655 2510 debes]
680 2468 819 2500 Familiae
834 2474 907 2505 tuae,

248 2529 317 2560 quae
329 2529 403 2559 erga
414 2529 485 2549 suos
499 2518 635 2549 officiosa
645 2517 802 2554 est,fidem
815 2517 910 2549 debes

246 2566 376 2598 imitari.
422 2568 467 2598 De
480 2579 538 2608 qua
558 2569 692 2598 censeris.
737 2566 789 2597 Ad
816 2576 910 2607 quam

248 2615 392 2656 pertines,
409 2615 448 2646 de
469 2626 532 2657 qua
552 2616 720 2647 numeraris
744 2616 776 2646 in
799 2626 907 2646 censu.

248 2665 455 2706 Unaquaeque
490 2665 573 2696 enim
601 2665 732 2701 familia,
761 2671 793 2696 et
823 2670 906 2696 totus

249 2714 380 2755 populus
396 2715 587 2746 censebatur.
632 2715 726 2746 Men.

1015 1879 1066 1909 76.
1092 1878 1160 1909 Non
1199 1880 1298 1908 minus
1331 1876 1466 1918 officiis]
1506 1877 1567 1907 Pro
1597 1887 1634 1908 eo

971 1928 1055 1969 quod
1083 1932 1150 1958 est:
1182 1938 1243 1958 non
1267 1926 1367 1957 solum
1391 1926 1497 1968 proba,
1520 1925 1576 1956 sed
1603 1932 1635 1956 et

971 1977 1108 2007 officiosa
1123 1987 1195 2017 erga
1211 1987 1260 2006 me
1277 1986 1343 2006 esse
1358 1975 1463 2006 debes,
1509 1975 1636 2005 Mrcrr„

1015 2027 1067 2058 77.
1086 2027 1216 2062 Marcia,
1232 2026 1262 2056 h.
1284 2036 1311 2056 e.
1333 2024 1466 2055 Maximi
1491 2035 1578 2061 uxor,
1601 2036 1632 2055 v.

973 2075 1098 2117 Micyll.
1123 2077 1272 2106 HARLES.

1017 2126 1070 2156 78.
1100 2126 1164 2155 Non
1180 2126 1290 2165 poterit
1308 2124 1389 2154 credi
1409 2123 1527 2154 Marc-ia
1551 2125 1635 2154 culta

973 2174 1055 2214 tibh]
1083 2173 1206 2204 Marcia
1221 2173 1283 2203 filia
1300 2172 1359 2202 fuit
1374 2171 1522 2213 Philippi,
1539 2183 1635 2213 quam

974 2223 1053 2253 Cato
1068 2223 1215 2264 posterior
1235 2232 1359 2253 uxorem
1382 2221 1472 2252 duxit
1492 2227 1562 2262 post
1586 2221 1634 2252 di-

974 2270 1105 2302 vortium
1118 2271 1248 2302 Attiliae.
1294 2272 1373 2301 Eam
1394 2269 1508 2300 deinde
1521 2270 1574 2301 ille
1591 2272 1634 2308 Q.

975 2321 1140 2352 Hortensio
1167 2320 1339 2351 concessit:
1378 2318 1416 2350 de
1446 2329 1509 2360 qua
1537 2319 1636 2350 multa

975 2370 1131 2400 Lucanus.
1162 2370 1252 2400 Hanc
1268 2368 1361 2410 igitur
1377 2373 1411 2398 ut
1427 2367 1634 2398 castissimam

975 2426 1146 2450 matronam
1160 2419 1256 2450 coluit
1271 2429 1346 2448 uxor
1361 2417 1480 2448 Ovidii.
1523 2418 1619 2447 Men.

1019 2469 1073 2499 84.
1095 2469 1135 2499 Ut
1150 2470 1188 2499 sis
1200 2467 1380 2507 ambitiosa.]
1408 2466 1452 2497 Ut
1471 2465 1512 2497 sis
1527 2472 1636 2507 capta-

976 2517 1035 2549 trix
1066 2517 1179 2548 favoris
1211 2523 1243 2548 et
1271 2515 1500 2547 misericordiae.
1538 2515 1634 2546 Men.

977 2566 1039 2597 Vel
1062 2572 1096 2597 ut
1113 2566 1145 2597 in
1165 2565 1333 2597 obtinenda
1353 2564 1427 2595 mihi
1447 2564 1546 2595 exsilii
1565 2574 1633 2595 mu-

974 2615 1089 2646 tatione
1105 2616 1249 2646 omnibus
1268 2615 1396 2646 laudem
1416 2613 1586 2655 praeripias,
1603 2618 1634 2644 et

974 2665 1097 2696 videare
1119 2665 1186 2707 ejus
1211 2665 1254 2696 rei
1283 2664 1442 2696 adfectare
1471 2662 1629 2705 principa—

975 2721 1051 2745 tum.
1091 2714 1194 2745 Poxr.
1300 2715 1302 2718 ’
