1760 3172
340 203 432 244 EX
465 202 676 244 PONTO
712 203 831 245 LIB.
865 202 946 244 IV.
979 203 1172 245 EPIST.
1205 205 1296 247 IX.
1423 209 1508 249 505

126 316 386 382 Missaque
412 317 478 364 Di
503 317 686 366 faciant
711 334 934 366 auroram
960 327 1187 367 occurrat
1212 322 1273 367 ad
1299 322 1448 379 illam,

194 394 282 441 Bis
308 409 454 442 senos
480 395 640 442 fasces
667 411 779 457 quae
804 396 894 443 tibi
919 396 1078 459 prima
1102 397 1255 444 dabit.

127 470 213 527 Ut,
240 472 475 534 quoniam
497 472 602 520 sine
627 488 706 519 me
730 480 905 535 tanges
933 473 1180 536 Capitolia
1205 477 1394 532 consul,
1478 480 1505 523 5

192 546 259 595 Et
281 548 396 595 fiam
421 549 577 596 turbae
603 565 717 613 pars
743 565 836 612 ego
861 549 997 596 nulla
1020 556 1135 605 tuae,

126 622 184 670 In
209 624 398 671 domini
425 626 602 673 subeat
627 632 812 689 partes,
840 634 890 673 et
914 633 1117 692 praestet
1141 628 1285 674 amici

193 701 424 749 Officium
444 703 586 765 jusso
610 703 753 750 litera
776 710 944 750 nostra
967 703 1063 750 die.

122 777 292 841 Atque
317 795 409 842 ego
436 779 476 826 si
502 779 615 826 fatis
641 780 836 842 genitus
858 779 1144 826 melioribus
1171 796 1348 838 essem,

191 855 257 902 Et
280 872 392 903 mea
417 856 608 903 sincero
635 863 854 904 curreret
879 873 973 904 axe
998 864 1120 913 rota,
1451 862 1509 906 lo

125 931 237 986 Quo
262 949 393 980 nunc
419 940 589 980 nostra
612 949 786 980 manus
808 949 896 996 per
917 934 1154 997 scriptum
1174 933 1409 997 fungitur,
1432 952 1508 983 es—

190 1008 382 1072 Lingua
406 1010 654 1057 salutandi
680 1026 882 1057 munere
906 1009 1076 1057 functa
1096 1010 1182 1057 tui.

1409 1013 1508 1073 [set

123 1085 462 1149 Gratatusque
486 1086 657 1135 darem
682 1103 796 1134 cum
821 1087 1049 1134 dulcibus
1076 1088 1247 1134 oscula
1270 1089 1432 1135 verbis
1453 1106 1464 1136 ε

189 1161 237 1208 N
242 1178 299 1210 ec
324 1163 487 1210 minus
513 1163 595 1211 ille
620 1180 776 1219 1116115,
806 1180 957 1226 quam
981 1171 1113 1220 111115,
1142 1171 1275 1212 esset
1298 1165 1470 1212 honor.

122 1238 231 1294 Illa,
259 1240 512 1296 confiteor,
541 1240 610 1287 sic
638 1257 800 1288 essem
825 1241 937 1289 luce
963 1241 1223 1304 superbus,
1450 1246 1506 1289 15

191 1315 264 1363 Ut
287 1324 491 1381 caperet
514 1316 670 1365 fastus
695 1318 777 1365 vix
802 1319 978 1366 domus
1004 1319 1104 1365 ulla
1127 1334 1284 1366 111605.

123 1392 359 1457 Dumque
383 1394 513 1441 latus
540 1395 699 1442 sancti
724 1395 878 1457 cingit
903 1395 995 1442 tibi
1020 1395 1167 1442 turba
1192 1402 1409 1452 senatus,

189 1469 423 1518 Consulis
450 1478 565 1519 ante
590 1471 745 1535 pedes
771 1472 840 1519 ire
864 1472 1055 1519 viderer
1080 1488 1253 1535 eques.

123 1544 189 1594 Et
207 1561 495 1611 quanquam
515 1564 751 1612 cuperem
773 1565 970 1612 semper
989 1549 1079 1596 tibi
1102 1549 1357 1612 proximus
1381 1567 1506 1607 esse,

191 1623 478 1672 Gauderem
503 1626 644 1673 lateri
670 1643 767 1673 non
792 1627 1027 1674 habuisse
1052 1627 1233 1674 locum.

1445 1632 1509 1675 20

122 1699 169 1747 N
174 1716 231 1748 ec
256 1703 512 1765 querulus,
539 1703 686 1750 turba
710 1704 937 1766 quamvis
963 1703 1189 1760 eliderer,
1217 1720 1408 1751 essem:

190 1777 292 1826 Sed
316 1777 443 1827 foret
467 1794 496 1827 a
519 1780 704 1844 populo
730 1787 836 1828 tum
860 1780 979 1827 mihi
1005 1781 1150 1828 dulce
1175 1780 1348 1844 premi.

164 1919 197 1948 8.
235 1917 335 1949 Jusso.
370 1918 606 1961 Interpretarer,
643 1919 781 1951 definito.

121 1968 192 2005 Quo
211 1973 349 2010 tempore
371 1968 538 2000 Graecinus
564 1969 673 2000 consul
699 1969 782 2000 futu-

119 2027 170 2048 rus
184 2022 261 2054 erat,
276 2022 364 2059 patet
379 2027 417 2048 ex
433 2028 463 2048 v.
478 2018 618 2049 57—60.
657 2017 781 2058 signifi-

118 2071 171 2096 cat
180 2071 283 2108 poeta,
294 2065 475 2098 Graecinum
489 2067 684 2097 consulatum
694 2067 781 2098 func-

119 2119 223 2145 turum
257 2115 297 2146 ad
333 2115 426 2146 finem
462 2126 562 2157 usque
600 2116 784 2147 Decembris

120 2163 226 2200 fuisse,
252 2174 386 2206 moxque
410 2165 548 2202 fratrem,
575 2165 783 2207 Pomponium

120 2212 284 2248 Flaccum,
303 2213 350 2254 (v.
367 2213 418 2244 69.
435 2212 504 2254 75.)
521 2213 575 2254 qui
590 2213 695 2256 paullo
711 2220 782 2245 ante

120 2260 179 2291 hoc
194 2266 318 2303 tempus
332 2262 445 2303 Mysiae
467 2263 631 2304 Pontoque
653 2264 782 2305 praefec-

120 2315 170 2341 tus
196 2310 267 2347 fuit,
293 2310 385 2342 titulo
411 2311 540 2353 proinde
566 2312 677 2353 Legati
707 2313 782 2343 Pro-

119 2359 270 2401 praetoris,
284 2371 381 2402 quum
396 2361 533 2391 nondum
545 2361 662 2392 Consul
676 2361 784 2392 fuisset

121 2408 168 2450 (v.
184 2408 356 2449 57—80.),
368 2409 524 2440 Kalendis
533 2411 552 2441 J
556 2420 662 2440 anuar.
675 2410 702 2441 ei
714 2421 783 2441 sue-

120 2467 291 2489 cessurum.
301 2457 381 2491 Vid.
395 2459 534 2490 Masson.
560 2458 666 2490 Ovidii
681 2459 777 2490 vitam

120 2507 160 2537 ad
174 2507 216 2538 A.
231 2509 271 2539 U.
288 2508 326 2539 C.
343 2519 473 2540 nccmx.
495 2508 549 2550 qui
564 2508 700 2540 illustrat
724 2519 778 2539 no-

118 2561 215 2587 stram
244 2557 420 2598 epistolam,
448 2563 480 2588 et
511 2557 605 2588 docet
642 2556 779 2593 uberius,

120 2610 256 2635 nostram
273 2605 438 2647 epistolam
461 2605 520 2636 hoc
544 2616 624 2636 anno
649 2616 780 2636 Dccmx.

121 2659 153 2684 et
190 2653 318 2695 quidem
359 2654 466 2696 paullo
509 2661 581 2686 ante
618 2654 780 2685 Kalendas

120 2702 238 2740 Maias,
264 2702 409 2734 Graecino
434 2703 502 2745 jam
533 2703 654 2734 consuli
678 2703 781 2744 desig-

122 2755 207 2787 nato,
223 2756 256 2782 et
275 2761 347 2782 mox
365 2751 587 2792 Magistratum
610 2751 723 2782 inituro
741 2751 781 2782 ad

851 1920 923 1950 anni
960 1920 1062 1951 forsan
1100 1930 1197 1960 usque
1229 1919 1358 1956 exitum,
1386 1920 1510 1951 missam

850 1969 956 2000 fuisse.
1001 1968 1091 2000 Idem
1107 1969 1247 1999 Masson.
1263 1979 1300 1999 ex
1317 1968 1419 1999 Dione
1436 1970 1512 2001 lviii.

849 2028 881 2059 p.
910 2017 985 2048 633.
1015 2022 1131 2052 monet,
1161 2016 1321 2047 Tiberium
1358 2018 1510 2059 quosdam

851 2067 938 2097 Coss.
968 2066 1007 2097 ad
1034 2066 1168 2107 longiuS,
1198 2065 1273 2096 alios
1310 2066 1350 2096 ad
1387 2067 1511 2098 brevius

850 2115 996 2157 temporis
1027 2114 1164 2156 spatium
1186 2114 1387 2155 designasse:
1419 2114 1509 2145 item-

851 2174 911 2206 que
946 2163 1110 2194 nonnullos
1147 2163 1241 2194 etiam
1279 2163 1382 2199 citius,
1416 2174 1510 2205 quam

851 2212 1073 2249 constituisset,
1102 2211 1170 2242 loco
1196 2211 1345 2249 movisse;
1371 2212 1450 2248 aliis,
1475 2218 1511 2243 ut

851 2261 970 2292 diutius
994 2261 1026 2291 in
1045 2260 1231 2302 magistratu
1252 2266 1367 2297 essent,
1383 2271 1510 2293 conces-

852 2312 940 2342 sisse.
977 2311 1125 2341 HAnLizs.

896 2362 945 2391 15.
971 2361 1032 2391 Illa
1059 2359 1152 2399 luca]
1185 2359 1244 2390 Illo
1269 2358 1320 2390 (lie
1346 2358 1508 2390 Kalenda-

851 2420 918 2440 rum
934 2410 953 2439 J
958 2407 1091 2439 anuarii.

892 2458 940 2488 17.
962 2457 1094 2496 Sancti]
1120 2455 1171 2486 Sic
1188 2456 1296 2487 Horat.
1311 2455 1372 2487 Od.
1387 2457 1429 2487 iv.
1447 2466 1510 2488 ver.

846 2509 877 2537 4.
892 2514 1015 2547 patrum
1028 2512 1163 2536 sanctum
1180 2507 1338 2536 concillum
1355 2505 1445 2537 dixit.

893 2557 942 2586 18.
961 2554 1083 2595 Eques]
1105 2555 1170 2595 Ego
1185 2565 1223 2585 ex
1240 2554 1374 2595 equestri
1389 2554 1509 2586 ordine.

849 2606 928 2635 Ante
950 2606 1037 2644 pedes
1064 2604 1192 2634 consulis
1229 2605 1284 2634 ire.
1328 2604 1507 2635 Praecedere

848 2660 878 2685 te
908 2653 1066 2684 consulem
1094 2651 1125 2682 in
1152 2662 1189 2683 ea
1212 2662 1327 2694 pompa
1350 2652 1389 2683 de
1413 2663 1507 2684 more.

848 2703 997 2733 Solebant
1010 2701 1093 2732 enim
1110 2701 1231 2742 equites
1254 2701 1440 2743 praecedere,
1459 2713 1506 2734 se-

849 2758 940 2783 natus
959 2761 1028 2782 vero
1044 2750 1201 2791 subsequi.
