1760 3172
329 187 421 228 EX
454 188 664 230 PONTO
698 188 818 230 LIB.
847 189 929 230 IV.
960 190 1151 232 EPIST.
1182 192 1316 234 XIV.

1434 195 1517 236 527

135 300 297 355 Quem
319 302 402 348 vix
427 303 660 350 incolumi
685 305 866 367 cuique
888 306 1123 368 salvoque
1148 307 1348 363 daretiS,

202 378 252 425 Is
277 378 425 427 datus
451 396 480 427 a
504 381 642 428 vobis
669 389 745 428 est
769 381 888 428 mihi
914 399 1071 445 nuper
1095 383 1267 431 honor.

137 455 267 502 Solis
293 456 456 504 adhuc
481 473 573 520 ego
599 475 709 505 sum
734 459 908 506 vestris
935 459 1166 506 immunis
1196 460 1244 506 in
1270 462 1382 518 oris,

201 530 459 596 Exceptis,
487 534 526 580 si
553 534 638 597 qui
663 551 867 581 munera
890 535 1014 597 legis
1040 536 1240 584 habent.

136 608 384 672 Tempora
402 619 596 659 sacrata
619 628 732 660 mea
755 620 871 659 sunt
893 613 1054 660 velata
1078 628 1272 670 corona,
1455 619 1516 663 55

202 685 443 735 Publicus
467 687 619 736 invito
645 705 795 752 quam
820 688 952 736 favor
977 689 1227 753 imposuit.

137 761 300 817 Quam
325 771 464 826 grata
489 773 566 813 est
590 767 739 829 igitur
763 766 964 814 Latonae
991 767 1140 814 Delia
1165 769 1329 824 tellus,

204 839 401 888 Erranti
427 849 588 889 tutum
615 859 726 906 quae
750 843 890 891 dedit
914 860 1013 891 una
1037 845 1216 900 locum,

137 915 261 963 Tam
285 918 404 965 mihi
429 935 544 967 cara
567 919 734 967 Tomis
753 914 966 985 ,f'patria
989 937 1101 984 quae
1127 922 1245 970 sede
1270 923 1452 986 fugatis

204 993 422 1059 Tempus
448 997 510 1043 ad
535 997 629 1044 hoo
655 997 797 1045 nobis
823 998 1021 1061 hospita
1044 998 1143 1046 fida
1167 1007 1350 1047 manet.

1456 1005 1521 1050 60

142 1070 207 1118 Di
230 1073 654 1145 modolfecissent,
682 1075 893 1139 placidae
920 1091 1061 1140 spem
1085 1083 1258 1139 posset
1281 1077 1464 1126 habere

203 1145 444 1223 Pacisget
467 1168 496 1198 a
519 1152 683 1215 gelido
706 1153 900 1216 longius
926 1169 1020 1201 axe
1044 1153 1194 1201 foret!

178 1294 230 1324 54.
256 1294 392 1335 Exceptis
405 1298 430 1326 si
445 1299 496 1336 qui
516 1308 641 1328 munera
657 1299 728 1340 Iegis
743 1300 794 1329 ha-

136 1342 232 1383 bent]
257 1344 408 1386 Exceptis
422 1344 494 1381 illis,
511 1344 565 1387 qui
579 1346 701 1387 legibus
722 1358 795 1377 eon-

135 1391 234 1422 secuti
250 1398 322 1423 sunt
332 1393 571 1431 immunitatem,
582 1406 651 1437 quae
664 1396 797 1427 dabatur

135 1439 193 1478 his,
210 1441 265 1483 qui
276 1442 425 1485 Olympia
441 1443 595 1481 vicissent,
611 1451 642 1476 et
666 1446 718 1487 qui
740 1446 796 1477 ali-

136 1490 219 1532 quod
240 1492 399 1534 egregium
419 1493 540 1524 facinus
561 1505 615 1536 pro
636 1494 737 1536 patria
752 1495 795 1526 fe-

136 1540 264 1572 cissent.
298 1541 387 1573 Dicit
401 1554 474 1584 ergo
488 1543 539 1574 hic
556 1544 689 1574 Ovidius
704 1545 797 1576 nullis

135 1589 270 1631 legibus,
297 1596 351 1622 aut
379 1592 497 1623 meritis
527 1603 558 1623 se
586 1604 603 1623 a
625 1593 796 1625 Tomitanis

136 1638 257 1671 civibus
286 1641 470 1672 adsecutum
500 1642 592 1673 fuisse
617 1642 795 1674 immunita—

135 1693 216 1718 tem:
242 1700 311 1731 quae
334 1690 451 1721 nemini
475 1701 623 1722 concessa
645 1691 744 1722 fuerat
764 1692 796 1722 in

135 1747 174 1768 ea.
187 1739 274 1775 urbe,
290 1739 349 1770 nisi
364 1739 422 1771 his.

179 1789 231 1819 55.
257 1789 371 1820 Corona
385 1789 532 1830 sacrata]
560 1789 682 1820 Corona
692 1790 795 1820 exhe-

135 1836 212 1868 dera
234 1838 363 1870 Baccho
385 1849 484 1875 sacra,
506 1849 569 1880 qua
592 1844 691 1880 poetae
715 1839 796 1881 elegi

137 1888 378 1919 coronabantur.

179 1936 232 1966 56.
257 1937 354 1971 Quam
380 1938 518 1977 publicus
535 1937 659 1979 favom]
693 1937 797 1974 Quam

137 1994 282 2015 coronam
302 1985 390 2016 favor
411 1985 549 2016 omnium
564 1985 679 2016 civium
694 1985 796 2016 Tomi-

136 2038 291 2065 tanorum.

179 2084 233 2115 57.
256 2084 389 2121 Latonae,
411 2084 486 2125 &c.]
519 2085 617 2115 Matri
641 2084 798 2125 Apollinis

139 2138 171 2164 et
185 2133 309 2164 Dianae.
333 2134 424 2164 Delia
440 2135 538 2164 tellus.
572 2133 670 2164 Delos
684 2132 796 2169 insula,

138 2192 209 2224 quae
232 2187 282 2214 est
301 2183 334 2214 in
354 2181 438 2213 Mari
453 2183 565 2224 AEgeo,
581 2181 737 2226 Apollinis
760 2192 795 2213 ac

862 1297 974 1328 Dianae
992 1297 1156 1329 nativitate
1175 1296 1399 1334 cantatissima‚
1414 1304 1520 1340 poeta-

862 1358 929 1377 rum
940 1346 1116 1377 testimonio
1129 1359 1134 1375 :
1159 1347 1212 1377 ubi
1228 1347 1349 1377 Latona
1362 1357 1413 1378 eos
1427 1358 1522 1389 pepe-

862 1396 911 1432 rit,
923 1396 1065 1437 Pythone
1078 1401 1219 1437 serpente
1235 1395 1376 1432 liberata,
1386 1401 1421 1427 ut
1432 1396 1522 1428 fabu-

862 1446 965 1476 lantur
980 1451 1089 1487 poetae.
1341 1482 1343 1484 ³

907 1497 958 1527 58.
976 1495 1105 1525 Errantz'
1116 1501 1214 1525 tutum
1230 1495 1319 1535 qma]
1346 1496 1452 1531 Quum
1464 1496 1523 1527 Ju-

864 1555 903 1575 no
937 1545 1089 1575 Latonam
1121 1543 1281 1585 gravidam
1311 1551 1523 1585 cognosceret,

862 1593 998 1624 immisso
1014 1599 1121 1623 contra
1134 1592 1221 1623 illam
1237 1593 1380 1634 Pythone
1397 1603 1521 1635 serpen-

862 1647 903 1678 te,
926 1653 980 1684 per
1003 1652 1126 1672 omnem
1148 1646 1262 1671 terram
1283 1647 1447 1683 prosecuta
1467 1647 1524 1672 est.

862 1693 940 1729 Quae
967 1691 1093 1722 tandem
1119 1701 1216 1732 quum
1245 1690 1285 1721 ad
1313 1690 1405 1721 litora
1428 1691 1523 1722 maris

861 1740 1063 1782 pervenisset,
1079 1751 1097 1771 a
1112 1750 1211 1771 sorore
1226 1746 1371 1782 suscepta
1383 1740 1452 1777 fuit,
1469 1751 1522 1772 ca-

863 1795 956 1821 nente
967 1790 1090 1825 Ovidio,
1100 1789 1154 1820 lib.
1165 1789 1206 1820 vi.
1219 1789 1428 1830 Metamorph.
1440 1791 1520 1820 334:

909 1839 1051 1869 Orantem
1068 1840 1181 1878 accepit
1196 1845 1269 1868 tunc
1285 1850 1374 1878 quum
1391 1839 1461 1869 leuis
1477 1841 1523 1870 ἰη-

949 1889 1013 1918 sula
1030 1890 1137 1925 nubam

864 1936 922 1967 hoc
939 1942 995 1972 est,
1010 1937 1118 1972 Delos,
1132 1946 1201 1977 quae
1218 1936 1278 1966 alio
1294 1935 1416 1966 nomine
1430 1935 1523 1976 Orty-

861 1988 914 2027 gia
951 1985 1073 2016 dicitur.
1120 1986 1259 2015 Eri-anti.
1311 1986 1361 2016 De
1396 1985 1522 2015 Latonae

863 2034 1013 2075 erroribus
1029 2035 1169 2075 Hymnos
1185 2034 1312 2064 Homeri
1327 2039 1359 2064 et
1374 2032 1522 2064 Callima—

863 2083 913 2113 chi
929 2075 1010 2114 vide.
1057 2084 1167 2113 Tutum
1184 2084 1288 2113 locum..
1334 2084 1452 2114 Locum
1474 2088 1523 2113 tu-

864 2139 929 2164 tum
945 2132 983 2164 ad
999 2132 1193 2175 pariendum.
