1760 3172
188 169 244 210 72
581 167 631 207 P.
666 165 879 208 OVIDII
914 166 1196 208 NASONIS

192 283 401 331 Vatibus
428 282 600 330 Aoniis
628 282 798 330 faciles
825 291 1000 338 estote,
1030 282 1225 345 puellae.

260 359 458 407 Numen
484 360 614 407 inest
638 359 758 415 illis;
801 358 1128 421 Pi'eIridesque
1154 357 1335 405 favent.

191 436 283 484 Est
310 436 447 484 Deus
474 437 522 483 in
548 436 717 492 nobis3
759 443 809 484 et
833 442 949 482 sunt
973 435 1273 483 commercia
1296 434 1424 481 coeli.

259 513 474 561 Sedibus
500 513 716 560 aetheriis
742 513 943 576 spiritus
970 512 1051 559 ille
1076 512 1224 559 venit.
1487 513 1584 558 550

191 590 235 637 A
261 591 422 637 doctis
447 590 662 654 pretium
689 590 853 636 scelus
879 597 957 636 est
981 604 1182 652 sperare
1209 588 1384 652 poetis.

258 666 345 714 Me
371 667 632 714 miserum!
674 666 838 713 scelus
865 666 958 713 hoe
985 666 1121 713 nulla
1145 666 1311 730 puella
1334 666 1494 714 timet.

192 744 518 792 Dissimulate
542 752 725 800 tamen,
755 760 844 791 nec
872 744 1031 807 prima
1055 743 1215 790 fronte
1241 759 1448 807 rapaces

259 821 397 869 Esto.
437 838 593 869 novus
619 821 724 868 viso
750 837 893 868 casse
921 821 1120 868 resistet
1145 836 1333 868 amans.

195 899 296 946 Sed
334 915 499 962 neque
535 906 704 946 vector
741 914 943 961 equum,
985 898 1070 960 qui
1111 913 1269 960 nuper
1308 897 1465 945 sensit
1501 897 1586 944 ha-

391 976 563 1031 benas,
1493 976 1588 1021 555

262 1053 596 1116 Comparibus
622 1052 790 1107 frenis,
819 1051 1163 1114 artificemque
1189 1058 1344 1113 regat.

196 1129 303 1178 Nec
331 1130 538 1178 stabiles
565 1130 706 1177 annis
733 1129 940 1185 animos,
968 1129 1278 1192 viridemque
1297 1129 1556 1191 juventam

264 1206 335 1254 Ut
359 1207 544 1271 capias,
572 1208 705 1255 idem
731 1208 873 1254 limes
895 1207 1118 1270 agendus
1144 1207 1252 1254 erit.

196 1282 294 1331 Hic
320 1284 472 1339 rudis,
500 1291 551 1331 et
574 1284 751 1331 castris
778 1300 908 1331 nuno
935 1284 1150 1347 primum
1175 1290 1321 1330 notus
1347 1282 1560 1338 Amoris,

264 1360 362 1415 Qui
388 1361 555 1423 tetigit
581 1362 827 1409 thalamos
853 1362 1025 1426 praeda
1049 1362 1244 1409 novella
1266 1369 1406 1418 tuos3
1496 1364 1593 1409 560

195 1436 266 1485 Te
293 1438 449 1484 solam
474 1438 631 1495 norit3
672 1439 763 1485 tibi
789 1455 988 1502 semper
1012 1438 1252 1486 inhaereat
1275 1438 1376 1486 uni.

266 1514 530 1577 Cingenda
554 1522 631 1562 est
656 1515 767 1562 altis
794 1516 999 1579 sepibus
1025 1515 1122 1562 ista
1147 1532 1321 1579 seges:

198 1591 378 1655 Effuge
404 1593 632 1640 rivalem:
673 1594 859 1649 vinces,
887 1594 1003 1640 dum
1034 1593 1140 1640 sola
1163 1592 1376 1640 tenebis.

265 1669 380 1717 Non
406 1671 532 1717 bene
558 1686 673 1716 cum
699 1670 846 1717 sociis
873 1685 1027 1732 regna
1051 1669 1324 1733 Venusque
1350 1678 1567 1717 manent.

198 1747 288 1794 Ille
313 1755 454 1795 vetus
481 1747 623 1795 miles
650 1748 837 1795 sensim
863 1755 913 1795 et
938 1747 1190 1811 sapienter
1212 1747 1424 1794 amabit:
1495 1749 1591 1794 565

261 1823 529 1887 Multaque
555 1826 699 1872 tironi
727 1842 826 1873 non
851 1826 1089 1890 patienda
1113 1824 1253 1873 feret.

198 1900 243 1946 N
250 1916 305 1948 ec
332 1900 526 1964 franget
550 1910 737 1966 posteS‚
765 1919 857 1951 nec
885 1903 1028 1950 saevis
1055 1903 1253 1966 ignibus
1279 1909 1416 1959 uret3

263 1977 309 2025 N
315 1995 372 2026 ec
399 1979 613 2027 dominae
638 1988 835 2029 teneras
861 1982 1067 2045 adpetet
1091 1996 1257 2043 ungue
1283 1995 1453 2042 genas.

239 2176 313 2205 550.
346 2175 469 2206 Sedibus
497 2178 625 2207 ather-iis
653 2179 778 2216 spiritus
809 2179 861 2208 ille
931 2187 1000 2208 vero
1016 2177 1153 2219 speciem
1170 2187 1236 2207 esse
1254 2186 1390 2207 amorem
1408 2176 1497 2207 toties
1513 2176 1594 2207 Nos-

198 2224 307 2265 ventu]
328 2225 398 2256 Huc
415 2225 490 2256 facit
503 2226 587 2267 quod
604 2226 712 2258 scribit
726 2228 774 2258 M.
785 2227 860 2258 Tul·
929 2232 975 2257 ter
990 2226 1140 2258 inculcat.
1186 2226 1302 2256 Bumr.

196 2273 267 2310 lius,
279 2273 333 2304 lib.
347 2274 380 2305 ii.
426 2274 476 2306 De
493 2276 582 2306 Orat.
598 2275 638 2307 ad
655 2277 695 2313 Q.
713 2277 857 2308 fratrem:
972 2277 1045 2307 565.
1072 2275 1130 2306 Ille
1152 2281 1234 2305 tetus
1257 2275 1349 2310 miles,
1364 2274 1440 2315 δια]
1468 2274 1595 2305 Monuit

197 2323 276 2362 Saepe
290 2325 367 2354 enim
383 2326 489 2355 audivi
505 2326 622 2364 po‘e‘tam
643 2326 749 2356 bonum
771 2328 859 2356 nemi-
925 2325 991 2366 jani
1017 2325 1107 2359 xiros,
1133 2323 1206 2362 (lib.
1225 2323 1257 2354 ii.
1279 2323 1371 2363 667.)
1395 2329 1428 2354 ut
1449 2323 1596 2354 mulieres

198 2383 261 2402 nem
282 2373 331 2413 (id
351 2375 429 2414 quod
445 2386 463 2404 α
482 2374 661 2416 Democrito,
683 2381 709 2405 et
734 2375 862 2406 Plutone
930 2379 1123 2415 praeponant,
1140 2384 1219 2415 quas
1234 2379 1310 2403 aetas
1325 2372 1485 2408 maturior,
1502 2379 1533 2403 et
1548 2384 1596 2403 re-

198 2422 356 2461 inscriptis
372 2423 512 2453 relictum
527 2433 584 2454 esse
599 2423 724 2463 dicunt)
738 2426 801 2455 sine
815 2426 861 2454 ἱιι-
930 2434 998 2454 rum
1033 2422 1254 2454 amatoriarum
1284 2433 1358 2453 usus
1385 2424 1595 2462 prudentiores

188 2471 398 2509 flammatiune
426 2473 594 2502 animorum
623 2474 746 2504 existere
771 2484 860 2512 posse,
929 2472 1049 2503 effecit:
1075 2472 1158 2502 idem
1175 2482 1269 2508 nunc,
1284 2471 1338 2502 sed
1355 2471 1447 2502 aliam
1464 2472 1502 2502 ob
1519 2482 1594 2503 cau-

195 2526 223 2549 et
249 2521 311 2551 sine
333 2523 460 2561 quodam
489 2522 597 2563 afflatu
627 2523 861 2564 quusifiwuris.
929 2533 1006 2558 sam,
1046 2521 1230 2552 mulieribus
1266 2521 1342 2562 ipsis
1368 2521 1526 2563 praecipit;
1564 2528 1595 2553 et

197 2568 291 2599 Cror.
930 2577 1097 2612 utrumque
1115 2578 1208 2601 recte.
1254 2570 1370 2600 Amin.

239 2618 312 2648 561.
337 2617 515 2659 lahama]
544 2619 788 2661 Neapolitanus,
805 2622 858 2649 mi-
973 2620 1159 2660 Sapienter]
1188 2619 1297 2650 Douza
1317 2619 1454 2650 malebat
1477 2620 1593 2659 patien-

196 2667 262 2697 lizet
287 2670 352 2698 uni.
377 2669 460 2709 quod
484 2667 659 2710 elegantius
681 2676 738 2704 est,
764 2679 859 2710 quam
932 2678 984 2705 rer,
1003 2675 1036 2699 ut
1052 2679 1135 2710 saepe
1152 2669 1238 2699 alibi.

195 2722 226 2746 ut
252 2726 267 2746 a
292 2715 415 2747 librario
435 2717 472 2747 sit
503 2716 686 2758 profectum.
734 2717 858 2748 Militiae
