1760 3172
201 178 286 218 4:36

590 174 641 215 P.
677 172 887 215 OVIDII
924 173 1203 214 NASONIS

203 292 274 340 Te
300 293 444 346 duce,
472 289 760 351 magnificas
787 289 918 335 Asiae
945 289 1292 352 perspeximus
1320 288 1494 345 urbes3
1525 291 1582 333 21

270 368 516 415 Trinacris
542 374 618 414 est
643 366 797 413 oculis
824 373 874 412 te
899 365 1027 412 duce
1052 372 1168 412 nota
1193 365 1332 412 meis.

203 446 432 492 Vidimus
458 444 649 491 AEtnaea
672 444 853 490 coelum
879 442 1227 506 splendescere
1252 442 1467 495 flamma,

272 521 570 586 Subpositus
597 521 752 568 monti
778 536 933 583 quam
958 520 1110 567 vomit
1134 535 1217 567 ore
1243 519 1382 581 gigas
1404 537 1414 575 ;

204 599 557 662 Hennaeosque
582 600 736 653 lacus,
765 605 814 645 et
838 597 1023 644 olentia
1048 602 1226 659 stagna
1256 595 1432 652 Palici,
1528 597 1590 642 25

272 677 484 740 Quaque
511 676 612 722 suis
641 675 851 738 Cyanen
876 674 1054 722 miscet
1077 673 1284 736 Anapus
1312 672 1472 735 aquis.

206 753 314 801 Nec
343 753 515 817 procul
539 752 654 798 hinc
683 751 972 814 Nymphen,
992 767 1119 813 quae,
1141 751 1259 797 dum
1284 749 1410 811 fugit
1434 748 1592 795 Elidis

404 845 617 885 amnem,

272 906 429 954 Tecta
453 906 545 953 sub
571 921 802 968 aequorea
826 921 955 951 nunc
983 920 1183 967 quoque
1209 903 1360 950 currit
1386 918 1530 965 aqua.

207 983 304 1030 Hic
330 982 450 1029 mihi
475 981 688 1029 labentis
714 997 828 1044 pars
855 981 969 1028 anni
996 997 1177 1043 magna
1201 987 1404 1043 peracta
1429 987 1520 1027 est.

275 1059 434 1114 Eheu,
463 1075 611 1122 quam
637 1058 805 1121 dispar
830 1065 907 1105 est
931 1059 1069 1104 locus
1096 1057 1176 1104 ille
1203 1056 1372 1104 Getis!

1528 1059 1591 1102 30

210 1136 275 1184 Et
290 1142 444 1199 quota
459 1151 573 1199 pars
595 1135 701 1181 haec
723 1142 840 1181 sunt
858 1151 1036 1191 rerum,
1055 1150 1178 1197 quas
1194 1133 1406 1181 vidimus
1427 1134 1589 1188 ambO,

272 1213 343 1261 Te
368 1213 489 1260 mihi
510 1213 757 1276 jucundas
783 1213 1026 1260 efficiente
1051 1211 1179 1259 vias!

206 1394 325 1426 viderat
341 1395 445 1426 Ovidii
461 1401 616 1438 poemata,
632 1401 664 1426 et
679 1396 767 1427 illum
783 1396 863 1438 ejus-

207 1445 278 1475 dem
290 1444 385 1475 studii
398 1451 429 1475 et
443 1455 599 1476 sacrorum
615 1445 766 1476 cultorem
780 1456 864 1476 ama-

208 1497 270 1529 bat,
301 1499 467 1535 antequam
493 1494 525 1524 in
559 1494 702 1525 exsilium
730 1494 865 1536 proficis-

207 1548 337 1574 ceretur.
360 1544 453 1574 Man.
500 1544 634 1578 Quorum
658 1551 685 1574 te
705 1555 867 1574 memorem.

207 1591 279 1623 Sive
305 1602 435 1633 quarum
462 1603 575 1628 rerum,
601 1592 758 1629 videlicet,
784 1592 868 1634 quod

206 1651 295 1672 sacra
313 1634 413 1684 poetis
431 1641 512 1672 inter
533 1652 565 1672 se
587 1641 764 1672 communia
785 1647 867 1678 sunt,

208 1690 302 1720 etiam
318 1689 343 1720 si
358 1689 416 1732 ipsi
431 1690 511 1721 inter
526 1701 558 1722 se
574 1690 696 1722 diversa
711 1691 868 1722 scribendi

207 1749 321 1780 genera
349 1745 532 1781 sequuntur,
558 1746 587 1770 te
613 1751 779 1771 memorem
802 1751 868 1771 esse

208 1793 294 1829 puto,
309 1798 407 1829 eoque
423 1789 504 1820 velle
530 1799 621 1820 casus
644 1800 730 1821 meos
752 1790 868 1820 levare.

208 1837 334 1867 M1cy1„

252 1886 307 1916 21.
326 1886 366 1917 Te
380 1887 482 1927 duca]
510 1887 590 1918 Cum
606 1888 715 1919 Macro
736 1887 817 1917 enim
837 1887 869 1918 in

209 1934 319 1966 Asiam
336 1935 496 1977 navigavit
511 1942 615 1978 poeta,
632 1942 663 1967 et
675 1936 705 1966 in
719 1937 869 1967 Siciliam.

251 1984 304 2014 24.
320 1984 491 2023 Subpositus
506 1985 628 2025 monti]
648 1985 784 2025 Fingunt
797 1996 869 2027 poe-

211 2038 250 2063 tae
267 2043 286 2063 a
299 2033 378 2064 Jove
392 2032 590 2064 fulminatum
605 2033 795 2075 Typhoeum.

253 2082 305 2112 25.
332 2081 526 2122 Henneosque
563 2083 655 2118 [(ιειιε,
693 2089 721 2112 et
759 2083 869 2113 olentia

208 2137 316 2171 stagna
344 2130 469 2171 Palici]
518 2131 719 2171 Hennoeosque
747 2132 868 2162 Sarrav.

210 2178 341 2218 Argent.
362 2185 394 2210 et
418 2190 497 2210 unus
512 2179 616 2211 Vatic.
641 2180 701 2210 duo
725 2179 779 2210 alii
804 2180 867 2210 En-

212 2240 354 2268 noeosque.
390 2228 519 2259 Dictum
539 2228 577 2259 de
603 2229 660 2260 hac
676 2239 749 2259 voce
766 2229 869 2259 multis

211 2277 250 2307 ad
287 2277 426 2319 Raptum
463 2278 654 2320 Proserpinae
690 2277 868 2309 Claudiani.

210 2326 366 2357 Praeterea
391 2326 590 2357 scribendum
622 2328 747 2363 Palicos,
771 2332 805 2357 ut
831 2326 870 2356 sit

212 2374 364 2417 adpositio
382 2387 388 2404 :
427 2375 561 2406 vidimus
598 2375 723 2406 Palicos
759 2381 869 2416 stagna

210 2423 336 2454 olentia.
382 2424 496 2465 Stagna
515 2424 689 2455 Palicorum
704 2424 783 2454 dixit
798 2425 868 2454 Me-

210 2478 284 2503 tam.
299 2484 329 2503 v.
366 2473 416 2503 Sic
433 2472 516 2515 apud
536 2473 664 2504 Graecos
679 2483 799 2514 semper
816 2472 870 2503 Λί-

209 2533 275 2563 μνη
293 2520 462 2557 Παλίκων,
478 2527 509 2552 et
519 2524 677 2564 κρατῆρες
693 2523 848 2554 Παλίκων
863 2534 871 2560 ;

211 2570 307 2601 etiam
323 2571 486 2609 Παλικίνη
501 2571 615 2613 κρηνὴ·
632 2582 704 2602 nam
719 2571 797 2602 duos
810 2571 870 2602 fra-

211 2624 273 2650 tres
289 2620 374 2651 Deos
384 2619 507 2650 Palicos
524 2619 617 2651 fuisse
633 2625 764 2651 constat.
797 2620 868 2651 Vir-

213 2667 288 2708 gilio
308 2673 423 2704 tamen,
440 2668 568 2699 AEneid.
585 2680 614 2699 x.
634 2670 789 2709 placabilis
813 2680 867 2700 ara

213 2717 325 2748 Palici.
369 2716 430 2748 Sed
453 2723 484 2748 et
506 2717 569 2748 illie
593 2728 717 2760 quoque
740 2728 794 2760 per
813 2719 867 2750 ad-

933 1396 1115 1438 positionem
1150 1394 1229 1426 sumi
1263 1401 1375 1437 potest.
1421 1395 1530 1425 Posset
1563 1400 1593 1425 et

933 1445 1006 1487 legi,
1021 1447 1133 1476 olentia
1152 1452 1259 1486 stagna
1278 1445 1414 1480 Puliceu,
1429 1451 1463 1474 ut
1482 1443 1522 1474 ad
1537 1454 1592 1485 op-

933 1495 1041 1537 pidum
1066 1494 1230 1533 Παλὶκην,
1252 1500 1362 1534 stagno
1377 1493 1525 1528 vicinum,
1547 1493 1592 1523 in-

934 1550 1021 1574 nuat.
1045 1543 1109 1574 Adi
1124 1542 1264 1573 Siciliam
1280 1541 1503 1573 accuratissimi
1517 1541 1593 1572 Clu-

937 1592 1020 1623 verii.
1058 1593 1175 1622 mes.

978 1642 1030 1672 26.
1053 1641 1176 1682 Quaque
1198 1643 1259 1671 suis
1281 1640 1414 1680 Cyanen,
1431 1639 1506 1680 δια]
1534 1640 1594 1670 Per

935 1690 1039 1721 omnia
1067 1690 1262 1725 subauditur,
1293 1689 1438 1720 Vidimus.
1485 1689 1594 1730 Cyane

936 1745 1039 1771 autem
1054 1740 1193 1782 nympha
1210 1739 1268 1769 fuit
1283 1738 1400 1774 Sicula,
1416 1738 1500 1769 socia
1518 1738 1593 1769 Pro—

935 1789 1078 1831 serpinae,
1103 1799 1172 1830 quae
1201 1789 1239 1819 ob
1266 1793 1386 1829 raptam
1413 1798 1431 1818 a
1462 1787 1594 1818 Plutone

934 1837 1151 1880 Proserpinam
1172 1837 1250 1868 adeo
1265 1837 1362 1872 flevit,
1380 1842 1414 1867 ut
1429 1835 1461 1866 in
1476 1835 1592 1866 fontem

934 1887 981 1917 sui
1003 1886 1133 1918 nominis
1162 1892 1285 1917 mutata
1311 1885 1423 1916 fuerit:
1453 1886 1591 1916 fabulam

934 1936 1056 1977 plenius
1071 1936 1161 1966 refert
1173 1935 1267 1967 Ovid.
1277 1935 1409 1965 Metam.
1421 1934 1476 1965 lib.
1488 1946 1517 1964 v.

979 1985 1030 2015 27.
1049 1985 1112 2014 Nec
1129 1985 1235 2024 procul
1250 1985 1319 2014 hinc
1334 1983 1494 2024 Nympha]
1511 1983 1591 2014 Are-

935 2033 1058 2064 thusam
1077 2033 1163 2064 dicit.
1208 2033 1366 2063 Arethusa
1387 2039 1491 2063 autem
1507 2033 1593 2074 virgo

936 2083 993 2113 fnit
1022 2082 1173 2117 venatrix,
1207 2092 1310 2112 comes
1348 2080 1474 2117 Dianae,
1507 2092 1590 2122 quae,

936 2142 1031 2172 quum
1052 2137 1129 2161 aestu
1148 2130 1287 2172 fatigata,
1304 2140 1335 2160 se
1351 2130 1383 2160 in
1398 2129 1521 2171 Alpheo
1537 2131 1592 2162 flu-

936 2180 1019 2211 mine
1045 2180 1174 2216 lavaret,
1201 2180 1275 2210 dum
1300 2180 1388 2210 Deus
1412 2178 1466 2209 illa
1491 2186 1595 2211 amata

935 2230 1027 2271 potiri
1054 2229 1151 2271 cupit,
1174 2229 1304 2271 aufugit.
1350 2228 1408 2259 Ille
1424 2239 1496 2259 vero
1517 2229 1592 2259 dum

936 2279 1126 2321 pertinacius
1146 2279 1330 2320 insequitur,
1347 2278 1514 2315 Arethusa,
1535 2278 1592 2308 im-

936 2328 1055 2369 plorato
1071 2327 1183 2358 Dianae
1199 2327 1348 2363 subsidio,
1364 2327 1396 2357 in
1418 2327 1531 2358 fontem
1546 2327 1593 2358 sui

937 2377 1068 2407 nominis
1097 2387 1245 2408 conversa
1273 2382 1329 2407 est.
1375 2376 1472 2418 Cujus
1502 2376 1594 2407 undis

936 2436 1032 2466 quum
1052 2425 1193 2467 Alpheus
1216 2425 1415 2456 commiscere
1439 2436 1471 2456 se
1488 2425 1592 2461 vellet,

934 2474 989 2504 illa
1005 2485 1074 2505 vero
1093 2486 1146 2516 per
1162 2476 1377 2505 subterraneos
1398 2481 1518 2505 meatus
1533 2474 1592 2504 dif-

936 2523 1066 2563 fugeret,
1081 2534 1179 2565 usque
1203 2523 1235 2554 in
1252 2523 1390 2554 Siciliam
1413 2529 1593 2565 prosecutus

935 2578 992 2603 est.
1029 2572 1122 2602 Mra.

981 2622 1032 2652 32.
1046 2621 1084 2652 Te
1093 2623 1326 2661 mihijucunclas
1337 2621 1481 2662 efficiente
1492 2623 1553 2652 vias
1564 2622 1590 2662 !]

935 2669 1105 2702 Dictumne.
1126 2677 1173 2702 est
1195 2671 1252 2701 hoc
1270 2672 1360 2712 juxta
1381 2671 1459 2701 illud
1475 2671 1590 2706 Publii,

936 2719 1100 2750 Facundus
1115 2732 1205 2751 comes
1219 2723 1252 2751 in
1269 2723 1315 2751 via
1326 2732 1380 2760 pro
1394 2722 1526 2751 vehiculo
1535 2727 1589 2751 est.
