1760 3172
169 149 258 192 332

564 149 614 189 P.
649 148 759 190 OVI
769 148 862 190 DII
898 148 1178 191 NASONIS

168 263 262 311 Vel
289 264 408 326 quia
432 263 636 326 peccavi
661 263 786 311 citra
810 264 990 318 scelus,
997 251 1175 326 sutque
1202 262 1389 326 pudore

240 341 354 388 Non
381 348 532 397 caret,
549 334 746 388 ‘invidia
769 342 839 388 sic
866 356 979 388 mea
1002 341 1150 403 culpa
1175 346 1339 387 caret:

169 417 264 465 Vel
290 417 410 480 quia
435 417 503 464 nil
530 419 722 480 ingens,
752 419 814 465 ad
839 418 987 464 finem
1014 417 1133 464 solis
1159 417 1220 463 ab
1245 423 1372 471 ortu,
1500 417 1563 461 25

239 493 348 550 Illo,
376 495 455 541 cui
480 502 638 558 paret,
667 493 836 541 mitius
861 493 994 540 orbis
1020 493 1189 540 habet.

172 570 393 626 Scilicet,
422 577 477 617 ut
501 586 599 617 non
626 577 704 616 est
729 585 818 633 per
842 571 941 616 vim
967 569 1263 632 superabilis
1288 568 1390 623 ulli,

240 645 398 694 Molle
420 662 504 693 cor
529 646 592 694 ad
617 646 819 693 timidas
846 647 916 710 sic
943 646 1095 693 habet
1119 646 1200 692 ille
1226 661 1418 708 preces.

171 721 524 787 Exemploque
547 723 726 779 Deum,
746 724 930 786 quibus
953 739 1247 770 accessurus
1267 730 1318 769 et
1343 721 1451 785 ipse
1472 728 1563 775 est,

239 799 370 846 Cum
396 816 555 863 poenae
579 800 724 847 venia
750 801 894 863 plura
918 799 1141 861 roganda
1163 805 1350 862 petam.
1503 800 1567 843 30

173 875 227 922 Si
254 891 486 922 numeres
513 891 642 922 anno
669 877 800 923 soles
828 883 877 922 et
903 876 1073 922 nubila
1097 883 1222 930 toto,

239 952 470 1000 Invenies
497 953 708 1000 nitidum
735 954 917 1017 saepius
943 954 1042 1000 isse
1068 953 1218 999 diem.

171 1028 322 1091 Ergo,
350 1045 411 1076 ne
437 1037 605 1076 nostra
630 1029 836 1076 nimium
862 1031 1030 1077 laetere
1056 1029 1212 1083 ruina,

239 1105 456 1153 Restitui
486 1107 737 1168 quondam
764 1122 842 1154 me
868 1122 1072 1169 quoque
1097 1121 1246 1169 posse
1274 1112 1422 1168 puta:

170 1183 329 1230 Posse
354 1190 478 1246 puta
500 1182 622 1238 fieri,
649 1183 800 1230 lenito
828 1183 1070 1246 principe,
1097 1182 1263 1229 vultus
1499 1183 1562 1227 35

240 1259 311 1306 Ut
335 1259 504 1307 videas
530 1260 696 1307 media
720 1260 875 1306 tristis
902 1260 952 1306 in
982 1260 1104 1306 urbe
1130 1274 1296 1314 meos3

175 1335 348 1399 thue
374 1353 466 1399 ego
493 1343 542 1384 te
567 1337 763 1384 videam
789 1353 943 1384 causa
966 1336 1188 1399 graviore
1213 1335 1468 1398 fugatum:

238 1412 362 1461 Haec
389 1421 506 1461 sunt
531 1430 559 1462 a
584 1415 754 1479 primis
780 1415 1009 1478 proxima
1034 1421 1150 1462 vota
1173 1412 1310 1459 mihi.

631 1786 966 1835 ELEGIA
1012 1787 1107 1835 IX.

175 1921 219 1968 O
250 1937 358 1968 TUA
388 1920 429 1967 si
455 1920 644 1969 sineres
670 1921 720 1966 in
746 1921 927 1968 nostris
954 1922 1155 1968 nomina
1178 1922 1295 1985 poni

242 1997 578 2054 Carminibus,
605 1997 797 2061 positus
824 2014 974 2062 quam
996 1998 1116 2045 mihi
1143 2014 1277 2062 saepe
1303 1997 1459 2045 fores!

217 2198 270 2229 23.
300 2196 449 2236 Pudore]
487 2195 520 2226 h.
548 2206 576 2227 e.
601 2195 698 2226 stulto
725 2206 838 2233 errore,

172 2247 262 2288 cujus
277 2256 326 2276 me
342 2245 460 2287 pudere
476 2244 580 2275 debet.
626 2245 777 2276 HARLES.

217 2296 270 2326 29.
294 2295 435 2334 Exemplo
458 2293 587 2334 Deam]
621 2293 761 2324 Deorum
786 2304 839 2324 ex-

173 2344 288 2386 emplo,
308 2342 362 2384 qui
385 2343 487 2373 solent
506 2341 632 2372 veniam
654 2341 839 2372 mortalibus

174 2392 366 2424 concedere:
407 2397 472 2428 aut,
497 2390 550 2432 qui
579 2391 680 2432 magis
710 2391 839 2432 prosint,

173 2452 269 2484 quam
298 2441 414 2472 obsint.
474 2440 510 2469 Et
536 2441 604 2479 ipse.
642 2439 745 2470 Etiam
774 2439 839 2481 ipse

172 2491 348 2532 Augustus.
399 2489 449 2519 Est
475 2500 658 2519 accessurus.
690 2489 746 2519 Est
769 2499 839 2530 per-

173 2544 322 2571 venturus
335 2538 368 2569 in
382 2547 546 2568 numerum
563 2537 714 2567 Deorum.

217 2589 270 2619 30.
295 2587 371 2618 Cum
384 2598 475 2627 poenae
492 2587 578 2617 venia
591 2587 682 2625 plur«
706 2587 838 2627 roganda

172 2636 299 2677 petam]
327 2636 418 2667 Forte
430 2635 600 2677 scripserit,
613 2636 706 2675 plara
731 2646 838 2676 rogan-

176 2688 213 2717 da
229 2686 346 2728 feram,
370 2696 423 2727 pro
445 2684 615 2724 obtinebo5
640 2690 670 2715 et
691 2684 734 2715 ita
749 2685 839 2726 ferre

906 2196 1021 2239 passim
1036 2198 1168 2228 occurrit
1182 2211 1187 2228 ι
1204 2204 1300 2237 petam
1315 2198 1468 2240 etferam,
1478 2197 1572 2228 etiam

908 2245 1115 2277 confuderunt
1133 2246 1250 2277 librarii
1269 2257 1306 2278 ex
1324 2247 1416 2277 Pont.
1433 2246 1454 2277 i.
1471 2258 1502 2277 v.
1520 2247 1573 2277 30.

908 2300 938 2325 et
972 2294 1061 2325 alibi.
1102 2295 1249 2332 Petenda‚
1284 2295 1360 2326 edit.
1389 2296 1510 2326 Bersm.
1542 2300 1573 2325 et

908 2344 1057 2374 Pontani.
1102 2344 1152 2374 Bu
1160 2355 1220 2375 11111.

952 2393 1005 2423 36.
1036 2392 1077 2422 Ut
1099 2394 1195 2423 rideas
1216 2394 1311 2423 media
1333 2394 1428 2423 tristis
1448 2393 1478 2422 in
1502 2393 1574 2422 urbe

908 2452 982 2472 meos
999 2441 1130 2482 Vastus]
1156 2441 1272 2478 Tristis,
1289 2442 1328 2472 ob
1344 2441 1573 2473 restitutionem

908 2501 1010 2521 meam
1027 2490 1058 2520 in
1076 2491 1224 2532 patriam,

952 2540 1005 2569 38.
1036 2539 1109 2569 Vota
1137 2538 1296 2578 secundm]
1336 2538 1462 2568 Moreti.
1495 2537 1573 2568 Sunt

907 2588 1046 2619 secunda
1069 2595 1135 2630 post
1159 2588 1260 2630 prima
1285 2597 1354 2618 mea
1380 2592 1471 2623 vota;
1501 2595 1570 2626 quae

908 2643 990 2673 sunt,
1012 2637 1110 2679 primo
1129 2643 1162 2667 ut
1179 2646 1304 2666 revocer
1325 2636 1363 2665 al)
1385 2634 1507 2669 exsilio,
1525 2644 1574 2664 se—

909 2686 1010 2717 cundo
1023 2693 1055 2718 ut
1072 2692 1104 2717 tu
1120 2686 1185 2728 ipse
1201 2685 1337 2717 exsules.
