1760 3172
193 189 277 228 :355

586 186 635 226 Ρ.
670 186 880 227 OVlDll
918 186 1195 227 NASONIS

199 302 289 349 His
315 319 470 365 eques
496 303 768 348 instructus
795 302 1057 364 perterrita
1082 303 1262 349 moenia
1286 302 1478 358 lustrat,

264 379 405 427 More
432 380 533 443 lupi
559 379 752 426 clausas
780 378 1081 424 circueuntis
1106 395 1239 426 oves.

1519 383 1583 425 20

196 456 263 503 At
287 457 440 504 semel
466 457 684 503 intentus
710 471 857 502 nervo
882 456 1001 502 levis
1027 472 1169 503 arcus
1196 457 1397 520 equino,

263 533 475 580 Vincula
499 549 695 596 semper
714 533 903 580 habens
925 534 1198 591 irresoluta‚
1224 542 1407 582 manet.

198 609 356 658 Tecta
379 611 540 672 rigent
564 610 676 656 fixis
702 610 851 657 veluti
878 611 1057 658 vallata
1081 612 1291 674 sagittis,

264 687 519 751 Portaque
541 688 623 735 vix
649 687 789 735 firma
814 689 1074 736 submovet
1098 705 1233 737 arma
1258 706 1382 737 sera.

199 766 343 813 Adde
366 766 461 813 loci
486 765 680 822 faciem,
703 782 793 813 nec
819 766 1008 822 fronde,
1036 783 1127 814 nec
1153 768 1327 815 arbore
1352 767 1468 822 laeti,
1520 770 1583 813 25

267 842 332 890 Et
357 844 491 906 quod
517 843 647 890 iners
673 844 840 907 hyemi
866 844 1182 891 continuatur
1206 846 1399 908 hyems.

200 920 297 967 Hic
322 937 401 968 me
423 928 727 984 pugnantem
753 938 866 969 cum
887 921 1083 984 frigore,
1105 938 1322 985 cumque
1348 921 1559 984 sagittis,

267 998 501 1062 Cumque
526 1015 638 1047 meo
662 999 778 1055 fato,
808 1007 985 1063 quarta
1008 999 1183 1062 fatigat
1207 1000 1401 1063 hyems,

200 1075 322 1124 Fine
335 1083 508 1124 carent
522 1078 769 1141 lacrymae,
783 1077 876 1124 nisi
897 1093 1052 1140 quum
1072 1084 1246 1140 stupor
1261 1076 1454 1124 obstitit
1469 1076 1581 1131 illis,

266 1153 334 1200 Et
357 1153 531 1201 similis
556 1155 699 1202 morti
724 1161 929 1218 pectora
953 1163 1119 1218 torpor
1144 1155 1311 1202 habet.

1522 1156 1586 1200 30

200 1230 419 1278 Felicem
447 1231 660 1287 Nioben,
688 1233 914 1296 quamvis
939 1240 1014 1280 tot
1037 1232 1211 1280 funera
1234 1232 1372 1288 vidit,

267 1307 391 1363 Quae
417 1310 582 1373 posuit
606 1327 823 1367 sensum,
852 1327 1005 1358 saxea
1027 1311 1174 1367 facta,
1201 1310 1343 1357 mali!

200 1386 303 1433 Vos
329 1402 532 1450 quoque
556 1387 743 1445 felices,
771 1404 982 1451 quarum
1008 1388 1276 1435 clamantia
1299 1387 1500 1434 fratrem

269 1463 469 1511 Cortice
493 1465 672 1512 velavit
695 1467 909 1529 populus
935 1482 1019 1513 ora
1043 1482 1185 1513 novo.

203 1540 295 1587 Ille
319 1557 412 1603 ego
438 1558 563 1597 sum,
592 1542 782 1605 lignum
808 1544 891 1606 qui
920 1560 1017 1591 non
1043 1543 1276 1591 admittar
1300 1544 1348 1589 in
1374 1543 1529 1589 ullum
1550 1558 1559 1588 :

269 1617 361 1665 Ille
386 1634 477 1680 ego
504 1636 629 1676 sum,
656 1620 839 1667 frustra
863 1621 948 1683 qui
972 1621 1099 1684 lapis
1125 1637 1235 1668 esse
1260 1621 1423 1668 velim.

1523 1621 1586 1665 36

202 1695 322 1759 Ipsa
347 1695 562 1744 Medusa
586 1698 743 1744 oculis
767 1698 932 1745 veniat
955 1698 1072 1745 licet
1095 1698 1241 1745 obvia
1264 1697 1463 1752 nostris,

269 1772 482 1820 Amittat
504 1773 631 1821 vires
657 1774 767 1837 ipsa
791 1774 1008 1822 Medusa
1031 1791 1164 1822 suas.

245 2009 297 2038 20.
324 2008 410 2037 More
438 2008 502 2046 lupi
532 2008 676 2048 clausum]
716 2009 861 2040 Ovilibus

202 2057 285 2088 enim
303 2057 417 2088 clausis
441 2057 647 2088 obambulans
670 2057 762 2100 lupus
788 2059 861 2089 insi-

201 2106 280 2138 diari
295 2107 383 2138 solet.

246 2158 299 2188 23.
312 2157 411 2187 Tecta
426 2156 528 2187 infixis
540 2157 661 2198 sagittis
678 2164 709 2188 et
724 2158 863 2189 eminen-

202 2206 287 2237 tibus
309 2216 419 2248 aspera
440 2211 522 2242 sunt,
538 2212 570 2237 et
588 2206 636 2237 hae
660 2207 704 2238 ita
725 2207 860 2249 speciem

203 2255 278 2287 valli
293 2256 430 2286 referunt
444 2268 449 2285 :
467 2255 505 2286 de
514 2257 590 2296 fiais
606 2256 710 2287 confer
725 2268 754 2287 v.
769 2257 795 2287 T
796 2258 860 2288 rist.

203 2305 257 2337 vii.
285 2305 334 2336 17.
363 2304 459 2336 Ovid.
479 2305 579 2347 Epist.
601 2305 642 2337 iv.
669 2307 739 2337 159.
770 2309 862 2337 radiis

194 2356 332 2397 frontem
355 2354 490 2385 vallatus
518 2353 624 2386 secutis.
651 2355 682 2386 h.
701 2366 731 2386 e.
758 2356 862 2387 radios

203 2404 300 2436 veluti
315 2403 414 2435 vallos
427 2415 444 2435 e
460 2404 558 2435 fronte
573 2405 782 2446 prominentes
804 2405 858 2436 ha-

205 2454 291 2485 bens.
328 2453 477 2484 HARLizs.

247 2503 302 2533 29.
325 2502 395 2532 Nisi
412 2514 502 2542 quum
524 2503 654 2543 stupam]
682 2503 751 2534 Nisi
766 2514 861 2545 quum

203 2550 316 2582 mentis
329 2556 440 2592 torpor,
448 2557 477 2582 et
488 2551 577 2592 quasi
586 2552 732 2593 quaedam
743 2552 859 2583 aliena-

202 2600 245 2631 tio
261 2610 279 2631 a
293 2610 396 2630 sensu.

246 2650 299 2680 31.
332 2648 460 2679 Felicem
488 2649 630 2690 Nioben]
664 2650 767 2680 Niobe
796 2650 859 2680 filia

202 2698 259 2728 fuit
274 2697 398 2728 Tantali
413 2704 443 2728 et
454 2697 614 2740 Taygetae,
627 2709 765 2740 uxorque
782 2699 857 2729 Ani—

202 2747 333 2789 phionis.
378 2748 469 2784 Qum,
485 2754 514 2778 et
528 2749 636 2779 orbata
650 2749 713 2779 viro
728 2754 759 2779 et
775 2748 856 2785 filiis,

929 2009 1011 2050 apud
1036 2019 1127 2039 urnas
1151 2018 1256 2039 eorum
1282 2008 1313 2038 in
1339 2008 1476 2050 lapidem
1500 2019 1588 2039 versa

929 2058 1065 2099 diriguit.
1096 2057 1205 2098 Legito
1220 2056 1316 2088 Ovid.
1333 2057 1365 2087 in
1380 2058 1460 2088 Met.
1477 2057 1531 2088 lib.
1546 2057 1589 2088 vi.

933 2109 1074 2142 Quamvis
1099 2114 1140 2137 tot
1153 2107 1276 2148 funera
1306 2108 1391 2138 vidit.
1436 2107 1588 2143 Quamvis

931 2157 1043 2188 viderit
1058 2162 1103 2187 tot
1118 2156 1195 2187 filios
1210 2161 1357 2186 mortuos.

971 2207 1023 2237 33.
1056 2206 1108 2236 Vos
1134 2216 1244 2246 quoque
1259 2205 1396 2247 filices]
1428 2204 1588 2241 Heliades,

928 2255 959 2286 id
979 2261 1038 2291 est,
1055 2255 1135 2285 Solis
1146 2254 1237 2290 filias,
1253 2264 1369 2285 sorores
1383 2253 1590 2285 Phaethontis

928 2304 1005 2335 dicit
1018 2317 1024 2334 :
1049 2315 1131 2346 quae,
1147 2303 1282 2334 fraterna
1296 2303 1506 2345 funerajuxta
1521 2303 1589 2334 Eri-

927 2354 1043 2385 danum
1067 2353 1277 2395 deplorantes,
1299 2363 1454 2384 conversae
1478 2352 1588 2384 dicun-

927 2409 977 2434 tur
992 2403 1023 2433 in
1040 2403 1137 2438 alnos,
1149 2408 1183 2433 ut
1198 2402 1296 2433 voluit
1310 2403 1415 2432 Maro.

971 2454 1024 2483 37.
1054 2452 1122 2492 Ipsa
1150 2452 1275 2483 Medusa
1301 2452 1422 2492 oculis]
1450 2451 1591 2483 Phorcus

928 2513 965 2533 ex
983 2502 1082 2533 Cetho
1094 2502 1226 2543 conjuge
1243 2506 1304 2532 tres
1316 2501 1426 2532 habuit
1441 2501 1520 2532 filias
1535 2513 1589 2532 ex-

928 2551 1009 2582 imiae
1031 2551 1284 2593 pulchritudini&
1300 2552 1479 2593 Euryalem,
1496 2551 1587 2583 Sthe-

928 2600 1062 2637 nionem,
1079 2607 1110 2632 et
1126 2601 1304 2632 Medusam.
1323 2601 1474 2632 Fabulam
1498 2601 1589 2633 refert

929 2650 1073 2688 Ovidius,
1090 2652 1169 2681 Met.
1185 2651 1240 2681 lib.
1256 2651 1297 2682 iv.

970 2701 1024 2731 38.
1051 2702 1175 2731 Amittet
1196 2712 1264 2731 suas
1285 2701 1387 2741 vires]
1418 2701 1500 2738 Quia
1528 2711 1587 2732 non

927 2749 1059 2781 mutabit
1073 2761 1121 2781 me
1138 2749 1170 2780 in
1186 2761 1272 2781 saxa.
