1760 3172
208 185 294 228 162

594 182 646 226 P.
684 181 899 226 OVIDII
932 181 1215 224 NASONIS

210 301 263 349 Si
290 315 389 347 non
415 298 662 363 Euryalus
689 297 903 345 Rutulos
928 297 1194 344 cecidisset
1218 297 1266 343 in
1291 296 1477 352 hostes,

277 375 566 441 Hyrtacidae
595 375 719 422 Niso
744 375 899 437 gloria
923 375 1061 421 nulla
1083 373 1236 421 foret:

210 452 430 508 Scilicet,
451 459 505 500 ut
524 451 711 499 fulvum
737 458 991 514 spectatur
1012 451 1062 497 in
1087 450 1286 512 ignibus
1312 465 1502 503 aurum,
1530 450 1595 495 25

274 528 519 592 Tempore
545 527 616 574 sic
641 528 764 574 duro
786 534 862 574 est
885 526 1196 589 inspicienda
1218 525 1360 573 fides.

208 605 343 652 Dum
362 607 519 669 juvat,
548 612 598 652 et
621 605 759 651 vultu
785 603 913 651 ridet
936 602 1132 649 fortuna
1156 617 1348 658 sereno,

274 682 580 729 Indelibatas
606 687 787 728 cuncta
812 686 1088 743 sequuntur
1113 695 1263 742 opes:

206 757 275 805 At
298 758 444 805 simul
469 757 697 813 intonuit,
724 756 946 819 fugiunt;
987 771 1078 802 nec
1111 755 1333 802 noscitur
1358 754 1460 810 ulli,

271 833 570 897 Agminibus
595 833 833 880 comitum
859 832 945 895 qui
970 832 1117 879 modo
1143 832 1336 879 cinctus
1362 838 1482 879 erat.
1529 834 1593 878 30

205 909 374 973 Atque
398 910 522 966 haec,
544 910 788 973 exemplis
811 910 1065 973 quondam
1090 909 1299 956 collecta
1323 909 1558 973 priorum,

274 987 422 1034 Nunc
447 987 567 1034 mihi
593 994 709 1034 sunt
734 987 944 1051 propriis
970 987 1170 1049 cognita
1192 1002 1307 1034 vera
1331 986 1490 1033 malis.

205 1063 304 1112 Vix
328 1064 427 1111 duo
452 1070 631 1120 tresve,
658 1063 780 1110 mihi
805 1063 868 1110 de
893 1070 968 1110 tot
993 1063 1281 1126 superestis,
1308 1062 1483 1111 amici:

274 1140 472 1188 Caetera
494 1140 718 1196 fortunae,
746 1156 844 1186 non
868 1156 996 1196 mea,
1024 1140 1171 1187 turba
1193 1139 1301 1187 fuit.

207 1215 319 1270 Quo
343 1216 521 1279 magis,
548 1232 577 1263 o
602 1216 766 1279 pauci,
794 1217 943 1263 rebus
970 1216 1241 1264 succurrite
1265 1216 1436 1280 lapsis,

1529 1218 1592 1262 35

275 1293 341 1340 Et
364 1294 480 1340 date
505 1292 761 1356 naufragio
787 1293 930 1341 litora
953 1300 1062 1341 tuta
1086 1309 1225 1341 meo:

206 1370 347 1419 Neve
371 1378 507 1419 metu
533 1371 657 1418 falso
683 1371 889 1418 nimium
913 1371 1176 1436 trepidate,
1201 1371 1435 1418 timentes

274 1447 383 1496 Hac
404 1449 685 1496 offendatur
709 1465 771 1497 ne
796 1450 983 1513 pietate
1010 1449 1166 1497 DeUS.

207 1524 354 1588 Saepe
379 1525 529 1573 fidem
555 1526 773 1574 adversis
799 1527 949 1574 etiam
973 1527 1194 1574 laudavit
1217 1525 1267 1573 in
1292 1525 1457 1580 armis,

1528 1527 1590 1572 39

272 1601 434 1666 Inque
457 1603 559 1650 suis
585 1610 718 1651 amat
742 1604 869 1651 hanc
889 1604 1083 1660 Caesar,
1109 1603 1158 1650 in
1183 1603 1327 1650 hoste
1352 1603 1545 1666 probat.

202 1793 260 1825 erit
288 1794 432 1825 Phocaeae
456 1795 540 1827 urbis
565 1795 677 1827 incola.
701 1807 729 1827 v.
754 1796 865 1827 Burm.

202 1842 242 1873 cf.
258 1843 300 1875 iv.
317 1846 346 1874 4.
362 1844 414 1874 69.
437 1844 476 1874 de
497 1845 597 1875 Ponto
612 1844 656 1876 iii.
680 1846 711 1876 2.
728 1847 779 1876 59.
795 1856 864 1887 sqq.

203 1891 291 1933 Virg.
313 1893 389 1922 AEn.
405 1892 449 1922 iii.
471 1894 544 1923 330.
568 1904 640 1934 sqq.
659 1905 689 1924 v.
712 1894 864 1935 Heusing-

200 1939 241 1971 ad
257 1940 350 1971 Corn.
366 1942 407 1971 N.
423 1940 456 1971 ii.
468 1942 498 1972 6.
516 1943 544 1972 l.
590 1942 737 1973 HARLES.

244 1990 297 2020 22.
323 1990 393 2021 Tuae
406 1990 533 2031 furiam]
565 1991 660 2021 Furor
680 1997 778 2029 tuus;
803 2001 864 2032 quo

202 2037 385 2079 agitabaris,
398 2040 437 2070 ob
454 2045 583 2070 matrem
599 2039 808 2071 interfectam.

243 2088 297 2123 23,
315 2088 368 2117 24.
391 2099 421 2118 v.
431 2087 519 2129 Virg.
532 2087 596 2119 viii.
609 2088 685 2119 AEn.
699 2099 780 2119 vers.
796 2090 864 2119 176.

200 2147 268 2177 sqq.
314 2137 462 2168 Hamus.

243 2186 296 2215 24.
323 2185 502 2226 Hyrtacidae
522 2186 617 2226 Nisi]
645 2186 718 2217 Niso
742 2192 804 2218 tres
826 2187 863 2218 li-

199 2234 258 2264 bri.
279 2234 396 2265 HmNs.
428 2235 618 2275 Hyrtacidae.
643 2235 774 2276 Hyrtaci
791 2237 864 2268 filio.

243 2284 298 2313 27.
325 2284 534 2324 Duwzjuvczt.]
560 2286 636 2326 Opt.
652 2285 865 2325 Vatic.j1tvet.

201 2332 390 2373 Putofavec.
436 2333 553 2363 HmNs.

244 2382 296 2411 28.
322 2381 532 2422 Indelilmtas.]
555 2381 686 2412 Illaesas.
725 2383 864 2414 Man.—

201 2430 286 2472 Opes
312 2430 460 2472 integras,
487 2431 573 2461 nullo
603 2431 707 2462 adhuc
732 2442 807 2462 casu
833 2438 864 2463 et

199 2477 386 2510 detrimento
423 2478 614 2510 imminutas.
674 2480 793 2510 Cuncta
820 2492 863 2511 se-

200 2534 352 2568 quuntur.
400 2528 485 2564 Quia
500 2527 644 2559 felicibus
660 2528 700 2559 ad
721 2529 862 2560 volunta—

200 2581 262 2606 tem
276 2577 376 2607 fluunt
389 2576 504 2607 omnia.
550 2577 654 2607 Pom.

243 2626 296 2655 30.
331 2627 507 2667 Agminibus
543 2625 711 2666 comitum]
758 2625 863 2656 Turba

198 2672 373 2711 clientium,
401 2684 455 2705 seu
484 2673 587 2716 potius
624 2678 862 2705 assentatorum.

202 2722 303 2752 Pom.

977 1797 1029 1827 32.
1048 1795 1139 1826 Nunc
1154 1796 1227 1826 mihi
1239 1794 1338 1834 sunt]
1358 1793 1404 1824 Ne
1418 1793 1492 1823 mihi
1506 1792 1590 1834 frag-

933 1850 1072 1876 mentum
1090 1844 1193 1880 Revii,
1206 1849 1241 1874 ut
1252 1845 1297 1874 ita
1312 1842 1401 1883 Eleg.
1413 1842 1454 1873 vi.
1468 1843 1517 1873 16.
1529 1842 1592 1873 duo

931 1894 1022 1925 libri:
1051 1894 1105 1924 Nae
1122 1894 1246 1933 tibispm
1271 1894 1322 1923 rili
1341 1894 1394 1922 sub
1414 1893 1594 1932 pedibusque

922 1945 1027 1982 jacet,-
1052 1942 1122 1974 vide
1145 1942 1185 1973 ad
1211 1941 1347 1978 Quintil.
1368 1941 1460 1972 Decl.
1483 1941 1536 1972 vii.
1561 1942 1592 1972 9.

933 1993 1050 2022 Bumu.

976 2041 1028 2071 35.
1055 2039 1185 2080 Lapsis]
1213 2037 1306 2075 Quod
1327 2038 1432 2080 placet
1449 2038 1591 2075 Heinsio,

933 2088 1072 2130 metaph.
1091 2099 1110 2119 a
1125 2088 1217 2118 domo
1233 2092 1404 2118 corruente.
1448 2086 1493 2117 At
1508 2087 1592 2118 enim

933 2138 1010 2169 mira
1025 2143 1071 2169 est
1085 2136 1227 2168 lectionis
1242 2136 1385 2167 varietas.
1431 2136 1514 2167 Edit.
1531 2142 1594 2168 vet.

933 2196 1004 2217 cum
1014 2187 1082 2217 aliis
1093 2188 1182 2217 Ia‘sis:
1194 2186 1264 2216 libri
1273 2185 1325 2216 alii
1333 2186 1425 2221 lassis,
1434 2185 1593 2227 aliisessis.

933 2247 1003 2277 quae
1015 2235 1140 2277 quidem
1153 2245 1240 2266 voce.
1252 2245 1334 2276 saepe
1350 2234 1592 2266 confunduntur.

933 2295 961 2315 v.
979 2285 1138 2315 Drakenb.
1154 2284 1194 2315 ad
1217 2283 1272 2314 Sil.
1288 2283 1361 2314 Ital.
1381 2295 1411 2314 x.
1435 2284 1508 2315 606.
1554 2284 1592 2315 In

933 2338 1020 2363 tanta
1040 2333 1134 2374 igitur
1156 2333 1307 2364 varietate
1322 2332 1424 2363 forsan
1445 2343 1517 2364 vera
1533 2333 1592 2365 fuit

931 2381 1024 2413 lectio
1041 2383 1084 2412 lim
1092 2384 1125 2418 is,
1141 2382 1171 2412 h.
1187 2392 1214 2412 e.
1233 2381 1490 2417 inconstantibus,
1508 2383 1591 2423 quod

931 2440 997 2461 voc.
1015 2436 1046 2461 et
1059 2433 1228 2461 succurrite
1243 2437 1272 2461 et
1290 2432 1359 2460 date
1378 2431 1464 2460 litora
1481 2438 1591 2472 aptum

931 2479 999 2510 erit.
1025 2481 1109 2510 laius
1129 2486 1233 2510 autem
1252 2484 1283 2511 ct
1301 2481 1399 2518 lapsus
1418 2489 1500 2521 saepe
1516 2490 1590 2510 con-

930 2527 1113 2558 funduntur.
1129 2539 1158 2559 v.
1170 2528 1330 2559 Drakenb.
1346 2527 1385 2558 ad
1396 2527 1452 2560 Sil.
1463 2527 1503 2559 vi.
1517 2529 1591 2560 278.

930 2577 1006 2607 319.
1042 2575 1106 2607 viii.
1133 2577 1207 2607 322.
1253 2576 1433 2618 Cogitatum
1464 2587 1589 2618 quoque

929 2632 1053 2667 propter
1075 2636 1140 2667 seq.
1166 2637 1233 2657 voc.
1254 2627 1419 2667 nauti-agio
1437 2626 1589 2667 corrigere

920 2675 1028 2715 fluais.
1072 2675 1222 2707 IIAnLEs.
