1760 3172
395 180 705 225 TRISTIUM
738 180 858 222 LIB.
892 180 974 221 IV.
1009 181 1190 223 ELEG.
1223 181 1314 222 III.
1470 182 1554 224 281

166 298 275 346 Nec
301 314 452 362 quem
477 296 752 361 praeferres,
779 295 850 343 ita
873 311 951 342 res
977 295 1067 342 tibi
1093 312 1275 358 magna
1297 297 1520 362 videbar,

231 374 456 429 Quemve
481 381 620 421 tuum
645 372 820 419 malles
847 387 974 427 esse,
1004 372 1076 418 vir
1102 372 1227 419 alter
1248 381 1370 420 erat.
1494 376 1558 421 60

165 451 314 499 Nunc
353 467 554 515 quoque
590 466 653 498 ne
691 449 895 513 pudeat,
932 449 1076 512 quod‘
1110 449 1177 496 sis
1213 450 1333 496 mihi
1376 456 1556 514 nupta:

365 534 584 590 tuusque

232 604 347 652 Non
372 605 512 651 dolor
534 604 649 650 hinc
674 604 841 659 debet,
870 603 1023 651 debet
1048 602 1226 649 abesse
1252 603 1430 665 pudor.

105 715 110 720 -
165 681 333 736 Quum
358 681 543 729 cecidit
563 681 833 744 Capaneus
861 679 1025 726 subito
1050 679 1341 726 temerarius
1368 680 1488 736 ictu,

232 758 368 806 Num
392 758 516 821 legis
544 757 782 805 Evadnen
809 756 1069 803 erubuisse
1092 756 1229 803 viro?

166 836 292 891 Nec,
317 835 435 898 quia
455 851 544 882 rex
565 836 735 881 mundi
757 834 1069 897 compescuit
1088 834 1288 896 ignibus
1309 834 1468 896 ignes,
1497 838 1559 882 65

233 912 350 976 Ipse
376 913 491 968 tuis,
518 911 799 966 Phaethon,
828 911 1124 958 inficiandus
1151 927 1289 958 eras:

166 988 276 1037 Nec
305 989 503 1037 Semele
531 989 724 1036 Cadmo
749 989 882 1036 facta
907 995 983 1035 est
1009 988 1172 1035 aliena
1197 988 1408 1051 parenti,

233 1066 382 1121 Quod
406 1066 643 1131 precibus
669 1066 819 1130 periit
844 1066 1109 1113 ambitiosa
1133 1066 1235 1112 suis
1255 1083 1264 1113 :

167 1142 278 1191 Nec
303 1144 410 1200 tibi,
433 1144 569 1207 quod
595 1143 739 1190 saevis
766 1159 858 1205 ego
884 1159 993 1189 sum
1019 1142 1157 1190 Jovis
1185 1142 1385 1204 ignibus
1412 1141 1558 1198 ictus,

232 1219 523 1285 Purpureus
546 1221 682 1268 molli
707 1220 795 1267 fiat
819 1221 868 1266 in
895 1236 978 1267 ore
1004 1221 1180 1267 rubor:
1498 1224 1561 1267 70

168 1298 269 1346 Sed
293 1298 453 1361 magis
478 1299 528 1345 in
550 1298 703 1345 nostri
729 1314 899 1345 curam
925 1313 1169 1359 consurge
1195 1297 1385 1353 tuendi,

232 1376 640 1439 Exemplumque
665 1376 787 1422 mihi
813 1375 1040 1438 conjugis
1067 1382 1175 1422 esto
1200 1375 1372 1429 bonae3

166 1453 534 1517 Materiamque
560 1454 658 1501 tuis
685 1454 878 1501 tristem
904 1453 1170 1500 virtutibus
1197 1452 1378 1515 imple:

232 1531 406 1578 Ardua
430 1547 518 1594 per
542 1547 768 1595 praeceps
795 1530 951 1593 gloria
976 1530 1124 1576 vadat
1149 1530 1257 1576 iter.

167 1607 388 1656 Hectora
413 1608 525 1671 quis
550 1614 736 1663 nosset,
764 1608 805 1654 si
831 1607 950 1654 felix
976 1607 1128 1669 Troja
1152 1606 1361 1652 fuisset?
1500 1608 1561 1652 75

234 1685 447 1732 Publica
469 1685 636 1732 virtuti
658 1701 746 1748 per
771 1685 902 1732 mala
926 1685 1057 1731 facta
1080 1685 1160 1731 via
1184 1690 1276 1731 est.

166 1761 262 1808 Ars
284 1768 385 1817 tua,
405 1761 587 1825 Tiphy,
605 1763 758 1824 jacet,
783 1762 823 1808 si
846 1778 944 1808 non
970 1761 1035 1807 sit
1058 1760 1105 1806 in
1129 1775 1328 1823 aequore
1348 1760 1529 1806 fluctus
1550 1776 1558 1806 :

236 1838 289 1885 Si
314 1840 513 1886 valeant
537 1839 779 1894 homine&
808 1855 886 1886 ars
911 1846 1013 1894 tua,
1042 1838 1251 1892 Phoebe,
1273 1838 1426 1899 jacet.

168 1915 291 1970 Quae
316 1915 455 1971 latet,
483 1915 635 1978 inque
659 1916 804 1963 bonis
831 1922 998 1963 cessat
1022 1931 1119 1961 non
1148 1914 1348 1976 cognita
1372 1914 1536 1969 rebus,

208 1984 211 1985 ⁷
233 1992 461 2056 Adparet
484 1992 639 2038 virtus
666 1993 990 2055 arguiturque
1016 1991 1176 2038 malis,
1500 1994 1563 2037 80

170 2069 272 2117 Dat
295 2069 385 2116 tibi
411 2076 579 2121 nostra
603 2069 767 2116 locum
793 2068 923 2115 tituli
948 2068 1159 2123 fortuna,
1174 2075 1444 2131 'caputque

236 2146 578 2210 Conspicuum
604 2146 767 2210 pietas
793 2163 895 2210 qua
919 2153 1005 2194 tua
1030 2133 1174 2193 tollat
1198 2146 1367 2192 habet.

212 2291 265 2322 63.
279 2291 380 2326 Quum
395 2293 503 2322 cecidit
521 2291 708 2333 Capaneus]
729 2292 831 2334 Capa-

169 2351 247 2372 neus
265 2340 325 2371 fuit
341 2352 422 2371 unus
439 2352 477 2372 ex
498 2347 618 2383 septem
637 2341 762 2382 regibus
777 2342 831 2383 qui

168 2390 293 2421 Thebas
317 2390 516 2426 obsederunt,
535 2391 686 2433 superbus
710 2397 741 2421 et
766 2391 831 2422 De-

169 2450 257 2470 orum
272 2446 463 2471 contemtor:
489 2440 543 2482 qui
557 2451 730 2482 provocans
748 2440 832 2471 scili-

169 2494 220 2520 cet
234 2490 346 2520 Jovem
364 2489 476 2531 ipsum,
493 2501 592 2531 eoque
610 2490 707 2521 invito
723 2494 831 2531 captu-

169 2549 238 2569 rum
252 2538 378 2570 Thebas
397 2549 429 2569 se
445 2539 604 2575 minitans,
620 2539 652 2569 in
667 2540 830 2580 obpugna-

171 2586 255 2618 tione
273 2587 415 2618 Thebani
431 2587 510 2618 muri
525 2598 545 2618 a
558 2589 638 2619 Jove
651 2588 732 2618 ictus
748 2588 830 2618 ceci-

171 2636 228 2666 dit.

213 2686 268 2715 64.
294 2685 363 2715 Non
393 2685 493 2726 legis]
544 2685 624 2716 Num
657 2696 702 2727 pr.
728 2685 831 2716 Vatic-

171 2733 452 2775 Rottendorphian.
482 2739 511 2764 et
542 2733 603 2764 duo
627 2733 679 2764 alii
696 2745 702 2766 ς
736 2735 830 2764 bene.

900 2292 1017 2322 mes.
1066 2291 1223 2321 Euadnen.
1253 2287 1393 2329 Capanei
1426 2298 1563 2318 uxorem.

902 2341 1064 2371 Erubuisse
1096 2342 1167 2369 viro.
1209 2339 1279 2373 Pro,
1307 2343 1430 2379 propter
1455 2336 1565 2369 virum,

901 2398 954 2421 aut
968 2389 1024 2421 viri
1039 2399 1158 2419 casum.
1192 2387 1292 2424 Quasi
1308 2386 1402 2419 dicat,
1419 2384 1564 2415 maritum

899 2439 994 2470 etiam
1008 2438 1038 2468 in
1052 2436 1189 2468 adversis
1199 2435 1316 2467 amavit
1327 2434 1469 2469 Evadne,
1481 2433 1564 2474 quod

901 2488 933 2518 in
944 2489 1010 2529 ejus
1021 2498 1130 2528 rogum
1141 2486 1302 2517 ardentem
1313 2494 1345 2515 se
1356 2484 1451 2514 nimio
1461 2493 1563 2513 amore

901 2536 1121 2579 praecipitavit.

944 2587 997 2616 66.
1024 2585 1091 2625 Ipse
1111 2585 1172 2614 suis
1198 2583 1351 2613 Phaethon
1383 2582 1564 2621 itficiamlus

899 2635 992 2675 eran]
1015 2634 1086 2664 Tuis
1102 2644 1165 2663 eras
1182 2632 1357 2669 Junianus3
1374 2632 1473 2671 magis
1489 2640 1562 2671 poe-

900 2684 971 2714 tice.
1003 2684 1123 2713 mes.

945 2734 996 2763 8l.
1021 2733 1080 2762 Dat
1107 2733 1158 2761 ribi

1269 2731 1362 2760 Iocum
1390 2730 1476 2760 tituli
1492 2730 1561 2769 ⁴sbr-
