1760 3172
186 169 272 210 386

576 168 626 210 Ρ.
662 167 875 211 OVIDII
909 167 1188 211 NASONIS

191 284 403 347 Quoque
428 284 585 347 magis
611 290 803 331 nostros
828 284 971 331 venia
994 284 1198 346 dignere
1226 283 1436 339 libellos,

258 360 381 408 Haec
407 361 456 408 in
480 361 739 424 procinctu
765 360 984 408 carmina
1006 360 1139 408 sacta
1160 361 1313 422 leges.
1514 362 1571 405 10

193 437 306 485 Stat
328 444 470 485 vetus
495 438 630 493 urbs,
657 437 776 501 ripae
800 437 964 485 vicina
987 437 1251 484 binominis
1278 436 1409 493 Istri‚

258 514 510 562 Moenibus
535 522 585 563 et
610 514 775 579 positu
798 515 880 562 vix
906 515 1135 563 adeunda
1158 514 1270 562 loci.

194 592 408 657 Caspius
434 593 701 657 AEgypSOS,
729 593 791 640 de
816 608 870 640 se
895 593 935 640 si
961 592 1209 640 credimus
1235 591 1373 655 ipsis,

259 670 523 728 Condidit3
564 678 614 719 et
637 670 836 735 proprio
862 671 1062 718 nomine
1085 669 1215 717 dixit
1237 685 1380 732 opus.

193 746 335 795 Hanc
360 747 490 795 ferus
517 748 747 812 Odrysiis
772 747 973 812 inopino
999 747 1162 794 Marte
1188 745 1423 810 peremtis
1516 747 1572 791 15

259 824 423 888 Cepit,
451 832 501 872 et
524 825 574 871 in
599 841 767 888 regem
793 825 994 872 sustulit
1018 840 1154 872 arma
1179 823 1353 871 Getes.

192 899 285 948 Ille
310 917 497 949 memor
521 902 688 964 magni
713 901 925 965 generis,
947 901 1128 949 virtute
1154 901 1290 965 quod
1315 909 1479 962 auget,

258 977 493 1025 Protinus
518 978 774 1026 innumero
799 978 954 1026 milite
979 978 1173 1026 cinctus
1199 978 1372 1025 adest:

192 1053 299 1102 Nec
320 1055 454 1118 prius
480 1056 737 1112 abscessit,
765 1056 941 1104 merita
965 1072 1115 1120 quam
1140 1056 1279 1103 caede
1303 1061 1569 1102 nocentum

262 1131 328 1179 Se
352 1132 497 1179 nimis
522 1133 784 1193 ulciscenS,
812 1133 1005 1180 exstitit
1029 1133 1137 1196 ipse
1162 1149 1363 1180 nocens.

1510 1134 1574 1176 20

193 1209 260 1256 At
283 1208 389 1265 tibi,
418 1225 521 1266 rex,
549 1226 668 1266 aevo,
696 1210 858 1266 detur,
885 1209 1166 1267 fortissime,
1193 1217 1378 1264 nostro,

262 1286 471 1350 Semper
494 1287 733 1335 honorata
757 1295 956 1352 sceptra
978 1295 1148 1336 tenere
1174 1303 1339 1335 manu.

240 1436 287 1466 10.
304 1436 377 1466 Hoec
390 1438 421 1466 in
438 1438 597 1476 procinctu
612 1439 745 1468 carmina
757 1437 851 1480 facta

193 1484 300 1525 leges]
328 1485 366 1515 In
390 1485 561 1527 procinctu,
578 1487 700 1528 raptim.
746 1487 850 1518 Meta-

192 1533 290 1575 phora
309 1544 327 1564 a
342 1534 493 1565 militibus
509 1534 541 1565 in
560 1535 678 1566 bellum
692 1536 848 1577 profectu-

192 1582 243 1618 ris,
260 1582 313 1624 qui
333 1582 473 1614 celeriter
493 1584 609 1625 absque
624 1585 691 1615 ulla
705 1585 849 1616 solemni-

193 1637 257 1663 tate
282 1638 512 1670 testamentum,
528 1634 611 1675 quod
635 1633 668 1664 in
688 1634 850 1676 procinctu

192 1681 364 1718 dicebatur,
377 1681 544 1714 faciebant.
569 1683 636 1715 Cic.
649 1683 703 1714 lib.
713 1683 752 1715 de
762 1684 850 1715 Orat.

195 1730 349 1771 Tanquam
383 1733 417 1763 in
450 1734 608 1772 procinctu
646 1739 850 1764 testamentum

181 1780 317 1821 faceret.

240 1830 288 1860 11.
311 1829 385 1860 Istri
406 1831 588 1871 binominis]
615 1831 686 1862 Istri
710 1831 852 1864 habentis

191 1877 254 1908 duo
279 1878 414 1910 nomina.
461 1879 620 1910 Danubius
644 1880 726 1911 enim
750 1892 850 1922 usque

193 1925 234 1956 ad
250 1926 367 1958 Axium
391 1927 540 1969 oppidum
559 1929 754 1971 adpellatur:
779 1930 851 1961 inde

192 1986 266 2007 vero
293 1986 391 2018 usque
428 1977 468 2007 ad
505 1988 588 2009 mare
616 1978 695 2009 Ister
723 1978 849 2010 dicitur.

195 2023 289 2055 Mna.

240 2074 291 2104 12.
315 2073 356 2104 Et
380 2076 479 2114 posim
504 2077 587 2117 Ioci.]
614 2077 655 2107 Et
675 2076 771 2119 ipsius
791 2077 851 2109 loci

193 2123 265 2154 situ.
288 2123 384 2154 Mna.
426 2124 465 2155 In
490 2124 585 2156 arduo
606 2125 675 2157 scil.
690 2131 721 2157 et
743 2137 851 2158 saxoso

193 2171 262 2203 loco
277 2177 309 2203 et
323 2182 418 2214 prope
432 2173 604 2205 inaccesso.
640 2176 743 2206 Poxr.

238 2222 289 2253 13.
307 2221 430 2261 Caspius
447 2223 626 2265 AEgypsus.]
653 2225 812 2267 AEgypsus
833 2236 849 2255 e

193 2276 285 2313 gente
312 2271 437 2313 Caspia,
462 2283 532 2314 quae
556 2284 669 2305 nomen
699 2275 795 2316 portis
819 2281 851 2306 et

193 2320 269 2352 mari
298 2319 403 2352 dedit:
436 2327 472 2352 ut
508 2328 555 2353 est
585 2329 691 2354 auctor
719 2323 850 2360 Plinius,

192 2370 247 2401 lib.
262 2369 304 2400 vi.
340 2369 412 2401 Fuit
426 2372 588 2414 iEgypsus
602 2373 675 2404 urbs
688 2373 720 2404 in
735 2373 851 2405 Moesia

193 2418 345 2451 inferiore.

238 2469 288 2499 15.
313 2468 427 2510 Odrysi
453 2469 517 2500 sive
541 2469 673 2501 Odrusae
696 2481 772 2512 gens
794 2471 852 2502 fuit

192 2516 332 2549 Thraciae
347 2518 460 2550 nobilis
475 2525 506 2550 et
521 2523 641 2561 potens,
658 2519 731 2551 hinc
748 2520 851 2563 Odry-

192 2566 256 2598 sius
270 2566 368 2609 poetis
378 2573 426 2598 est
436 2567 598 2599 Thracius.
635 2568 786 2600 mnas.

239 2616 290 2647 16.
315 2615 440 2647 Bellum
461 2616 598 2659 suscepit
619 2624 727 2649 contra
746 2629 850 2660 regem

191 2664 331 2696 Thraciae
342 2671 416 2696 tunc
427 2665 630 2708 imperantem
643 2679 651 2705 ;
667 2668 720 2709 qui
731 2668 851 2700 videtur

188 2713 285 2745 fuisse
313 2714 558 2752 Rhoemetalces,
589 2722 644 2748 aut
672 2716 754 2748 filius
783 2718 849 2759 ejus

919 1437 1025 1480 Cotys,
1043 1438 1084 1469 ad
1104 1447 1198 1479 quem
1218 1437 1334 1478 scripta
1355 1441 1402 1467 est
1423 1436 1525 1477 elegia
1543 1438 1575 1468 9.

917 1487 989 1518 libr.
1010 1487 1043 1518 ii.
1088 1486 1259 1528 Utriusque
1279 1486 1395 1517 mentio
1418 1491 1465 1517 cst
1492 1485 1575 1528 apud

917 1537 1074 1573 Tacitum,
1100 1536 1217 1567 Annal.
1237 1536 1269 1567 ii.
1285 1536 1339 1566 64.
1392 1534 1575 1566 Verosimile

917 1593 973 1622 est,
990 1586 1058 1617 haec
1074 1585 1239 1627 contigisse
1254 1585 1286 1616 in
1307 1584 1362 1616 illa
1377 1585 1528 1616 Getarum
1543 1589 1575 1615 et

917 1637 1130 1667 Sarmatarum
1157 1635 1337 1677 irruptione,
1360 1645 1429 1676 quae
1459 1645 1576 1666 memo-

917 1692 1001 1717 ratur
1029 1696 1048 1716 a
1074 1685 1187 1722 Dione,
1203 1685 1244 1716 iv.
1268 1696 1300 1727 p.
1320 1686 1394 1716 568.
1419 1695 1490 1726 sqq.
1523 1690 1576 1715 aut

917 1736 1079 1770 Strabone,
1095 1734 1165 1765 libr.
1179 1734 1231 1765 vii.
1250 1734 1329 1766 duce
1346 1734 1496 1765 Getarum
1513 1734 1574 1763 Bo-

917 1786 1049 1816 rebaste.
1095 1778 1302 1826 Recuperata‘
1318 1790 1364 1814 est
1388 1783 1532 1824 AEgissus
1558 1794 1577 1814 a

919 1834 1039 1866 Vestali
1068 1833 1193 1865 Moesiae
1227 1833 1369 1876 praeside,
1397 1833 1468 1864 vide
1497 1833 1577 1863 infra

919 1882 959 1914 iv.
971 1885 1001 1915 7.
1013 1885 1066 1914 21.
1082 1884 1325 1915 Vnnpoomm.
1362 1883 1444 1913 Hinc
1460 1882 1576 1913 intelli-

919 1932 1001 1973 gitur
1021 1933 1089 1964 laus
1112 1938 1145 1963 et
1165 1932 1359 1974 Apostrophe
1383 1932 1510 1972 elegans
1535 1931 1575 1962 ad

919 1992 1070 2023 regem‚v.
1085 1982 1137 2012 21.
1153 1992 1222 2022 sqq.
1237 1991 1299 2022 qua
1314 1986 1405 2022 poeta
1421 1980 1574 2011 historicae

918 2029 1084 2061 narrationi
1099 2030 1205 2061 lumen
1224 2029 1381 2071 quoddam
1397 2035 1429 2060 et
1443 2029 1577 2060 colorem

919 2078 1030 2110 adfert.
1049 2080 1175 2121 Gregem
1191 2079 1260 2110 cod.
1276 2078 1393 2109 Erfurt.
1427 2079 1576 2110 HARLLS.

964 2129 1013 2159 17.
1031 2129 1115 2169 Illa]
1133 2129 1204 2159 Rex
1220 2127 1353 2159 scilicet.
1385 2128 1471 2162 Quod
1484 2136 1575 2170 auget

917 2180 1042 2209 virtute.
1076 2178 1168 2216 Quod
1190 2188 1289 2219 genus
1315 2178 1439 2220 propria
1462 2177 1575 2209 virtute

917 2227 970 2258 ille
985 2227 1084 2268 magis
1099 2227 1217 2258 clarum
1232 2227 1319 2258 facit.

964 2278 1012 2307 18.
1026 2277 1143 2318 Adest]
1158 2277 1237 2308 Cum
1253 2286 1366 2317 magno
1380 2275 1519 2308 exercitu
1535 2277 1576 2308 ad

917 2326 1066 2369 oppidum
1080 2332 1206 2368 captum
1219 2326 1357 2358 revertit.

964 2376 1012 2406 19.
1030 2376 1144 2406 Merita
1164 2377 1240 2407 ccrcle
1262 2376 1447 2417 nocentum]
1472 2376 1577 2408 Morte

918 2434 1011 2466 quam
1035 2424 1136 2455 meriti
1159 2423 1282 2456 fuerant
1304 2430 1450 2456 nocentes
1473 2425 1576 2461 Getae,

918 2483 937 2503 a
959 2473 1072 2515 quibus
1090 2473 1238 2516 oppidum
1260 2473 1427 2517 improviso
1449 2481 1575 2516 captum

917 2521 1056 2552 dixerat:
1082 2533 1153 2553 narn
1175 2522 1214 2554 ad
1230 2534 1327 2554 unum
1343 2533 1449 2554 omnes
1464 2523 1575 2554 intere-

918 2570 985 2601 mit.

960 2621 1013 2652 21.
1029 2622 1069 2651 Ac
1094 2623 1157 2657 tibi,
1175 2621 1251 2662 rein]
1278 2621 1372 2652 Nunc
1394 2621 1487 2653 vertit
1511 2632 1574 2652 ser-

918 2679 1037 2700 monem
1053 2669 1093 2700 ad
1109 2680 1211 2711 regem
1229 2670 1282 2712 qui
1298 2670 1409 2702 virtute
1425 2670 1575 2713 oppidum

916 2718 1011 2749 Tomo
1029 2719 1191 2750 finitimum
1208 2719 1337 2762 recepit.
