1760 3172
434 192 744 236 TRISTIUM
778 192 899 234 LIB.
930 193 967 234 Ι.
1002 192 1182 235 ELEG.
1213 193 1295 235 VI.

1479 194 1563 236 165

169 307 437 372 Quumque
474 308 633 355 minor
669 307 795 356 Jove
833 308 898 354 sit
933 308 1136 354 tumidis
1178 309 1264 370 qui
1303 316 1476 370 regnat
1512 309 1562 356 in

234 383 383 431 Illum
410 384 652 448 Neptuni,
680 401 760 432 me
784 383 814 430 J
819 384 922 431 ovis
947 383 1019 431 ira
1042 384 1239 447 premit.

1370 386 1556 446 [undis,

166 461 327 517 Adde,
356 461 491 524 quod
516 461 646 508 illius
673 478 787 525 pars
814 461 1033 508 maxima
1058 461 1176 507 ficta
1200 461 1426 508 laborum
1454 469 1558 518 est;

234 537 443 585 Ponitur
467 538 516 584 in
542 540 724 586 nostris
750 539 919 586 fabula
943 539 1080 586 nulla
1106 539 1266 585 malis.
1500 544 1563 586 80

168 613 402 678 Denique
428 615 667 678 quaesitos
692 616 857 678 tetigit
881 623 1048 663 tamen
1074 615 1158 663 ille
1185 614 1433 671 Penates3

236 691 463 755 Quaeque
488 692 573 738 diu
600 693 759 756 petiit,
788 694 1000 756 contigit
1020 709 1136 740 arva
1160 700 1343 740 tamen.

170 768 237 815 At
261 768 381 815 mihi
406 775 649 832 perpetuo
676 770 837 832 patria
861 771 1038 818 tellure
1063 770 1335 817 carendum
1361 777 1453 825 est,

237 845 302 891 Ni
327 844 474 893 fuerit
497 846 603 892 laesi
628 846 825 894 mollior
849 847 920 894 ira
947 847 1058 894 Dei.

625 1056 954 1104 ELEGIA

1007 1057 1096 1103 VI.

168 1149 285 1197 NEC
313 1158 507 1198 tantum
535 1152 701 1199 Clario
728 1150 869 1214 Lyde
895 1150 1081 1198 dilecta
1106 1160 1283 1215 poetae,

235 1227 282 1274 N
288 1244 344 1275 ec
370 1236 563 1276 tantum
591 1229 697 1276 Coo
726 1227 890 1275 Battis
917 1236 1081 1276 amata
1107 1245 1196 1277 suo
1222 1238 1314 1286 est,

167 1303 465 1352 Pectoribus
491 1313 735 1369 quantum
757 1312 810 1352 tu
837 1306 1034 1361 nostris,
1063 1324 1204 1363 uxor,
1233 1308 1461 1364 inhaeres,

235 1381 402 1445 Digna
425 1382 587 1430 minus
614 1383 809 1439 misero,
839 1399 936 1430 non
961 1385 1163 1432 meliore
1189 1385 1306 1432 viro.

168 1457 240 1506 Te
265 1475 392 1515 mea,
421 1460 684 1523 subposita
707 1459 858 1507 veluti
885 1461 1042 1517 trabe,
1070 1461 1194 1509 fulta
1218 1463 1358 1509 ruina
1383 1469 1489 1520 est3
1531 1466 1560 1510 5

237 1535 291 1582 Si
317 1537 439 1600 quid
468 1537 632 1584 adhuc
661 1553 754 1600 ego
785 1554 912 1594 sum,
942 1541 1159 1587 muneris
1185 1556 1331 1588 omne
1357 1541 1427 1587 tui
1454 1549 1557 1588 est:

209 1657 260 1688 78.
275 1657 357 1689 Jovis
371 1659 447 1699 im]
474 1659 611 1700 Augusti
625 1660 731 1690 odium
748 1671 753 1689 ε
771 1660 825 1701 qui

162 1705 210 1737 his
223 1707 414 1750 temporibus
424 1715 471 1739 est
484 1708 530 1738 illi
542 1719 681 1740 summus
693 1709 710 1740 J
718 1709 827 1750 upiter.

161 1754 256 1786 MER.

205 1806 257 1836 80.
282 1805 322 1836 In
344 1808 464 1842 nostris,
487 1807 561 1847 δια]
598 1807 754 1837 Homerus
778 1817 826 1837 sa-

161 1854 282 1896 pienter
294 1855 395 1892 finxit,
412 1861 444 1887 et
460 1856 575 1887 fabulis
596 1867 695 1887 rerum
713 1856 827 1887 verita-

161 1908 224 1934 tem
245 1904 342 1935 texit:
368 1915 427 1945 ego
449 1915 578 1936 causam
598 1905 735 1947 fingendi
757 1905 827 1936 nul-

162 1952 224 1983 lam
236 1952 348 1985 habeo.
396 1954 500 1985 PONT.

205 2002 257 2032 82.
284 2002 412 2044 Quaeque
425 2005 479 2034 diu
491 2004 606 2044 petiit]
632 2004 755 2035 Decem
772 2014 826 2034 an-

160 2060 228 2082 nos.

208 2150 236 2180 1.
266 2150 379 2191 Lyda]
413 2151 502 2193 Lyde
531 2152 634 2183 amica
663 2153 722 2183 fuit
751 2152 826 2183 Cal-

160 2197 301 2235 limachi,
327 2209 423 2240 quam
447 2200 664 2232 ardentissime
698 2202 824 2232 amavit.

165 2246 268 2278 Clario
293 2255 394 2288 poetae.
440 2249 636 2281 Callimacho
665 2250 825 2292 Apollinis

161 2296 236 2327 vati.
283 2297 405 2328 Clarius
420 2297 504 2328 enim
519 2298 634 2340 Apollo
650 2299 826 2341 appellatus

161 2351 220 2382 est,
235 2357 253 2377 a
268 2346 373 2378 Clario
388 2348 471 2379 luco.

207 2395 331 2427 Clarius
349 2404 443 2438 poeta
462 2403 509 2428 est
527 2397 747 2433 Antimachus,
764 2398 826 2429 Co-

161 2444 327 2486 lophonius
342 2446 456 2487 patria.
500 2448 638 2478 Fuerunt
657 2454 762 2478 autem
778 2447 825 2477 in-

162 2499 210 2525 ter
230 2505 262 2526 se
287 2495 392 2526 vicina
408 2496 581 2539 Colophon,
606 2503 636 2528 et
660 2497 758 2529 Clarii
780 2497 823 2528 A·

162 2544 287 2585 pollinis
316 2546 489 2577 oraculum.
534 2547 566 2578 Is
592 2552 687 2589 poeta
717 2547 824 2578 insano

163 2603 266 2624 amore
290 2593 400 2635 Lyden
420 2602 629 2637 prosequutus
656 2607 769 2638 poema
793 2596 823 2627 in

161 2641 229 2683 ejus
238 2642 383 2673 honorem
397 2642 509 2682 Λύδην
518 2644 650 2686 scripsit.
675 2646 824 2676 HARLES.

205 2691 239 2721 2.
266 2691 351 2732 Com]
379 2692 409 2723 h.
423 2703 451 2724 e.
473 2693 617 2729 Philetae,
633 2700 731 2736 poetae
749 2695 823 2731 Con,

163 2740 218 2781 qui
233 2740 371 2772 Battidis
385 2751 521 2773 amorem
531 2742 669 2774 carmine
683 2743 824 2775 declara-

882 2549 976 2589 fulta
992 2550 1085 2578 ruina
1101 2555 1152 2579 est.

896 1661 949 1698 vit,
965 1672 1001 1693 ac
1018 1663 1075 1693 sub
1088 1662 1271 1693 Alexandro
1283 1664 1330 1693 M.
1343 1669 1374 1693 et
1390 1663 1560 1694 Ptolemaeo

894 1710 984 1741 vixit.
1025 1712 1203 1754 Propertius
1218 1713 1285 1754 ejus
1301 1713 1496 1753 frequentem
1513 1712 1560 1744 in-

890 1760 968 1801 jecit
985 1762 1184 1793 mentionem.
1202 1762 1246 1792 iii.
1260 1762 1309 1792 El.
1322 1762 1342 1792 i.
1360 1774 1388 1792 v.
1407 1763 1434 1792 1.
1450 1762 1493 1792 iii.
1511 1763 1561 1793 El.

894 1809 926 1841 ii.
939 1822 968 1840 v.
984 1812 1036 1846 51,
1053 1813 1105 1842 52.
1151 1812 1301 1842 HARLFS.

938 1860 967 1889 4.
995 1860 1100 1891 Minus
1114 1861 1245 1901 miserm]
1274 1860 1418 1892 Feliciori
1437 1861 1559 1892 marito.

898 1908 968 1939 Non
984 1910 1122 1947 meliore,·
1148 1921 1216 1941 sum
1229 1910 1311 1942 enim
1326 1921 1364 1940 ex
1380 1909 1560 1951 antiquissi-

896 1968 947 1988 ma
969 1964 1000 1989 et
1024 1959 1218 1990 nobilissima
1240 1960 1406 1990 Nasonum
1429 1959 1559 1996 familia,

896 2018 933 2038 ex
960 2019 1022 2049 qua
1052 2009 1295 2040 innumerabiles
1325 2008 1446 2050 equites
1474 2008 1559 2039 exie-

895 2063 986 2088 runt:
1012 2069 1081 2089 sum
1104 2064 1197 2100 poeta
1225 2069 1345 2089 summo
1370 2057 1505 2098 ingenio,
1528 2064 1560 2089 et

894 2106 1067 2138 eruditione
1101 2108 1283 2149 praestanti3
1316 2118 1378 2149 quo
1415 2108 1558 2149 conjuge,

895 2161 966 2187 ante
984 2156 1063 2188 hanc
1080 2167 1184 2188 meam
1203 2156 1428 2192 calamitatem,
1445 2162 1475 2187 te
1490 2157 1559 2199 jac-

893 2210 957 2235 tare
973 2206 1111 2236 solebas.
1159 2206 1273 2237 Confer
1287 2205 1343 2236 lib.
1355 2205 1395 2236 iv.
1411 2205 1502 2246 Eleg.
1515 2204 1559 2236 iii.

892 2265 922 2285 v.
938 2256 990 2286 53.
1007 2266 1076 2297 sqq.

938 2306 967 2334 5.
994 2304 1034 2334 Te
1049 2316 1110 2335 mea
1128 2306 1277 2344 subposita
1292 2303 1363 2342 est.]
1388 2302 1558 2345 Accipien-

892 2352 967 2383 dum
983 2358 1029 2383 est
1044 2353 1082 2383 de
1099 2352 1356 2394 possessionibus,
1371 2352 1402 2382 in
1419 2363 1496 2393 quas
1511 2352 1558 2384 in-

893 2402 1042 2432 volabant
1067 2402 1207 2432 homines
1236 2401 1408 2432 alienorum
1440 2401 1556 2443 cupidi,

893 2461 1026 2492 quarum
1042 2451 1195 2482 fructibus
1210 2450 1242 2481 in
1257 2450 1367 2481 exsilio
1388 2450 1454 2491 ipse
1473 2450 1556 2481 vive-

894 2500 957 2529 bat.
995 2500 1099 2530 PoxT.
1159 2499 1314 2538 Subposita
1346 2500 1438 2529 veluti
1476 2501 1558 2529 trabe

1199 2549 1273 2578 Non
1294 2548 1409 2578 damno
1429 2548 1556 2588 quidem

893 2597 972 2628 hanc
1010 2597 1187 2632 lectionem,
1213 2608 1308 2638 quam
1338 2597 1409 2627 libri
1436 2603 1557 2629 veteres

892 2652 1086 2687 agnoscunt3
1111 2647 1262 2677 veriorem
1291 2651 1397 2677 tamen
1424 2656 1556 2687 auguror

893 2696 968 2731 fore,
999 2695 1023 2725 si
1057 2697 1164 2725 carina
1200 2706 1341 2737 reponas.
1402 2695 1556 2735 Intelligit

893 2745 997 2775 trabes
1010 2743 1091 2780 illas,
1106 2755 1175 2785 quae
1188 2743 1352 2774 subductis
1368 2744 1398 2774 in
1411 2744 1485 2775 litus
1501 2755 1556 2774 na-

968 2798 1038 2828 ΜΒ
