1760 3172
239 158 296 198 90
634 155 686 197 Ρ.
720 153 935 197 OVIDII
968 153 1252 197 NASONIS

238 271 310 320 Te
337 286 527 336 precor,
554 272 584 318 ὢ
604 277 760 325 vates,
789 270 921 318 adsit
945 277 1031 318 tua
1055 271 1224 318 laurea
1248 271 1408 325 nobis,
1571 273 1634 318 75

304 348 570 405 Carminis,
599 343 898 403 et‘medicae,
927 346 1136 403 Phoebe,
1164 355 1386 411 repertor
1410 347 1535 411 opis.

233 425 309 472 Tu
336 426 522 490 pariter
545 425 661 481 vati,
690 425 875 489 pariter
900 440 1133 471 succurre
1160 424 1380 472 medenti
1403 440 1412 472 ε

304 502 534 566 Utraque
558 503 727 550 tutelae
754 502 958 549 subdita
981 517 1101 549 cura
1125 509 1242 549 tuae.

235 579 370 627 Dum
394 580 530 635 licet,
558 587 609 626 et
634 578 816 625 modici
842 586 1054 641 tangunt
1079 579 1355 642 praecordia
1378 586 1542 626 motus
1564 596 1574 635 ;

303 656 357 703 Si
378 657 534 720 piget,
562 656 612 703 in
637 657 797 720 primo
822 656 992 703 limine
1018 657 1139 704 siste
1164 657 1363 721 pedem.
1571 659 1634 703 80

235 733 496 798 Opprime,
521 734 641 781 dum
667 750 794 782 nova
813 742 944 791 sunt,
967 735 1120 782 subiti
1141 735 1272 783 mala
1292 734 1484 782 semina
1504 749 1633 780 mor-

300 811 367 858 Et
390 818 524 866 tuus,
552 811 797 874 incipiens
824 811 910 867 ire,
938 811 1138 859 resistat
1163 828 1342 875 equuS.

1533 810 1629 873 [bi;

232 886 366 935 Nam
391 904 530 935 mora
547 888 634 935 dat
657 888 804 943 vires,
827 895 1026 936 teneras
1047 905 1186 936 mora
1203 889 1469 953 percoquit
1486 904 1629 936 uvas:

299 964 366 1012 Et
388 966 578 1013 validas
605 973 820 1028 segetes,
848 966 984 1030 quod
1010 965 1103 1013 fuit
1127 966 1298 1022 herba,
1325 965 1460 1013 facit.

232 1041 357 1096 Quae
383 1044 575 1107 praebet
599 1044 726 1091 latas
754 1044 899 1091 arbor
923 1044 1258 1109 spatiantibus
1285 1044 1504 1098 umbraS,
1569 1045 1630 1090 85

298 1119 410 1174 Quo
436 1120 602 1184 posita
627 1127 706 1169 est
730 1121 947 1185 primum
972 1129 1215 1186 tempore,
1241 1121 1380 1184 virga
1402 1120 1510 1167 fuit.

231 1197 360 1245 Tum
387 1205 584 1262 poterat
609 1199 840 1247 manibus
867 1200 1062 1246 summa
1086 1200 1264 1247 tellure
1289 1198 1486 1259 revelli3

300 1274 347 1321 N
353 1291 449 1322 unc
476 1283 575 1323 stat
600 1276 649 1323 in
675 1276 975 1324 immensum
999 1276 1186 1323 viribus
1213 1283 1360 1323 aucta
1384 1275 1509 1323 suisf

233 1352 393 1407 Quale
414 1354 478 1400 sit
496 1354 563 1409 id,
582 1355 717 1417 quod
738 1370 892 1409 amas,
911 1354 1062 1402 celeri
1082 1354 1415 1418 circumspice
1436 1360 1627 1400 mente:

299 1430 366 1478 Et
390 1437 477 1478 tua
500 1431 678 1479 laesuro
704 1432 942 1479 subtrahe
967 1433 1097 1480 colla
1115 1434 1255 1496 jugo.

275 1574 327 1605 75.
354 1573 393 1604 Te
409 1585 514 1613 precor
533 1576 691 1615 incipiens,
712 1577 802 1612 adsit,
818 1576 894 1616 δια]

231 1622 382 1663 Incipiens
394 1624 583 1665 Naugerius.
605 1624 806 1667 Ἀρχόμενος
815 1626 897 1657 The-

229 1673 328 1714 ognis.
353 1673 406 1704 sed
422 1673 438 1703 ὁ
457 1681 534 1705 rates
550 1681 625 1717 puto
641 1675 765 1706 rectius.
812 1676 898 1707 Deos

231 1728 335 1753 autem
356 1722 476 1764 precari
498 1734 565 1754 mos
586 1730 664 1760 erat,
682 1730 716 1755 ut
736 1735 898 1757 succurre-

229 1777 308 1808 rent,
323 1771 534 1808 subvenirent,
551 1773 749 1816 adjuvarent.
792 1773 898 1805 Tibul.

230 1820 286 1852 lib.
302 1821 323 1852 i.
340 1821 389 1851 El.
403 1822 435 1852 3.

276 1870 369 1902 Nunc
386 1871 462 1907 Dea,
480 1883 562 1902 nunc
576 1881 731 1903 succurre.

231 1921 409 1951 Bmzsmx.
456 1920 618 1960 Incipiens.
662 1922 710 1952 Ex
727 1922 828 1964 prisco
843 1932 896 1954 ex-

230 1969 362 2012 emplari
383 1969 489 2000 Vatic.
515 1969 685 2011 legendum
708 1977 765 2008 est,
789 1977 821 2002 et
846 1983 894 2003 ra-

230 2018 326 2054 tione,
357 2028 452 2060 quam
484 2018 590 2049 statim
620 2019 764 2060 reperies.
803 2020 896 2052 Cror.

229 2067 296 2098 Alii
319 2067 456 2103 codices,
477 2067 493 2098 ὁ
513 2075 605 2098 vates.
651 2068 712 2099 Sed
724 2069 824 2100 Jureti
843 2080 895 2101 ex-

231 2123 349 2159 cerpta,
366 2119 545 2148 arcitenens.
565 2116 692 2160 optime.
715 2118 897 2160 Apollinem

230 2167 274 2197 sic
296 2165 412 2209 passim
433 2167 509 2204 dici,
530 2167 669 2198 Dianam
684 2178 821 2210 quoque,
843 2170 896 2211 qui

231 2215 342 2252 nescit,
366 2215 459 2247 valde
476 2215 502 2247 is
520 2222 641 2258 oportet
665 2217 844 2259 peregrinus
860 2229 896 2249 ac

231 2264 342 2307 hospes
362 2265 401 2295 sit
423 2265 455 2296 in
478 2265 603 2308 scriptis
626 2268 791 2308 poetarum
813 2273 896 2299 vete-

230 2325 308 2345 rum.
340 2315 456 2346 mes.
502 2316 576 2346 Non
600 2321 705 2347 tamen
728 2317 827 2348 audeo
851 2329 897 2349 re-

230 2363 361 2406 pudiare
381 2370 516 2396 veterem
536 2365 714 2402 lectionem,
729 2377 799 2409 quae
822 2377 896 2399 con-

230 2414 370 2444 firmatur
384 2424 422 2445 ex
439 2424 505 2456 seq.

278 2463 450 2503 Tripariter
464 2466 536 2501 rati,
550 2467 668 2504 pariter
679 2476 823 2497 succurre
839 2477 896 2497 me-

318 2515 413 2544 clenti.

231 2562 349 2594 Nullus
364 2563 415 2594 hic
430 2563 518 2595 locus
535 2562 605 2594 telis
619 2569 650 2595 et
670 2563 756 2595 arcui
771 2564 895 2607 Apolli-

232 2612 292 2647 nis,
318 2612 432 2654 quibus
456 2612 618 2644 instruitur
644 2612 683 2644 ad
708 2613 837 2649 bellum,
865 2621 894 2645 et

230 2661 308 2692 iram
329 2662 550 2693 exserendam:
576 2662 704 2704 placido
726 2662 778 2693 hie
795 2663 894 2705 Apol-

230 2711 293 2742 line
309 2717 339 2742 et
360 2710 496 2743 laureato
511 2722 589 2754 opus
604 2718 661 2749 est,
677 2717 709 2744 et
729 2712 829 2753 lyram
847 2718 892 2744 te-

1566 1433 1631 1478 90

965 1582 1068 1608 nente.
1113 1576 1231 1608 Euam.

1008 1627 1060 1656 83.
1087 1625 1216 1657 Tener-as
1241 1637 1322 1656 mora
1346 1626 1499 1666 percoquit
1524 1623 1627 1663 uvas]

966 1675 1112 1716 Decoqnit
1141 1674 1248 1718 scripti
1282 1674 1437 1710 nonnulli,
1467 1673 1563 1705 etiam
1592 1682 1630 1704 ex

965 1724 1156 1760 melioribus,
1179 1734 1252 1755 cum
1280 1723 1379 1766 prima
1409 1722 1557 1754 editione,
1588 1721 1631 1752 nil

965 1779 1053 1804 muta
1076 1779 1192 1804 tamen.
1239 1772 1447 1805 Germanicus
1471 1772 1578 1803 Caesar
1597 1772 1629 1802 in

964 1823 1137 1864 fragmento
1148 1822 1416 1865 prognosticorum
1430 1821 1564 1853 inedito:

1008 1873 1101 1903 Libra
1122 1878 1315 1904 tumescentes
1336 1879 1432 1903 musto
1446 1873 1516 1902 bene
1526 1882 1631 1912 perco-

1048 1923 1114 1962 quit
1129 1933 1213 1952 uva-5.

963 1970 1090 2012 Proprie
1120 1976 1225 2002 autem
1261 1972 1346 2012 coqui
1383 1970 1422 2002 de
1459 1968 1629 2000 vindemia.

964 2019 1047 2050 Hinc
1065 2026 1189 2050 coctura
1209 2019 1373 2051 dicebatur
1394 2029 1432 2050 ea
1452 2018 1527 2050 coeli
1550 2024 1628 2049 tem-

963 2068 1073 2110 peries,
1100 2079 1169 2110 quae
1200 2079 1277 2100 uvas
1303 2076 1443 2100 maturas
1468 2067 1630 2099 reddebat.

964 2118 1083 2149 mes.

1008 2167 1060 2198 88.
1084 2168 1185 2198 Aucta
1208 2167 1295 2208 suis.]
1333 2168 1411 2198 Acta
1435 2166 1560 2198 rectius.
1583 2164 1628 2197 sic

963 2215 1033 2246 infr.
1052 2217 1123 2248 106.

1010 2267 1049 2297 Et
1064 2268 1144 2297 mala
1158 2269 1275 2298 radices
1289 2268 1382 2297 altius
1397 2267 1487 2296 arbor
1503 2267 1578 2307 agit.

1455 2316 1586 2346 Bsnsm.

965 2367 1042 2397 Acta
1069 2366 1164 2397 etiam
1193 2366 1225 2397 in
1250 2364 1357 2396 multis
1381 2370 1427 2396 est
1452 2364 1626 2400 codicibus,

964 2415 1019 2447 sed
1039 2415 1156 2447 retineo
1177 2422 1294 2451 tamen,
1315 2421 1423 2445 aucta.-
1447 2424 1519 2444 nam
1540 2425 1629 2456 agere

965 2468 1081 2497 radices
1092 2465 1167 2507 quin
1183 2465 1306 2497 dicatur
1316 2465 1486 2506 eleganter,
1500 2469 1531 2495 et
1544 2474 1627 2506 saepe

965 2515 1049 2557 apud
1071 2514 1133 2546 Rei
1154 2515 1276 2546 rusticae
1298 2514 1465 2556 scriptores
1484 2518 1628 2545 occurrat

963 2564 1045 2606 (vid.
1057 2564 1097 2595 ad
1114 2563 1169 2595 lib.
1184 2564 1216 2595 ii.
1234 2565 1314 2595 Met.
1330 2563 1424 2603 583.)
1441 2563 1564 2595 nullum
1579 2568 1627 2594 est

962 2613 1104 2644 dubium.
1128 2613 1182 2644 sed
1198 2614 1293 2644 xlrbor
1308 2619 1374 2643 acta
1394 2614 1505 2643 viribus
1522 2614 1553 2643 in
1572 2614 1626 2643 im-

962 2675 1105 2699 mensum,
1122 2674 1161 2693 an
1182 2670 1265 2694 recte
1288 2663 1411 2694 dicatur
1431 2662 1624 2704 probandum

962 2719 1040 2744 erat.
1056 2711 1119 2743 vid.
1136 2711 1176 2742 iv.
1195 2712 1272 2743 Met.
1289 2713 1362 2743 659.
1407 2707 1524 2743 Btvnm'.
