1760 3172
220 197 305 238 :3515

608 197 658 238 Ρ.
694 196 905 238 OVIDII
940 195 1220 237 NASONIS

226 312 375 360 Estur
400 319 454 359 ut
477 313 674 359 occulta
698 312 868 359 vitiata
894 311 1116 359 teredine
1142 311 1306 367 navis3

288 389 523 452 AEquorei
549 389 778 453 scopulos
804 396 859 453 ut
883 396 1026 436 cavat
1049 388 1183 435 unda
1207 387 1353 444 salis3
1544 390 1606 433 70
1656 430 1676 443 Α

223 466 434 513 Roditur
459 472 514 512 ut
538 467 714 513 scabra
738 466 955 530 positum
982 466 1206 528 rubigine
1232 464 1441 521 ferrum3

289 534 532 590 Conditus
559 550 613 604 ut
638 544 782 590 tineae
809 543 1028 607 carpitur
1053 559 1135 590 ore
1160 542 1312 597 liber3

221 620 304 668 Sic
331 637 442 668 mea
466 609 734 684 perpetuos
760 637 989 668 curarum
1015 627 1219 684 pectora
1243 633 1451 672 morsus,

288 698 407 745 Fine
434 699 615 764 quibus
641 699 774 745 nullo
801 699 1139 754 conficiantur,
1167 697 1369 744 habent.

220 774 327 822 Nec
344 776 479 839 prius
495 776 544 822 hi
557 783 774 823 mentem
789 776 990 831 stimuli,
1005 791 1155 839 quam
1166 774 1281 829 vita,
1294 772 1599 835 relinquent3

286 851 486 914 Quique
506 852 656 909 dolet,
679 853 842 909 citius,
862 869 1013 916 quam
1033 853 1187 907 dolor,
1207 851 1313 915 ipse
1333 849 1494 896 cadet.
1541 851 1603 895 76

218 928 329 976 Hoc
346 928 464 975 mihi
486 928 526 975 si
549 929 744 993 Superi,
764 945 974 992 quorum
995 945 1165 976 sumus
1181 928 1360 983 omnia,
1381 926 1601 980 credent,

284 1006 509 1053 Forsitan
535 1007 717 1068 exigua
740 1007 920 1070 dignus
946 1008 1168 1055 habebor
1191 1022 1285 1070 ope
1305 1025 1314 1063 3

217 1083 378 1146 Inque
403 1084 567 1130 locum
590 1084 831 1148 Scythico
850 1102 1062 1133 vacuum
1088 1085 1317 1131 mutabor
1337 1084 1399 1131 ab
1421 1098 1537 1130 arcu
1556 1099 1565 1128 :

283 1160 403 1208 Plus
430 1161 539 1217 isto,
568 1161 692 1218 duri,
721 1163 760 1209 si
788 1179 975 1226 precer,
1003 1161 1100 1209 oris
1127 1178 1226 1210 ero.
1538 1161 1600 1205 80

635 1466 1065 1515 EPISTOLA
1111 1466 1180 1513 II.

763 1623 1047 1664 MAXIMO.

212 1713 480 1770 MAXIME,
510 1714 595 1777 qui
622 1714 749 1761 tanti
775 1731 1057 1762 mensuram
1083 1714 1293 1761 nominis
1319 1713 1513 1777 imples,

278 1792 345 1839 Et
370 1793 594 1854 geminas
623 1792 771 1839 animi
798 1793 1055 1840 nobilitate
1080 1809 1237 1855 genus
1259 1810 1269 1849 ;

251 1921 302 1952 69.
329 1922 443 1951 Vitiata
471 1923 603 1952 teredine
633 1922 748 1963 navis]
785 1923 871 1954 Inter

207 1970 379 2001 teredinem
392 1978 423 2002 et
435 1971 552 2001 tineam
562 1971 621 2002 hoc
635 1971 772 2009 interest,
789 1972 871 2014 quod

208 2019 305 2050 altera
316 2019 356 2051 sit
368 2020 498 2056 marina,
507 2020 605 2052 altera
617 2021 767 2052 terrestris
779 2034 786 2060 ;
800 2022 871 2053 vide

207 2068 356 2106 Plinium,
383 2069 438 2100 lib.
468 2070 532 2101 xvi.
562 2081 633 2112 cap.
660 2072 710 2101 12.
762 2071 872 2102 Teredo

207 2119 317 2150 eadem
334 2130 403 2160 quae
427 2119 554 2150 Termes.
578 2120 698 2151 Graecis
714 2119 869 2161 τερὴδων.

249 2169 300 2198 71.
318 2168 447 2198 Ferrum
461 2170 601 2211 rubigine
615 2169 766 2209 reditun]
791 2169 870 2201 Cato

205 2217 244 2248 de
260 2217 310 2249 Re
326 2217 478 2249 Rustica:
504 2218 634 2249 Ferrum
653 2220 759 2261 rubigo
775 2220 868 2250 inter-

196 2268 281 2307 ficit.

249 2318 300 2347 72.
319 2317 495 2358 Carpitur]
524 2317 736 2349 Consumitur.
771 2318 869 2348 Cura-

204 2376 272 2395 rum
301 2377 423 2397 morsus.
476 2367 576 2397 Curas
605 2368 707 2398 edaces
731 2366 870 2409 adpellat

205 2415 315 2446 Horat.
333 2416 388 2446 Gr.
405 2415 606 2457 θυμοδακεῖς,
625 2416 838 2458 θυμοβόρους.

247 2463 299 2494 77.
323 2463 355 2493 δι’
381 2464 499 2504 Superi,
524 2476 649 2505 quorum
672 2465 801 2506 sumus]
836 2466 868 2496 Si

204 2512 270 2548 Dii,
292 2512 324 2543 in
352 2523 483 2554 quorum
509 2524 578 2544 sum
600 2520 774 2556 potestate:
800 2514 867 2546 Au-

202 2567 327 2602 gustum
342 2567 447 2592 autem
459 2562 593 2594 latenter
608 2563 769 2604 intelligit.

247 2612 298 2642 79.
323 2611 362 2642 In
385 2612 480 2642 locum
505 2613 661 2654 vacuum]
700 2614 737 2643 In
762 2613 865 2644 locum

203 2665 361 2690 carentem
385 2670 459 2691 arcu
480 2661 644 2703 Scythico:
669 2661 727 2692 hoc
753 2667 810 2698 est,
833 2662 864 2693 in

203 2708 307 2739 locum
322 2709 423 2750 magis
438 2709 589 2751 quietum,
605 2717 635 2742 et
651 2717 802 2742 remotum
824 2712 863 2742 ab

202 2757 260 2788 hac
285 2758 471 2799 Scytharum
496 2759 674 2801 asperitate.
721 2762 767 2791 Ab
788 2772 862 2791 arcu

940 1924 1087 1964 Scythico.
1111 1923 1162 1953 Ab
1182 1922 1274 1953 armis
1289 1923 1453 1957 Getarum,
1469 1920 1522 1962 qui
1543 1930 1598 1962 pe·

939 1973 1097 2004 culiariter
1112 1983 1185 2004 arcu
1202 1976 1340 2003 utuntur.

982 2023 1033 2053 80.
1051 2022 1132 2052 Duri
1147 2021 1232 2062 oi·z's.]
1260 2018 1466 2052 Inverecundi
1484 2019 1555 2050 oris.

985 2123 1011 2152 l.
1029 2121 1188 2161 Maxima]
1216 2120 1331 2152 Fabius
1353 2120 1404 2151 hic
1425 2120 1597 2156 Maximus,

939 2181 1035 2213 quum
1051 2170 1159 2201 intima
1174 2168 1382 2200 familiaritate
1399 2168 1515 2199 Caesari
1532 2168 1597 2200 Au-

937 2226 1026 2261 gusto
1040 2219 1133 2251 suerit
1154 2219 1348 2260 conjunctus,
1365 2229 1426 2249 non
1441 2217 1598 2249 invenitur

937 2276 1054 2306 tamen,
1074 2269 1157 2311 quod
1180 2268 1308 2304 mireris,
1331 2267 1414 2310 apud
1434 2267 1598 2309 scriptores

937 2318 1008 2350 ullis
1023 2319 1146 2349 functus
1167 2317 1345 2348 honoribus.
1378 2317 1430 2348 Ad
1447 2317 1528 2348 hunc
1544 2327 1598 2348 no-

937 2373 1033 2399 strum
1051 2367 1159 2409 opinor
1172 2367 1335 2398 reserenda
1351 2377 1416 2397 esse.
1432 2366 1488 2397 illa
1497 2366 1597 2403 Quin-

938 2417 1052 2452 tiliani,
1070 2417 1148 2447 Inst.
1174 2418 1262 2447 Orat.
1282 2415 1324 2447 vi.
1340 2417 1376 2446 3:
1404 2421 1423 2432 “
1439 2417 1477 2447 In
1500 2421 1599 2447 meta-

936 2465 1035 2507 lepsin
1060 2476 1185 2507 quoque
1209 2465 1294 2496 cadit
1321 2465 1399 2496 ratio
1423 2465 1599 2503 dictorum;

936 2519 971 2545 ut
986 2513 1101 2545 Fabius
1116 2515 1277 2545 Maximus
1297 2514 1445 2544 incusans
1460 2513 1596 2556 Augusti

935 2563 1173 2605 congiariorum,
1198 2574 1268 2605 quae
1295 2562 1403 2594 amicis
1428 2563 1595 2599 dabantur,

933 2612 1147 2654 exiguitatem,
1178 2612 1350 2643 heminaria
1384 2623 1450 2644 esse
1479 2612 1595 2643 dixit.”

932 2663 982 2694 De
1001 2669 1098 2693 morte
1117 2662 1210 2704 hujus
1225 2662 1314 2693 Fabii
1331 2662 1445 2693 Noster
1464 2662 1519 2694 inf.
1534 2661 1592 2692 lib.

930 2711 959 2742 iv
972 2724 979 2749 ;
995 2717 1026 2742 et
1036 2711 1167 2747 Plinius,
1181 2712 1237 2742 lib.
1250 2711 1300 2742 vii.
1314 2722 1383 2753 cap.
1395 2712 1448 2742 45.
1476 2711 1595 2749 mes.

929 2760 1027 2802 Atqui
1064 2761 1274 2802 Glandorpius
1315 2761 1473 2792 consulem
1511 2759 1594 2790 hunc
