1760 3172
246 197 330 238 382

632 195 681 236 P.
715 194 925 236 OVIDII
960 194 1236 237 NASONIS

247 312 310 358 Di
337 311 507 375 procul
533 326 561 357 a
584 310 793 365 cunctis,
821 309 905 372 qui
931 316 981 357 te
1005 318 1298 358 venerantur
1323 318 1604 375 amantque,

311 387 473 451 Hujus
499 387 722 435 notitiam
748 386 908 448 gentis
934 386 1110 434 abesse
1134 387 1303 434 velint.

245 465 367 522 Nos,
389 466 508 513 satis
529 471 620 521 est,
644 465 770 511 inter
795 463 1003 526 glaciem
1022 463 1389 527 Scythicasque
1408 465 1614 526 sagittas

308 542 501 598 Vivere,
529 542 569 588 si
593 541 692 589 vita
716 547 792 589 est
815 541 984 588 mortis
1009 541 1239 588 habenda
1263 557 1435 604 genus.
1559 546 1617 589 10

245 618 351 666 Nos
377 619 568 683 premat
592 625 678 665 aut
701 617 832 664 bello
856 618 1018 673 tellus,
1047 625 1131 665 aut
1155 617 1333 680 frigore
1357 619 1564 675 coelum;

310 696 548 759 Truxque
575 695 729 742 Getes
755 695 918 750 armis,
947 694 1183 756 grandine
1208 695 1374 757 pulset
1396 695 1598 757 hyems:

245 772 349 820 Nos
374 773 557 820 habeat
581 771 731 833 regio,
759 786 850 817 nec
876 786 1022 834 pomo
1048 770 1181 826 foeta,
1209 787 1300 818 nec
1327 771 1460 827 uvis;

310 848 375 896 Et
400 851 541 912 cujus
566 848 753 894 nullum
778 854 942 894 cesset
966 848 1027 894 ab
1052 847 1194 894 hoste
1219 848 1366 895 latus.

245 926 441 974 Caetera
464 926 528 972 sit
553 941 723 988 sospes
749 925 992 970 cultorum
1018 925 1163 970 turba
1186 931 1382 970 tuorum
1405 941 1414 971 :
1561 927 1616 970 15

311 1003 369 1050 In
395 1003 590 1066 quibus,
618 1008 674 1048 ut
697 1001 895 1065 populo,
923 1017 1035 1064 pars
1061 1017 1152 1062 ego
1178 1016 1328 1064 parva
1350 1000 1434 1047 fui.

244 1079 330 1128 Me
355 1080 603 1133 miserum,
633 1078 672 1125 si
697 1086 750 1125 tu
775 1078 936 1125 verbis
962 1077 1224 1125 offenderis
1250 1077 1386 1133 istis3

309 1157 515 1220 Nosque
541 1171 692 1217 negas
718 1156 818 1202 ulla
841 1162 979 1218 parte
1004 1155 1157 1202 fuisse
1181 1154 1318 1201 tuos!

243 1232 402 1297 quue
429 1234 492 1281 sit
516 1240 571 1280 ut
592 1249 777 1287 verum,
805 1231 1010 1279 mentito
1036 1231 1291 1293 ignoscere
1316 1229 1497 1278 debes:

309 1309 392 1356 Nil
417 1309 572 1357 demit
595 1308 727 1355 laudi
753 1309 909 1370 gloria
934 1314 1100 1355 nostra
1123 1314 1236 1354 tuae.
1554 1311 1617 1353 20

243 1386 366 1440 Quis
392 1403 444 1434 se
472 1385 752 1433 Caesaribus
778 1385 905 1432 notis
931 1401 1028 1431 non
1053 1383 1194 1446 fingit
1217 1383 1463 1430 amicum?

308 1463 387 1510 Da
410 1462 602 1510 veniam
626 1461 773 1517 fasso,
800 1469 854 1508 tu
879 1461 999 1508 mihi
1027 1460 1197 1507 Caesar
1221 1459 1333 1507 eris.

243 1539 350 1587 Nec
383 1547 549 1587 tamen
584 1538 816 1601 irrumpo,
853 1553 951 1600 quo
986 1553 1083 1584 non
1109 1536 1226 1583 licet
1253 1536 1350 1594 ire;
1392 1536 1615 1599 satisque

306 1615 444 1664 Atria
468 1615 517 1679 Si,
533 1614 675 1662 nobis
700 1630 798 1661 non
822 1613 1042 1678 patuisse
1067 1629 1237 1676 negas.

1420 1654 1431 1668 ,
1497 1614 1612 1675 [est,

241 1692 413 1755 thue
439 1691 529 1738 tibi
553 1690 700 1738 fuerit
724 1707 919 1738 mecum
944 1690 1065 1737 nihil
1090 1689 1319 1754 amplius,
1345 1706 1443 1737 uno
1551 1692 1613 1736 25

306 1769 503 1832 Nempe
527 1767 770 1823 salutaris,
798 1783 947 1830 quam
972 1766 1123 1830 prius,
1149 1782 1233 1814 ore
1257 1765 1436 1814 minus,

283 1948 314 1978 7.
346 1947 401 1977 Dii
426 1948 531 1986 procul
559 1959 578 1976 a
603 1946 746 1986 cunctis]
781 1946 893 1977 Faxint

239 1996 305 2032 Dii,
333 2006 372 2026 ne
398 1995 564 2037 quisquam
592 1995 744 2026 cultorum
772 2000 893 2026 tuorum

239 2045 296 2076 has
310 2050 418 2086 gentes
433 2054 567 2086 praesens
583 2043 714 2074 noverit.
760 2044 862 2074 Pom.

285 2095 333 2124 10.
349 2093 381 2123 Si
389 2104 483 2135 genus
496 2095 596 2123 mortis
606 2098 647 2122 est
657 2093 787 2123 habenda
800 2092 889 2133 vitm]

238 2142 270 2173 Si
301 2141 445 2172 exsilium
481 2151 584 2172 meum
617 2140 711 2171 debet
743 2141 892 2182 adpellari

238 2191 313 2222 vita.

283 2239 332 2269 17.
359 2237 459 2268 Verbis
486 2237 576 2277 istis]
603 2238 724 2274 Quibus
749 2237 813 2268 dixi
843 2248 891 2268 me

236 2288 311 2318 olim
326 2286 418 2317 fuisse
433 2286 465 2317 in
480 2286 572 2316 turba.
585 2292 707 2317 tuorum
721 2286 884 2318 cultorum.

283 2336 334 2366 19.
364 2336 435 2376 Ut.]
463 2335 536 2366 h.e.
563 2335 705 2376 quamvis
729 2335 761 2366 id
784 2346 891 2366 verum

237 2390 329 2421 esset,
366 2394 415 2415 me
452 2394 513 2415 non
548 2384 642 2415 fuisse
680 2384 736 2415 tibi
772 2390 891 2415 notum.

238 2434 384 2464 HARLES.

282 2482 441 2523 Mennim]
488 2481 580 2518 Quod
615 2492 663 2512 me
705 2486 790 2512 tuum
824 2491 890 2513 esse

237 2532 354 2573 scripsi.
398 2532 466 2562 Hoc
481 2536 583 2562 autem
599 2530 686 2566 dicit,
703 2541 740 2561 ne
755 2530 890 2562 amicum

236 2580 384 2616 offendat,
399 2580 558 2611 timentem
574 2579 750 2621 Augustum
766 2579 889 2611 laedere.

279 2631 331 2659 20.
356 2629 463 2660 Gloria
488 2629 614 2669 nostrm]
649 2629 680 2659 Si
707 2628 818 2670 glorior
839 2639 888 2659 me

237 2678 330 2709 fuisse
346 2678 401 2709 tibi
414 2679 558 2709 amicum.

279 2729 331 2758 21.
354 2727 421 2758 Hoc
438 2726 592 2757 distichon
608 2736 664 2758 nec
686 2726 812 2757 Heinsio
831 2737 887 2758 nec

958 1946 1064 1976 Burm.
1076 1945 1190 1987 placet,
1207 1951 1238 1976 et
1257 1950 1438 1986 suspectum
1460 1950 1507 1975 est
1526 1953 1613 1976 notus

958 1995 1071 2025 Bavar.
1114 1994 1229 2024 Sensus
1248 1999 1353 2024 tamen
1374 1993 1481 2024 melior
1494 2000 1550 2029 est,
1562 1994 1612 2035 ju-

957 2043 1026 2074 dice
1038 2043 1146 2073 Burm.
1157 2042 1182 2073 si
1195 2053 1265 2073 cum
1274 2043 1439 2079 Vaticano,
1450 2043 1613 2079 Vossiano,

958 2100 989 2123 et
1013 2092 1121 2133 fragm.
1144 2091 1301 2122 Boxhorn.
1323 2091 1410 2133 legas
1430 2093 1518 2122 notis.
1543 2091 1575 2122 h.
1585 2103 1613 2122 e.

959 2141 1028 2182 quis
1052 2151 1112 2171 non
1137 2139 1227 2181 fingit
1255 2151 1287 2171 se
1317 2140 1454 2171 amicum
1480 2140 1614 2171 Caesaris

959 2189 1042 2230 apud
1070 2194 1156 2219 notos
1182 2198 1253 2219 suos
1282 2193 1314 2218 et
1339 2187 1478 2219 amicos?
1516 2188 1614 2219 Caesar

958 2249 1023 2268 erus
1038 2243 1165 2269 correct.
1180 2237 1212 2268 iu
1229 2238 1344 2268 Bavar.
1390 2238 1538 2268 HARLEs.

1000 2289 1053 2318 23.
1078 2287 1140 2318 Nec
1166 2294 1263 2317 tamen
1289 2287 1449 2327 irrumpa]
1476 2287 1545 2318 Nec
1565 2293 1612 2318 ta-

958 2346 1029 2366 men
1045 2335 1118 2366 illue
1140 2335 1266 2371 accedo,
1282 2346 1344 2376 quo
1357 2345 1418 2366 non
1433 2335 1507 2366 licet
1522 2349 1528 2365 :
1554 2335 1612 2366 hoc

957 2390 1014 2420 est,
1035 2395 1096 2415 non
1119 2390 1149 2415 te
1171 2384 1260 2421 adeo,
1282 2384 1340 2415 nisi
1360 2384 1556 2415 verecunde:
1582 2392 1613 2415 te

958 2433 1040 2464 enim
1068 2433 1206 2464 venerari
1240 2433 1335 2464 soleo.
1392 2433 1504 2474 Itaque
1535 2433 1612 2464 nihil

956 2481 1069 2512 faciam
1085 2487 1115 2513 te
1130 2482 1238 2513 invito.

998 2532 1049 2562 25.
1069 2531 1165 2572 thue
1182 2531 1372 2573 tibifuerit.]
1399 2531 1549 2568 Quamvis
1564 2532 1610 2562 ni-

956 2579 999 2610 hil
1016 2580 1148 2621 amplius
1162 2579 1316 2616 habueris,
1328 2590 1422 2621 quam
1438 2580 1520 2621 quod
1534 2580 1613 2611 atria

956 2634 1010 2660 tua
1018 2628 1276 2670 frequentaverim
1288 2629 1443 2660 salutandi
1457 2629 1568 2670 gratia.

998 2677 1051 2708 26.
1081 2677 1184 2708 Minus
1212 2689 1273 2708 uno
1303 2677 1377 2718 ore.]
1412 2677 1520 2709 Minus
1548 2688 1609 2709 uno

955 2725 1086 2757 homine.
1131 2728 1233 2764 Quam
1244 2729 1340 2767 prius.
1363 2728 1465 2765 Quam
1481 2733 1584 2759 autea.
