<?xml version="1.0" encoding="UTF-8"?>
<!DOCTYPE html PUBLIC "-//W3C//DTD XHTML 1.0 Transitional//EN"
    "http://www.w3.org/TR/xhtml1/DTD/xhtml1-transitional.dtd">
<html xmlns="http://www.w3.org/1999/xhtml" xml:lang="en" lang="en">
 <head>
  <title>
</title>
<meta http-equiv="Content-Type" content="text/html;charset=utf-8" />
  <meta name='ocr-system' content='tesseract 3.04.00' />
  <meta name='ocr-capabilities' content='ocr_page ocr_carea ocr_par ocr_line ocrx_word'/>
</head>
<body>
  <div class='ocr_page' id='page_1' title='image "./povidiinasonisop02oviduoft_0329.png"; bbox 0 0 1760 3172; ppageno 0'>
   <div class='ocr_carea' id='block_1_1' title="bbox 397 187 1258 231">
    <p class='ocr_par' dir='ltr' id='par_1_1' title="bbox 397 187 1258 231">
     <span class='ocr_line' id='line_1_1' title="bbox 397 187 1258 231; baseline -0.002 0"><span class='ocrx_word' id='word_1_1' title='bbox 397 189 701 231; x_wconf 88' lang='lat' dir='ltr'><strong>TRISTIUM</strong></span> <span class='ocrx_word' id='word_1_2' title='bbox 734 188 853 229; x_wconf 88' lang='lat' dir='ltr'>LIB.</span> <span class='ocrx_word' id='word_1_3' title='bbox 878 188 932 229; x_wconf 89' lang='lat' dir='ltr'>V.</span> <span class='ocrx_word' id='word_1_4' title='bbox 968 187 1144 229; x_wconf 87' lang='lat' dir='ltr'>ELEG.</span> <span class='ocrx_word' id='word_1_5' title='bbox 1180 188 1258 230; x_wconf 93' lang='lat' dir='ltr'>IV.</span> 
     </span>
    </p>
   </div>
   <div class='ocr_carea' id='block_1_2' title="bbox 1436 190 1520 231">
    <p class='ocr_par' dir='ltr' id='par_1_2' title="bbox 1436 190 1520 231">
     <span class='ocr_line' id='line_1_2' title="bbox 1436 190 1520 231; baseline 0 0"><span class='ocrx_word' id='word_1_6' title='bbox 1436 190 1520 231; x_wconf 87' lang='lat'>319</span> 
     </span>
    </p>
   </div>
   <div class='ocr_carea' id='block_1_3' title="bbox 140 297 1518 370">
    <p class='ocr_par' dir='ltr' id='par_1_3' title="bbox 140 297 1518 373">
     <span class='ocr_line' id='line_1_3' title="bbox 140 297 1518 370; baseline -0.001 -17"><span class='ocrx_word' id='word_1_7' title='bbox 140 307 286 354; x_wconf 90' lang='lat' dir='ltr'>Flens</span> <span class='ocrx_word' id='word_1_8' title='bbox 312 322 513 370; x_wconf 90' lang='lat' dir='ltr'>quoque</span> <span class='ocrx_word' id='word_1_9' title='bbox 549 320 628 351; x_wconf 91' lang='lat' dir='ltr'>me</span> <span class='ocrx_word' id='word_1_10' title='bbox 665 297 1021 367; x_wconf 69' lang='grc' dir='ltr'>εοΥἰΡείῐΠθο</span> <span class='ocrx_word' id='word_1_11' title='bbox 1048 319 1150 366; x_wconf 90' lang='lat' dir='ltr'>qua</span> <span class='ocrx_word' id='word_1_12' title='bbox 1183 304 1430 366; x_wconf 83' lang='lat' dir='ltr'>signabar,</span> <span class='ocrx_word' id='word_1_13' title='bbox 1458 305 1518 352; x_wconf 88' lang='lat' dir='ltr'>ad</span> 
     </span>
    </p>
   </div>
   <div class='ocr_carea' id='block_1_4' title="bbox 334 390 495 451">
    <p class='ocr_par' dir='ltr' id='par_1_4' title="bbox 334 390 495 451">
     <span class='ocr_line' id='line_1_4' title="bbox 334 390 495 451; baseline -0.006 -20"><span class='ocrx_word' id='word_1_14' title='bbox 334 390 495 451; x_wconf 75' lang='lat' dir='ltr'>os.est</span> 
     </span>
    </p>
   </div>
   <div class='ocr_carea' id='block_1_5' title="bbox 1491 385 1519 429">
    <p class='ocr_par' dir='ltr' id='par_1_5' title="bbox 1491 385 1519 429">
     <span class='ocr_line' id='line_1_5' title="bbox 1491 385 1519 429; baseline 0 0"><span class='ocrx_word' id='word_1_15' title='bbox 1491 385 1519 429; x_wconf 90' lang='lat'><strong><em>5</em></strong></span> 
     </span>
    </p>
   </div>
   <div class='ocr_carea' id='block_1_6' title="bbox 138 453 1521 1526">
    <p class='ocr_par' dir='ltr' id='par_1_6' title="bbox 204 453 1400 546">
     <span class='ocr_line' id='line_1_6' title="bbox 204 453 1400 546; baseline -0.002 -38"><span class='ocrx_word' id='word_1_16' title='bbox 204 453 467 546; x_wconf 63' lang='lat' dir='ltr'>Antessed</span> <span class='ocrx_word' id='word_1_17' title='bbox 492 460 554 507; x_wconf 89' lang='lat' dir='ltr'>ad</span> <span class='ocrx_word' id='word_1_18' title='bbox 579 459 803 506; x_wconf 88' lang='lat' dir='ltr'>madidas</span> <span class='ocrx_word' id='word_1_19' title='bbox 830 474 1028 520; x_wconf 83' lang='lat' dir='ltr'>gemma</span> <span class='ocrx_word' id='word_1_20' title='bbox 1051 458 1206 505; x_wconf 88' lang='lat' dir='ltr'>relata</span> <span class='ocrx_word' id='word_1_21' title='bbox 1230 474 1400 520; x_wconf 66' lang='lat' dir='ltr'>genas</span> 
     </span>
    </p>

    <p class='ocr_par' dir='ltr' id='par_1_7' title="bbox 140 535 1352 678">
     <span class='ocr_line' id='line_1_7' title="bbox 140 535 1352 598; baseline -0.003 -14"><span class='ocrx_word' id='word_1_22' title='bbox 140 536 375 584; x_wconf 62' lang='lat' dir='ltr'>Tristillae</span> <span class='ocrx_word' id='word_1_23' title='bbox 400 553 602 584; x_wconf 89' lang='lat' dir='ltr'>causam</span> <span class='ocrx_word' id='word_1_24' title='bbox 628 535 669 583; x_wconf 87' lang='lat' dir='ltr'>si</span> <span class='ocrx_word' id='word_1_25' title='bbox 695 535 806 598; x_wconf 92' lang='lat' dir='ltr'>quis</span> <span class='ocrx_word' id='word_1_26' title='bbox 832 550 1134 597; x_wconf 79' lang='lat' dir='ltr'>cognoscere</span> <span class='ocrx_word' id='word_1_27' title='bbox 1159 535 1352 598; x_wconf 83' lang='lat' dir='ltr'>quaerit,</span> 
     </span>
     <span class='ocr_line' id='line_1_8' title="bbox 207 603 1099 678; baseline -0.002 -18"><span class='ocrx_word' id='word_1_28' title='bbox 207 614 418 662; x_wconf 86' lang='lat' dir='ltr'>Ostendi</span> <span class='ocrx_word' id='word_1_29' title='bbox 444 615 601 662; x_wconf 89' lang='lat' dir='ltr'>solem</span> <span class='ocrx_word' id='word_1_30' title='bbox 625 603 847 678; x_wconf 72' lang='lat' dir='ltr'>postulat</span> <span class='ocrx_word' id='word_1_31' title='bbox 870 612 952 659; x_wconf 87' lang='lat' dir='ltr'>ille</span> <span class='ocrx_word' id='word_1_32' title='bbox 978 612 1099 669; x_wconf 84' lang='lat' dir='ltr'>sibi3</span> 
     </span>
    </p>

    <p class='ocr_par' dir='ltr' id='par_1_8' title="bbox 140 678 1521 833">
     <span class='ocr_line' id='line_1_9' title="bbox 140 678 1414 754; baseline -0.001 -16"><span class='ocrx_word' id='word_1_33' title='bbox 140 690 187 737; x_wconf 93' lang='lat' dir='ltr'>N</span> <span class='ocrx_word' id='word_1_34' title='bbox 193 707 248 738; x_wconf 89' lang='lat' dir='ltr'>ec</span> <span class='ocrx_word' id='word_1_35' title='bbox 274 691 496 739; x_wconf 86' lang='lat' dir='ltr'>frondem</span> <span class='ocrx_word' id='word_1_36' title='bbox 521 691 571 738; x_wconf 91' lang='lat' dir='ltr'>in</span> <span class='ocrx_word' id='word_1_37' title='bbox 597 691 748 746; x_wconf 85' lang='lat' dir='ltr'>silvis,</span> <span class='ocrx_word' id='word_1_38' title='bbox 767 678 862 737; x_wconf 78' lang='lat' dir='ltr'>‘nec</span> <span class='ocrx_word' id='word_1_39' title='bbox 889 696 1059 754; x_wconf 87' lang='lat' dir='ltr'>aperto</span> <span class='ocrx_word' id='word_1_40' title='bbox 1084 689 1251 736; x_wconf 87' lang='lat' dir='ltr'>mollia</span> <span class='ocrx_word' id='word_1_41' title='bbox 1275 697 1414 752; x_wconf 85' lang='lat' dir='ltr'>prato</span> 
     </span>
     <span class='ocr_line' id='line_1_10' title="bbox 206 766 1521 833; baseline 0 -19"><span class='ocrx_word' id='word_1_42' title='bbox 206 768 577 833; x_wconf 40' lang='lat' dir='ltr'>GraminaJnec</span> <span class='ocrx_word' id='word_1_43' title='bbox 603 769 750 831; x_wconf 89' lang='lat' dir='ltr'>pleno</span> <span class='ocrx_word' id='word_1_44' title='bbox 775 767 977 814; x_wconf 89' lang='lat' dir='ltr'>flumine</span> <span class='ocrx_word' id='word_1_45' title='bbox 1003 766 1159 813; x_wconf 84' lang='lat' dir='ltr'>cernit</span> <span class='ocrx_word' id='word_1_46' title='bbox 1183 782 1366 828; x_wconf 89' lang='lat' dir='ltr'>aquas:</span> <span class='ocrx_word' id='word_1_47' title='bbox 1463 770 1521 814; x_wconf 93' lang='lat' dir='ltr'>lO</span> 
     </span>
    </p>

    <p class='ocr_par' dir='ltr' id='par_1_9' title="bbox 138 842 1476 982">
     <span class='ocr_line' id='line_1_11' title="bbox 138 842 1476 907; baseline -0.001 -16"><span class='ocrx_word' id='word_1_48' title='bbox 138 843 270 898; x_wconf 82' lang='lat' dir='ltr'>Quid</span> <span class='ocrx_word' id='word_1_49' title='bbox 296 844 525 893; x_wconf 80' lang='lat' dir='ltr'>Priamus</span> <span class='ocrx_word' id='word_1_50' title='bbox 550 846 733 900; x_wconf 84' lang='lat' dir='ltr'>doleat,</span> <span class='ocrx_word' id='word_1_51' title='bbox 760 844 1035 899; x_wconf 88' lang='lat' dir='ltr'>mirabitur,</span> <span class='ocrx_word' id='word_1_52' title='bbox 1064 842 1282 890; x_wconf 79' lang='lat' dir='ltr'>Hectore</span> <span class='ocrx_word' id='word_1_53' title='bbox 1308 851 1476 907; x_wconf 80' lang='lat' dir='ltr'>rapt03</span> 
     </span>
     <span class='ocr_line' id='line_1_12' title="bbox 205 920 1369 982; baseline 0 -14"><span class='ocrx_word' id='word_1_54' title='bbox 205 920 399 975; x_wconf 85' lang='lat' dir='ltr'>Quidve</span> <span class='ocrx_word' id='word_1_55' title='bbox 423 922 732 969; x_wconf 82' lang='lat' dir='ltr'>Philoctetes</span> <span class='ocrx_word' id='word_1_56' title='bbox 754 921 882 968; x_wconf 87' lang='lat' dir='ltr'>ictus</span> <span class='ocrx_word' id='word_1_57' title='bbox 908 922 970 968; x_wconf 91' lang='lat' dir='ltr'>ab</span> <span class='ocrx_word' id='word_1_58' title='bbox 997 936 1159 982; x_wconf 85' lang='lat' dir='ltr'>angue</span> <span class='ocrx_word' id='word_1_59' title='bbox 1184 928 1369 982; x_wconf 84' lang='lat' dir='ltr'>gemat.</span> 
     </span>
    </p>

    <p class='ocr_par' dir='ltr' id='par_1_10' title="bbox 140 997 1360 1125">
     <span class='ocr_line' id='line_1_13' title="bbox 140 997 1360 1056; baseline -0.001 -12"><span class='ocrx_word' id='word_1_60' title='bbox 140 997 204 1044; x_wconf 72' lang='lat' dir='ltr'>Di</span> <span class='ocrx_word' id='word_1_61' title='bbox 229 998 449 1047; x_wconf 90' lang='lat' dir='ltr'>facerent</span> <span class='ocrx_word' id='word_1_62' title='bbox 473 1000 678 1056; x_wconf 90' lang='lat' dir='ltr'>utinam,</span> <span class='ocrx_word' id='word_1_63' title='bbox 705 999 817 1046; x_wconf 88' lang='lat' dir='ltr'>talis</span> <span class='ocrx_word' id='word_1_64' title='bbox 844 1005 1001 1046; x_wconf 87' lang='lat' dir='ltr'>status</span> <span class='ocrx_word' id='word_1_65' title='bbox 1027 1003 1161 1044; x_wconf 91' lang='lat' dir='ltr'>esset</span> <span class='ocrx_word' id='word_1_66' title='bbox 1184 997 1234 1044; x_wconf 90' lang='lat' dir='ltr'>in</span> <span class='ocrx_word' id='word_1_67' title='bbox 1260 997 1360 1053; x_wconf 90' lang='lat' dir='ltr'>illo,</span> 
     </span>
     <span class='ocr_line' id='line_1_14' title="bbox 206 1074 1218 1125; baseline -0.003 -2"><span class='ocrx_word' id='word_1_68' title='bbox 206 1075 276 1124; x_wconf 92' lang='lat' dir='ltr'>Ut</span> <span class='ocrx_word' id='word_1_69' title='bbox 300 1094 396 1124; x_wconf 92' lang='lat' dir='ltr'>non</span> <span class='ocrx_word' id='word_1_70' title='bbox 420 1077 630 1125; x_wconf 81' lang='lat' dir='ltr'>tristitiae</span> <span class='ocrx_word' id='word_1_71' title='bbox 656 1093 808 1124; x_wconf 82' lang='lat' dir='ltr'>causa</span> <span class='ocrx_word' id='word_1_72' title='bbox 831 1075 1049 1123; x_wconf 90' lang='lat' dir='ltr'>dolenda</span> <span class='ocrx_word' id='word_1_73' title='bbox 1068 1074 1218 1121; x_wconf 86' lang='lat' dir='ltr'>foret!</span> 
     </span>
    </p>

    <p class='ocr_par' dir='ltr' id='par_1_11' title="bbox 140 1152 1518 1297">
     <span class='ocr_line' id='line_1_15' title="bbox 140 1152 1518 1217; baseline -0.001 -19"><span class='ocrx_word' id='word_1_74' title='bbox 140 1152 254 1200; x_wconf 87' lang='lat' dir='ltr'>Fert</span> <span class='ocrx_word' id='word_1_75' title='bbox 276 1160 459 1211; x_wconf 86' lang='lat' dir='ltr'>tamen,</span> <span class='ocrx_word' id='word_1_76' title='bbox 486 1161 541 1201; x_wconf 94' lang='lat' dir='ltr'>ut</span> <span class='ocrx_word' id='word_1_77' title='bbox 564 1155 729 1210; x_wconf 88' lang='lat' dir='ltr'>debet,</span> <span class='ocrx_word' id='word_1_78' title='bbox 758 1170 903 1201; x_wconf 89' lang='lat' dir='ltr'>casus</span> <span class='ocrx_word' id='word_1_79' title='bbox 928 1152 1175 1217; x_wconf 81' lang='lat' dir='ltr'>patienter</span> <span class='ocrx_word' id='word_1_80' title='bbox 1200 1166 1408 1206; x_wconf 76' lang='lat' dir='ltr'>amarOS,</span> <span class='ocrx_word' id='word_1_81' title='bbox 1462 1153 1518 1197; x_wconf 88' lang='lat'>15</span> 
     </span>
     <span class='ocr_line' id='line_1_16' title="bbox 206 1228 1284 1297; baseline -0.002 -21"><span class='ocrx_word' id='word_1_82' title='bbox 206 1229 347 1279; x_wconf 89' lang='lat' dir='ltr'>More</span> <span class='ocrx_word' id='word_1_83' title='bbox 372 1248 462 1297; x_wconf 59' lang='lat' dir='ltr'>nec</span> <span class='ocrx_word' id='word_1_84' title='bbox 488 1231 714 1278; x_wconf 86' lang='lat' dir='ltr'>indomiti</span> <span class='ocrx_word' id='word_1_85' title='bbox 740 1231 893 1277; x_wconf 79' lang='lat' dir='ltr'>fraena</span> <span class='ocrx_word' id='word_1_86' title='bbox 917 1235 1116 1277; x_wconf 84' lang='lat' dir='ltr'>recusat</span> <span class='ocrx_word' id='word_1_87' title='bbox 1140 1228 1284 1291; x_wconf 89' lang='lat' dir='ltr'>equi:</span> 
     </span>
    </p>

    <p class='ocr_par' dir='ltr' id='par_1_12' title="bbox 138 1305 1404 1449">
     <span class='ocr_line' id='line_1_17' title="bbox 138 1305 1404 1372; baseline -0.002 -19"><span class='ocrx_word' id='word_1_88' title='bbox 138 1306 245 1354; x_wconf 90' lang='lat' dir='ltr'>Nec</span> <span class='ocrx_word' id='word_1_89' title='bbox 269 1307 371 1355; x_wconf 90' lang='lat' dir='ltr'>fore</span> <span class='ocrx_word' id='word_1_90' title='bbox 395 1315 688 1372; x_wconf 87' lang='lat' dir='ltr'>perpetuam</span> <span class='ocrx_word' id='word_1_91' title='bbox 713 1315 881 1372; x_wconf 82' lang='lat' dir='ltr'>sperat</span> <span class='ocrx_word' id='word_1_92' title='bbox 905 1307 998 1354; x_wconf 90' lang='lat' dir='ltr'>sibi</span> <span class='ocrx_word' id='word_1_93' title='bbox 1024 1305 1240 1353; x_wconf 90' lang='lat' dir='ltr'>numinis</span> <span class='ocrx_word' id='word_1_94' title='bbox 1267 1306 1404 1360; x_wconf 89' lang='lat' dir='ltr'>iram,</span> 
     </span>
     <span class='ocr_line' id='line_1_18' title="bbox 202 1383 1272 1449; baseline -0.001 -19"><span class='ocrx_word' id='word_1_95' title='bbox 202 1383 446 1432; x_wconf 88' lang='lat' dir='ltr'>Conscius</span> <span class='ocrx_word' id='word_1_96' title='bbox 470 1386 520 1432; x_wconf 92' lang='lat' dir='ltr'>in</span> <span class='ocrx_word' id='word_1_97' title='bbox 545 1385 693 1449; x_wconf 88' lang='lat' dir='ltr'>culpa</span> <span class='ocrx_word' id='word_1_98' title='bbox 717 1402 814 1432; x_wconf 91' lang='lat' dir='ltr'>non</span> <span class='ocrx_word' id='word_1_99' title='bbox 841 1385 1004 1432; x_wconf 90' lang='lat' dir='ltr'>scelus</span> <span class='ocrx_word' id='word_1_100' title='bbox 1030 1399 1140 1430; x_wconf 91' lang='lat' dir='ltr'>esse</span> <span class='ocrx_word' id='word_1_101' title='bbox 1167 1399 1272 1429; x_wconf 90' lang='lat' dir='ltr'>sua.</span> 
     </span>
    </p>

    <p class='ocr_par' dir='ltr' id='par_1_13' title="bbox 139 1460 1401 1526">
     <span class='ocr_line' id='line_1_19' title="bbox 139 1460 1401 1526; baseline 0 -20"><span class='ocrx_word' id='word_1_102' title='bbox 139 1460 286 1525; x_wconf 87' lang='lat' dir='ltr'>Saepe</span> <span class='ocrx_word' id='word_1_103' title='bbox 309 1461 472 1519; x_wconf 86' lang='lat' dir='ltr'>refert,</span> <span class='ocrx_word' id='word_1_104' title='bbox 500 1463 564 1510; x_wconf 93' lang='lat' dir='ltr'>sit</span> <span class='ocrx_word' id='word_1_105' title='bbox 587 1471 776 1526; x_wconf 89' lang='lat' dir='ltr'>quanta</span> <span class='ocrx_word' id='word_1_106' title='bbox 802 1462 897 1510; x_wconf 94' lang='lat' dir='ltr'>Dei</span> <span class='ocrx_word' id='word_1_107' title='bbox 923 1461 1217 1518; x_wconf 81' lang='lat' dir='ltr'>clementia3</span> <span class='ocrx_word' id='word_1_108' title='bbox 1259 1461 1401 1523; x_wconf 90' lang='lat' dir='ltr'>cujus</span> 
     </span>
    </p>
   </div>
   <div class='ocr_carea' id='block_1_7' title="bbox 203 1537 1365 1603">
    <p class='ocr_par' dir='ltr' id='par_1_14' title="bbox 203 1537 1365 1603">
     <span class='ocr_line' id='line_1_20' title="bbox 203 1537 1365 1603; baseline -0.001 -18"><span class='ocrx_word' id='word_1_109' title='bbox 203 1537 269 1586; x_wconf 88' lang='lat' dir='ltr'>Se</span> <span class='ocrx_word' id='word_1_110' title='bbox 294 1555 495 1603; x_wconf 92' lang='lat' dir='ltr'>quoque</span> <span class='ocrx_word' id='word_1_111' title='bbox 519 1540 569 1586; x_wconf 90' lang='lat' dir='ltr'>in</span> <span class='ocrx_word' id='word_1_112' title='bbox 594 1540 839 1603; x_wconf 86' lang='lat' dir='ltr'>exemplis</span> <span class='ocrx_word' id='word_1_113' title='bbox 865 1540 1188 1587; x_wconf 84' lang='lat' dir='ltr'>adnumerare</span> <span class='ocrx_word' id='word_1_114' title='bbox 1214 1538 1365 1585; x_wconf 89' lang='lat' dir='ltr'>solet:</span> 
     </span>
    </p>
   </div>
   <div class='ocr_carea' id='block_1_8' title="bbox 133 1661 797 2780">
    <p class='ocr_par' dir='ltr' id='par_1_15' title="bbox 133 1661 793 1840">
     <span class='ocr_line' id='line_1_21' title="bbox 178 1661 793 1702; baseline 0.005 -12"><span class='ocrx_word' id='word_1_115' title='bbox 178 1661 210 1690; x_wconf 88' lang='lat'>8.</span> <span class='ocrx_word' id='word_1_116' title='bbox 234 1661 396 1702; x_wconf 64' lang='lat' dir='ltr'>Postulet]</span> <span class='ocrx_word' id='word_1_117' title='bbox 422 1662 517 1692; x_wconf 84' lang='lat' dir='ltr'>MaJit</span> <span class='ocrx_word' id='word_1_118' title='bbox 540 1662 698 1699; x_wconf 85' lang='lat' dir='ltr'>Heinsius,</span> <span class='ocrx_word' id='word_1_119' title='bbox 713 1668 745 1693; x_wconf 84' lang='lat' dir='ltr'>et</span> <span class='ocrx_word' id='word_1_120' title='bbox 761 1662 793 1692; x_wconf 91' lang='lat' dir='ltr'>in</span> 
     </span>
     <span class='ocr_line' id='line_1_22' title="bbox 133 1710 793 1751; baseline 0.003 -11"><span class='ocrx_word' id='word_1_121' title='bbox 133 1710 277 1751; x_wconf 86' lang='lat' dir='ltr'>sequenti</span> <span class='ocrx_word' id='word_1_122' title='bbox 298 1722 388 1742; x_wconf 85' lang='lat' dir='ltr'>versu</span> <span class='ocrx_word' id='word_1_123' title='bbox 410 1714 522 1751; x_wconf 78' lang='lat' dir='ltr'>aprico,</span> <span class='ocrx_word' id='word_1_124' title='bbox 545 1711 599 1742; x_wconf 86' lang='lat' dir='ltr'>sed</span> <span class='ocrx_word' id='word_1_125' title='bbox 622 1712 793 1742; x_wconf 85' lang='lat' dir='ltr'>Burmann.</span> 
     </span>
     <span class='ocr_line' id='line_1_23' title="bbox 135 1759 793 1800; baseline 0 -10"><span class='ocrx_word' id='word_1_126' title='bbox 135 1759 216 1790; x_wconf 88' lang='lat' dir='ltr'>bene</span> <span class='ocrx_word' id='word_1_127' title='bbox 231 1759 370 1791; x_wconf 86' lang='lat' dir='ltr'>defendit</span> <span class='ocrx_word' id='word_1_128' title='bbox 389 1766 420 1791; x_wconf 90' lang='lat' dir='ltr'>et</span> <span class='ocrx_word' id='word_1_129' title='bbox 442 1760 575 1791; x_wconf 79' lang='lat' dir='ltr'>illustrat</span> <span class='ocrx_word' id='word_1_130' title='bbox 593 1767 724 1800; x_wconf 75' lang='lat' dir='ltr'>apertus,</span> <span class='ocrx_word' id='word_1_131' title='bbox 739 1761 793 1792; x_wconf 91' lang='lat' dir='ltr'>ubi</span> 
     </span>
     <span class='ocr_line' id='line_1_24' title="bbox 136 1807 656 1840; baseline 0.004 -2"><span class='ocrx_word' id='word_1_132' title='bbox 136 1807 230 1839; x_wconf 85' lang='lat' dir='ltr'>nullae</span> <span class='ocrx_word' id='word_1_133' title='bbox 245 1809 367 1840; x_wconf 85' lang='lat' dir='ltr'>arbores</span> <span class='ocrx_word' id='word_1_134' title='bbox 382 1815 464 1839; x_wconf 87' lang='lat' dir='ltr'>sunt.</span> <span class='ocrx_word' id='word_1_135' title='bbox 509 1810 656 1840; x_wconf 71' lang='lat' dir='ltr'>HARLES.</span> 
     </span>
    </p>

    <p class='ocr_par' dir='ltr' id='par_1_16' title="bbox 136 1857 793 1999">
     <span class='ocr_line' id='line_1_25' title="bbox 182 1857 792 1900; baseline 0.003 -13"><span class='ocrx_word' id='word_1_136' title='bbox 182 1858 230 1888; x_wconf 87' lang='lat'>12.</span> <span class='ocrx_word' id='word_1_137' title='bbox 261 1857 344 1889; x_wconf 84' lang='lat' dir='ltr'>Ictus</span> <span class='ocrx_word' id='word_1_138' title='bbox 366 1859 401 1888; x_wconf 87' lang='lat' dir='ltr'>ab</span> <span class='ocrx_word' id='word_1_139' title='bbox 423 1859 552 1900; x_wconf 64' lang='lat' dir='ltr'>angue]</span> <span class='ocrx_word' id='word_1_140' title='bbox 583 1858 644 1889; x_wconf 89' lang='lat' dir='ltr'>Vel</span> <span class='ocrx_word' id='word_1_141' title='bbox 667 1858 792 1900; x_wconf 87' lang='lat' dir='ltr'>sagitta,</span> 
     </span>
     <span class='ocr_line' id='line_1_26' title="bbox 138 1907 793 1951; baseline 0.002 -13"><span class='ocrx_word' id='word_1_142' title='bbox 138 1918 258 1939; x_wconf 83' lang='lat' dir='ltr'>veneno</span> <span class='ocrx_word' id='word_1_143' title='bbox 279 1907 386 1950; x_wconf 84' lang='lat' dir='ltr'>hydrae</span> <span class='ocrx_word' id='word_1_144' title='bbox 412 1907 503 1944; x_wconf 89' lang='lat' dir='ltr'>illita,</span> <span class='ocrx_word' id='word_1_145' title='bbox 526 1919 707 1951; x_wconf 85' lang='lat' dir='ltr'>percussus:</span> <span class='ocrx_word' id='word_1_146' title='bbox 743 1908 793 1939; x_wconf 90' lang='lat' dir='ltr'>vel</span> 
     </span>
     <span class='ocr_line' id='line_1_27' title="bbox 136 1956 539 1999; baseline 0.005 -13"><span class='ocrx_word' id='word_1_147' title='bbox 136 1967 243 1988; x_wconf 86' lang='lat' dir='ltr'>revera</span> <span class='ocrx_word' id='word_1_148' title='bbox 258 1967 277 1987; x_wconf 91' lang='lat' dir='ltr'>a</span> <span class='ocrx_word' id='word_1_149' title='bbox 291 1962 433 1999; x_wconf 88' lang='lat' dir='ltr'>serpente</span> <span class='ocrx_word' id='word_1_150' title='bbox 447 1956 539 1988; x_wconf 83' lang='lat' dir='ltr'>ictus.</span> 
     </span>
    </p>

    <p class='ocr_par' dir='ltr' id='par_1_17' title="bbox 136 2004 797 2331">
     <span class='ocr_line' id='line_1_28' title="bbox 181 2004 796 2047; baseline -0.002 -12"><span class='ocrx_word' id='word_1_151' title='bbox 181 2006 232 2038; x_wconf 82' lang='lat'>13.</span> <span class='ocrx_word' id='word_1_152' title='bbox 256 2005 300 2036; x_wconf 68' lang='lat' dir='ltr'>Di</span> <span class='ocrx_word' id='word_1_153' title='bbox 303 2006 447 2047; x_wconf 81' lang='lat' dir='ltr'>facerent</span> <span class='ocrx_word' id='word_1_154' title='bbox 460 2005 603 2046; x_wconf 67' lang='lat' dir='ltr'>utinam]</span> <span class='ocrx_word' id='word_1_155' title='bbox 630 2006 698 2036; x_wconf 91' lang='lat' dir='ltr'>Hoc</span> <span class='ocrx_word' id='word_1_156' title='bbox 709 2004 796 2035; x_wconf 86' lang='lat' dir='ltr'>disti-</span> 
     </span>
     <span class='ocr_line' id='line_1_29' title="bbox 136 2053 797 2091; baseline 0 -6"><span class='ocrx_word' id='word_1_157' title='bbox 136 2054 218 2085; x_wconf 89' lang='lat' dir='ltr'>chon</span> <span class='ocrx_word' id='word_1_158' title='bbox 233 2055 286 2086; x_wconf 83' lang='lat' dir='ltr'>vix</span> <span class='ocrx_word' id='word_1_159' title='bbox 302 2054 448 2086; x_wconf 90' lang='lat' dir='ltr'>Latinum</span> <span class='ocrx_word' id='word_1_160' title='bbox 463 2061 520 2091; x_wconf 87' lang='lat' dir='ltr'>est,</span> <span class='ocrx_word' id='word_1_161' title='bbox 536 2061 567 2085; x_wconf 91' lang='lat' dir='ltr'>et</span> <span class='ocrx_word' id='word_1_162' title='bbox 581 2055 679 2085; x_wconf 88' lang='lat' dir='ltr'>multo</span> <span class='ocrx_word' id='word_1_163' title='bbox 695 2053 797 2085; x_wconf 89' lang='lat' dir='ltr'>minus</span> 
     </span>
     <span class='ocr_line' id='line_1_30' title="bbox 136 2103 796 2135; baseline -0.005 0"><span class='ocrx_word' id='word_1_164' title='bbox 136 2103 286 2135; x_wconf 88' lang='lat' dir='ltr'>Ovidian.</span> <span class='ocrx_word' id='word_1_165' title='bbox 329 2104 446 2134; x_wconf 67' lang='lat' dir='ltr'>Hnms.</span> <span class='ocrx_word' id='word_1_166' title='bbox 491 2104 523 2134; x_wconf 86' lang='lat' dir='ltr'>Si</span> <span class='ocrx_word' id='word_1_167' title='bbox 557 2104 702 2134; x_wconf 74' lang='lat' dir='ltr'>eradatur</span> <span class='ocrx_word' id='word_1_168' title='bbox 738 2103 796 2133; x_wconf 87' lang='lat' dir='ltr'>hoc</span> 
     </span>
     <span class='ocr_line' id='line_1_31' title="bbox 136 2152 796 2194; baseline -0.002 -11"><span class='ocrx_word' id='word_1_169' title='bbox 136 2152 306 2189; x_wconf 87' lang='lat' dir='ltr'>distichon,</span> <span class='ocrx_word' id='word_1_170' title='bbox 322 2163 383 2183; x_wconf 90' lang='lat' dir='ltr'>non</span> <span class='ocrx_word' id='word_1_171' title='bbox 398 2152 489 2183; x_wconf 91' lang='lat' dir='ltr'>video</span> <span class='ocrx_word' id='word_1_172' title='bbox 512 2152 668 2194; x_wconf 91' lang='lat' dir='ltr'>quomodo</span> <span class='ocrx_word' id='word_1_173' title='bbox 690 2152 796 2193; x_wconf 84' lang='lat' dir='ltr'>priori-</span> 
     </span>
     <span class='ocr_line' id='line_1_32' title="bbox 136 2202 792 2244; baseline 0.002 -12"><span class='ocrx_word' id='word_1_174' title='bbox 136 2203 196 2233; x_wconf 88' lang='lat' dir='ltr'>bus</span> <span class='ocrx_word' id='word_1_175' title='bbox 210 2202 385 2233; x_wconf 82' lang='lat' dir='ltr'>eohaereant</span> <span class='ocrx_word' id='word_1_176' title='bbox 399 2202 581 2244; x_wconf 84' lang='lat' dir='ltr'>sequentia:</span> <span class='ocrx_word' id='word_1_177' title='bbox 609 2213 705 2243; x_wconf 81' lang='lat' dir='ltr'>quare</span> <span class='ocrx_word' id='word_1_178' title='bbox 726 2213 792 2233; x_wconf 87' lang='lat' dir='ltr'>cor-</span> 
     </span>
     <span class='ocr_line' id='line_1_33' title="bbox 138 2251 793 2293; baseline 0.002 -12"><span class='ocrx_word' id='word_1_179' title='bbox 138 2257 264 2293; x_wconf 85' lang='lat' dir='ltr'>ruptum</span> <span class='ocrx_word' id='word_1_180' title='bbox 292 2251 395 2293; x_wconf 89' lang='lat' dir='ltr'>potius</span> <span class='ocrx_word' id='word_1_181' title='bbox 419 2251 522 2288; x_wconf 87' lang='lat' dir='ltr'>credo,</span> <span class='ocrx_word' id='word_1_182' title='bbox 553 2257 585 2282; x_wconf 84' lang='lat' dir='ltr'>et</span> <span class='ocrx_word' id='word_1_183' title='bbox 614 2252 658 2282; x_wconf 91' lang='lat' dir='ltr'>ita</span> <span class='ocrx_word' id='word_1_184' title='bbox 688 2252 793 2293; x_wconf 84' lang='lat' dir='ltr'>legen-</span> 
     </span>
     <span class='ocr_line' id='line_1_34' title="bbox 139 2300 233 2331; baseline -0.011 -1"><span class='ocrx_word' id='word_1_185' title='bbox 139 2300 233 2331; x_wconf 89' lang='lat' dir='ltr'>dum:</span> 
     </span>
    </p>

    <p class='ocr_par' dir='ltr' id='par_1_18' title="bbox 184 2349 793 2391">
     <span class='ocr_line' id='line_1_35' title="bbox 184 2349 793 2391; baseline 0.005 -12"><span class='ocrx_word' id='word_1_186' title='bbox 184 2349 227 2379; x_wconf 70' lang='lat' dir='ltr'>Di</span> <span class='ocrx_word' id='word_1_187' title='bbox 234 2349 381 2391; x_wconf 80' lang='lat' dir='ltr'>facerent</span> <span class='ocrx_word' id='word_1_188' title='bbox 393 2353 523 2387; x_wconf 77' lang='lat' dir='ltr'>utinam,</span> <span class='ocrx_word' id='word_1_189' title='bbox 538 2352 602 2381; x_wconf 75' lang='lat' dir='ltr'>vati</span> <span class='ocrx_word' id='word_1_190' title='bbox 616 2357 712 2381; x_wconf 72' lang='lat' dir='ltr'>status</span> <span class='ocrx_word' id='word_1_191' title='bbox 725 2357 793 2382; x_wconf 76' lang='lat' dir='ltr'>esset</span> 
     </span>
    </p>

    <p class='ocr_par' dir='ltr' id='par_1_19' title="bbox 134 2400 795 2780">
     <span class='ocr_line' id='line_1_36' title="bbox 265 2400 372 2436; baseline 0 -6"><span class='ocrx_word' id='word_1_192' title='bbox 265 2402 297 2430; x_wconf 84' lang='lat' dir='ltr'>in</span> <span class='ocrx_word' id='word_1_193' title='bbox 309 2400 372 2436; x_wconf 81' lang='lat' dir='ltr'><em>illo,</em></span> 
     </span>
     <span class='ocr_line' id='line_1_37' title="bbox 229 2448 795 2491; baseline 0 -13"><span class='ocrx_word' id='word_1_194' title='bbox 229 2448 270 2479; x_wconf 85' lang='lat' dir='ltr'>Ut</span> <span class='ocrx_word' id='word_1_195' title='bbox 294 2450 365 2479; x_wconf 82' lang='lat' dir='ltr'>mihi</span> <span class='ocrx_word' id='word_1_196' title='bbox 379 2449 446 2491; x_wconf 86' lang='lat' dir='ltr'>(vel</span> <span class='ocrx_word' id='word_1_197' title='bbox 462 2448 542 2490; x_wconf 85' lang='lat' dir='ltr'>sibi)</span> <span class='ocrx_word' id='word_1_198' title='bbox 560 2451 690 2481; x_wconf 79' lang='lat' dir='ltr'>tristitiae</span> <span class='ocrx_word' id='word_1_199' title='bbox 705 2459 795 2479; x_wconf 80' lang='lat' dir='ltr'>causa</span> 
     </span>
     <span class='ocr_line' id='line_1_38' title="bbox 267 2498 503 2540; baseline 0 -12"><span class='ocrx_word' id='word_1_200' title='bbox 267 2499 400 2530; x_wconf 81' lang='lat' dir='ltr'>docenda</span> <span class='ocrx_word' id='word_1_201' title='bbox 403 2498 503 2540; x_wconf 84' lang='lat' dir='ltr'>foret.</span> 
     </span>
     <span class='ocr_line' id='line_1_39' title="bbox 139 2545 794 2589; baseline -0.003 -10"><span class='ocrx_word' id='word_1_202' title='bbox 139 2545 268 2579; x_wconf 84' lang='lat' dir='ltr'>Utinam</span> <span class='ocrx_word' id='word_1_203' title='bbox 282 2545 370 2583; x_wconf 87' lang='lat' dir='ltr'>mihi,</span> <span class='ocrx_word' id='word_1_204' title='bbox 384 2552 497 2589; x_wconf 83' lang='lat' dir='ltr'>poetae,</span> <span class='ocrx_word' id='word_1_205' title='bbox 513 2552 612 2578; x_wconf 83' lang='lat' dir='ltr'>status</span> <span class='ocrx_word' id='word_1_206' title='bbox 630 2546 683 2576; x_wconf 82' lang='lat' dir='ltr'>ille</span> <span class='ocrx_word' id='word_1_207' title='bbox 703 2552 794 2583; x_wconf 88' lang='lat' dir='ltr'>esset,</span> 
     </span>
     <span class='ocr_line' id='line_1_40' title="bbox 136 2595 792 2633; baseline -0.003 -5"><span class='ocrx_word' id='word_1_208' title='bbox 136 2602 172 2628; x_wconf 82' lang='lat' dir='ltr'>ut</span> <span class='ocrx_word' id='word_1_209' title='bbox 182 2595 290 2628; x_wconf 85' lang='lat' dir='ltr'>liceret</span> <span class='ocrx_word' id='word_1_210' title='bbox 298 2606 436 2633; x_wconf 84' lang='lat' dir='ltr'>causam,</span> <span class='ocrx_word' id='word_1_211' title='bbox 447 2595 574 2627; x_wconf 88' lang='lat' dir='ltr'>minime</span> <span class='ocrx_word' id='word_1_212' title='bbox 585 2595 792 2632; x_wconf 83' lang='lat' dir='ltr'>manifestam,</span> 
     </span>
     <span class='ocr_line' id='line_1_41' title="bbox 134 2644 792 2686; baseline -0.003 -10"><span class='ocrx_word' id='word_1_213' title='bbox 134 2644 267 2676; x_wconf 77' lang='lat' dir='ltr'>tristitiae</span> <span class='ocrx_word' id='word_1_214' title='bbox 279 2644 381 2676; x_wconf 86' lang='lat' dir='ltr'>silere:</span> <span class='ocrx_word' id='word_1_215' title='bbox 398 2645 451 2676; x_wconf 89' lang='lat' dir='ltr'>sed</span> <span class='ocrx_word' id='word_1_216' title='bbox 463 2655 560 2686; x_wconf 90' lang='lat' dir='ltr'>quum</span> <span class='ocrx_word' id='word_1_217' title='bbox 574 2644 630 2675; x_wconf 83' lang='lat' dir='ltr'>illa</span> <span class='ocrx_word' id='word_1_218' title='bbox 642 2645 682 2675; x_wconf 84' lang='lat' dir='ltr'>sit</span> <span class='ocrx_word' id='word_1_219' title='bbox 695 2645 792 2674; x_wconf 90' lang='lat' dir='ltr'>omni-</span> 
     </span>
     <span class='ocr_line' id='line_1_42' title="bbox 136 2693 793 2736; baseline -0.003 -11"><span class='ocrx_word' id='word_1_220' title='bbox 136 2695 196 2725; x_wconf 90' lang='lat' dir='ltr'>bus</span> <span class='ocrx_word' id='word_1_221' title='bbox 210 2699 294 2730; x_wconf 87' lang='lat' dir='ltr'>nota,</span> <span class='ocrx_word' id='word_1_222' title='bbox 305 2694 380 2735; x_wconf 91' lang='lat' dir='ltr'>quia</span> <span class='ocrx_word' id='word_1_223' title='bbox 394 2705 461 2725; x_wconf 91' lang='lat' dir='ltr'>sum</span> <span class='ocrx_word' id='word_1_224' title='bbox 476 2694 596 2736; x_wconf 86' lang='lat' dir='ltr'>ejectus</span> <span class='ocrx_word' id='word_1_225' title='bbox 609 2694 641 2724; x_wconf 92' lang='lat' dir='ltr'>in</span> <span class='ocrx_word' id='word_1_226' title='bbox 651 2693 793 2724; x_wconf 86' lang='lat' dir='ltr'>ultimam</span> 
     </span>
     <span class='ocr_line' id='line_1_43' title="bbox 137 2743 793 2780; baseline -0.003 -6"><span class='ocrx_word' id='word_1_227' title='bbox 137 2743 322 2780; x_wconf 84' lang='lat' dir='ltr'>barbariem,</span> <span class='ocrx_word' id='word_1_228' title='bbox 339 2743 464 2774; x_wconf 86' lang='lat' dir='ltr'>mallem</span> <span class='ocrx_word' id='word_1_229' title='bbox 483 2743 515 2775; x_wconf 90' lang='lat' dir='ltr'>in</span> <span class='ocrx_word' id='word_1_230' title='bbox 534 2753 570 2774; x_wconf 92' lang='lat' dir='ltr'>eo</span> <span class='ocrx_word' id='word_1_231' title='bbox 596 2748 676 2774; x_wconf 88' lang='lat' dir='ltr'>esset</span> <span class='ocrx_word' id='word_1_232' title='bbox 696 2748 793 2773; x_wconf 82' lang='lat' dir='ltr'>status</span> 
     </span>
    </p>
   </div>
   <div class='ocr_carea' id='block_1_9' title="bbox 1456 1541 1520 1584">
    <p class='ocr_par' dir='ltr' id='par_1_20' title="bbox 1456 1541 1520 1584">
     <span class='ocr_line' id='line_1_44' title="bbox 1456 1541 1520 1584; baseline 0.016 -1"><span class='ocrx_word' id='word_1_233' title='bbox 1456 1541 1520 1584; x_wconf 80' lang='lat'>20</span> 
     </span>
    </p>
   </div>
   <div class='ocr_carea' id='block_1_10' title="bbox 860 1659 1523 2780">
    <p class='ocr_par' dir='ltr' id='par_1_21' title="bbox 860 1659 1523 2577">
     <span class='ocr_line' id='line_1_45' title="bbox 862 1659 1522 1697; baseline -0.006 -4"><span class='ocrx_word' id='word_1_234' title='bbox 862 1672 961 1697; x_wconf 90' lang='lat' dir='ltr'>meus,</span> <span class='ocrx_word' id='word_1_235' title='bbox 977 1668 1012 1692; x_wconf 91' lang='lat' dir='ltr'>ut</span> <span class='ocrx_word' id='word_1_236' title='bbox 1026 1661 1171 1692; x_wconf 87' lang='lat' dir='ltr'>deberem</span> <span class='ocrx_word' id='word_1_237' title='bbox 1192 1660 1302 1690; x_wconf 86' lang='lat' dir='ltr'>docere</span> <span class='ocrx_word' id='word_1_238' title='bbox 1327 1669 1452 1690; x_wconf 85' lang='lat' dir='ltr'>causam</span> <span class='ocrx_word' id='word_1_239' title='bbox 1467 1659 1522 1690; x_wconf 86' lang='lat' dir='ltr'>tri-</span> 
     </span>
     <span class='ocr_line' id='line_1_46' title="bbox 863 1709 1521 1750; baseline -0.003 -9"><span class='ocrx_word' id='word_1_240' title='bbox 863 1710 967 1746; x_wconf 81' lang='lat' dir='ltr'>stitiae,</span> <span class='ocrx_word' id='word_1_241' title='bbox 979 1710 1011 1741; x_wconf 91' lang='lat' dir='ltr'>id</span> <span class='ocrx_word' id='word_1_242' title='bbox 1023 1716 1080 1746; x_wconf 84' lang='lat' dir='ltr'>est,</span> <span class='ocrx_word' id='word_1_243' title='bbox 1092 1715 1126 1740; x_wconf 87' lang='lat' dir='ltr'>ut</span> <span class='ocrx_word' id='word_1_244' title='bbox 1138 1709 1171 1740; x_wconf 90' lang='lat' dir='ltr'>in</span> <span class='ocrx_word' id='word_1_245' title='bbox 1183 1709 1237 1739; x_wconf 89' lang='lat' dir='ltr'>tali</span> <span class='ocrx_word' id='word_1_246' title='bbox 1248 1709 1317 1739; x_wconf 88' lang='lat' dir='ltr'>loco</span> <span class='ocrx_word' id='word_1_247' title='bbox 1330 1719 1429 1739; x_wconf 90' lang='lat' dir='ltr'>essem</span> <span class='ocrx_word' id='word_1_248' title='bbox 1440 1709 1521 1750; x_wconf 90' lang='lat' dir='ltr'>posi-</span> 
     </span>
     <span class='ocr_line' id='line_1_47' title="bbox 862 1758 1522 1802; baseline -0.003 -12"><span class='ocrx_word' id='word_1_249' title='bbox 862 1766 922 1796; x_wconf 89' lang='lat' dir='ltr'>tus,</span> <span class='ocrx_word' id='word_1_250' title='bbox 938 1761 1027 1802; x_wconf 84' lang='lat' dir='ltr'>cujus</span> <span class='ocrx_word' id='word_1_251' title='bbox 1043 1771 1103 1790; x_wconf 89' lang='lat' dir='ltr'>non</span> <span class='ocrx_word' id='word_1_252' title='bbox 1118 1758 1297 1801; x_wconf 86' lang='lat' dir='ltr'>poeniteret,</span> <span class='ocrx_word' id='word_1_253' title='bbox 1316 1758 1340 1788; x_wconf 91' lang='lat' dir='ltr'>si</span> <span class='ocrx_word' id='word_1_254' title='bbox 1356 1768 1451 1799; x_wconf 86' lang='lat' dir='ltr'>poena</span> <span class='ocrx_word' id='word_1_255' title='bbox 1463 1758 1522 1788; x_wconf 90' lang='lat' dir='ltr'>cri-</span> 
     </span>
     <span class='ocr_line' id='line_1_48' title="bbox 862 1806 1521 1847; baseline -0.002 -8"><span class='ocrx_word' id='word_1_256' title='bbox 862 1809 937 1840; x_wconf 87' lang='lat' dir='ltr'>mini</span> <span class='ocrx_word' id='word_1_257' title='bbox 968 1819 1036 1839; x_wconf 90' lang='lat' dir='ltr'>meo</span> <span class='ocrx_word' id='word_1_258' title='bbox 1060 1808 1257 1843; x_wconf 83' lang='lat' dir='ltr'>conferretur,</span> <span class='ocrx_word' id='word_1_259' title='bbox 1282 1812 1312 1837; x_wconf 87' lang='lat' dir='ltr'>et</span> <span class='ocrx_word' id='word_1_260' title='bbox 1336 1806 1449 1847; x_wconf 83' lang='lat' dir='ltr'>injuria</span> <span class='ocrx_word' id='word_1_261' title='bbox 1472 1818 1521 1838; x_wconf 88' lang='lat' dir='ltr'>me</span> 
     </span>
     <span class='ocr_line' id='line_1_49' title="bbox 862 1856 1522 1899; baseline -0.003 -10"><span class='ocrx_word' id='word_1_262' title='bbox 862 1859 949 1899; x_wconf 92' lang='lat' dir='ltr'>queri</span> <span class='ocrx_word' id='word_1_263' title='bbox 975 1868 1082 1888; x_wconf 84' lang='lat' dir='ltr'>omnes</span> <span class='ocrx_word' id='word_1_264' title='bbox 1109 1856 1259 1888; x_wconf 81' lang='lat' dir='ltr'>dicerent.</span> <span class='ocrx_word' id='word_1_265' title='bbox 1306 1856 1423 1887; x_wconf 63' lang='lat' dir='ltr'>Eum.</span> <span class='ocrx_word' id='word_1_266' title='bbox 1471 1856 1522 1887; x_wconf 95' lang='lat' dir='ltr'>De</span> 
     </span>
     <span class='ocr_line' id='line_1_50' title="bbox 861 1904 1523 1948; baseline -0.003 -10"><span class='ocrx_word' id='word_1_267' title='bbox 861 1907 1079 1938; x_wconf 84' lang='lat' dir='ltr'>emendatione</span> <span class='ocrx_word' id='word_1_268' title='bbox 1102 1905 1209 1948; x_wconf 91' lang='lat' dir='ltr'>prioris</span> <span class='ocrx_word' id='word_1_269' title='bbox 1224 1916 1329 1936; x_wconf 87' lang='lat' dir='ltr'>versus</span> <span class='ocrx_word' id='word_1_270' title='bbox 1352 1904 1443 1936; x_wconf 85' lang='lat' dir='ltr'>facile</span> <span class='ocrx_word' id='word_1_271' title='bbox 1468 1906 1523 1936; x_wconf 89' lang='lat' dir='ltr'>ad-</span> 
     </span>
     <span class='ocr_line' id='line_1_51' title="bbox 861 1954 1523 1997; baseline -0.005 -10"><span class='ocrx_word' id='word_1_272' title='bbox 861 1957 986 1991; x_wconf 88' lang='lat' dir='ltr'>sentior,</span> <span class='ocrx_word' id='word_1_273' title='bbox 1001 1965 1193 1997; x_wconf 88' lang='lat' dir='ltr'>quamquam</span> <span class='ocrx_word' id='word_1_274' title='bbox 1217 1954 1311 1985; x_wconf 87' lang='lat' dir='ltr'>etiam</span> <span class='ocrx_word' id='word_1_275' title='bbox 1336 1955 1405 1984; x_wconf 77' lang='lat' dir='ltr'>talis</span> <span class='ocrx_word' id='word_1_276' title='bbox 1427 1955 1523 1996; x_wconf 86' lang='lat' dir='ltr'>possit</span> 
     </span>
     <span class='ocr_line' id='line_1_52' title="bbox 860 2003 1521 2047; baseline -0.005 -11"><span class='ocrx_word' id='word_1_277' title='bbox 860 2005 1021 2047; x_wconf 86' lang='lat' dir='ltr'>explicari,</span> <span class='ocrx_word' id='word_1_278' title='bbox 1037 2005 1076 2035; x_wconf 91' lang='lat' dir='ltr'>de</span> <span class='ocrx_word' id='word_1_279' title='bbox 1100 2003 1278 2046; x_wconf 83' lang='lat' dir='ltr'>posterioris</span> <span class='ocrx_word' id='word_1_280' title='bbox 1292 2014 1400 2034; x_wconf 87' lang='lat' dir='ltr'>versus</span> <span class='ocrx_word' id='word_1_281' title='bbox 1415 2009 1521 2034; x_wconf 87' lang='lat' dir='ltr'>autem</span> 
     </span>
     <span class='ocr_line' id='line_1_53' title="bbox 861 2054 1521 2094; baseline -0.005 -8"><span class='ocrx_word' id='word_1_282' title='bbox 861 2055 1079 2086; x_wconf 85' lang='lat' dir='ltr'>emendatione</span> <span class='ocrx_word' id='word_1_283' title='bbox 1103 2054 1190 2085; x_wconf 83' lang='lat' dir='ltr'>salvo</span> <span class='ocrx_word' id='word_1_284' title='bbox 1216 2064 1289 2094; x_wconf 84' lang='lat' dir='ltr'>erga</span> <span class='ocrx_word' id='word_1_285' title='bbox 1312 2063 1418 2084; x_wconf 88' lang='lat' dir='ltr'>manes</span> <span class='ocrx_word' id='word_1_286' title='bbox 1440 2054 1521 2084; x_wconf 89' lang='lat' dir='ltr'>Bur-</span> 
     </span>
     <span class='ocr_line' id='line_1_54' title="bbox 862 2102 1518 2146; baseline -0.005 -11"><span class='ocrx_word' id='word_1_287' title='bbox 862 2105 1043 2135; x_wconf 85' lang='lat' dir='ltr'>mannianos</span> <span class='ocrx_word' id='word_1_288' title='bbox 1056 2104 1186 2146; x_wconf 90' lang='lat' dir='ltr'>pudore,</span> <span class='ocrx_word' id='word_1_289' title='bbox 1197 2102 1341 2144; x_wconf 87' lang='lat' dir='ltr'>equidem</span> <span class='ocrx_word' id='word_1_290' title='bbox 1352 2102 1499 2133; x_wconf 77' lang='lat' dir='ltr'>dissentio</span> <span class='ocrx_word' id='word_1_291' title='bbox 1513 2116 1518 2140; x_wconf 73' lang='lat'><em>3</em></span> 
     </span>
     <span class='ocr_line' id='line_1_55' title="bbox 861 2152 1521 2196; baseline -0.005 -11"><span class='ocrx_word' id='word_1_292' title='bbox 861 2155 959 2196; x_wconf 89' lang='lat' dir='ltr'>primo</span> <span class='ocrx_word' id='word_1_293' title='bbox 981 2156 1035 2185; x_wconf 80' lang='lat' dir='ltr'>sibi</span> <span class='ocrx_word' id='word_1_294' title='bbox 1055 2165 1115 2184; x_wconf 89' lang='lat' dir='ltr'>non</span> <span class='ocrx_word' id='word_1_295' title='bbox 1138 2153 1270 2183; x_wconf 87' lang='lat' dir='ltr'>sustinet</span> <span class='ocrx_word' id='word_1_296' title='bbox 1284 2152 1367 2182; x_wconf 91' lang='lat' dir='ltr'>fictio</span> <span class='ocrx_word' id='word_1_297' title='bbox 1387 2152 1521 2193; x_wconf 85' lang='lat' dir='ltr'>poetica,</span> 
     </span>
     <span class='ocr_line' id='line_1_56' title="bbox 861 2200 1521 2245; baseline -0.005 -12"><span class='ocrx_word' id='word_1_298' title='bbox 861 2202 935 2244; x_wconf 88' lang='lat' dir='ltr'>quia</span> <span class='ocrx_word' id='word_1_299' title='bbox 953 2202 1086 2245; x_wconf 82' lang='lat' dir='ltr'>epistola</span> <span class='ocrx_word' id='word_1_300' title='bbox 1102 2202 1234 2242; x_wconf 86' lang='lat' dir='ltr'>loquens</span> <span class='ocrx_word' id='word_1_301' title='bbox 1254 2200 1422 2236; x_wconf 88' lang='lat' dir='ltr'>inducitur,</span> <span class='ocrx_word' id='word_1_302' title='bbox 1439 2201 1521 2241; x_wconf 88' lang='lat' dir='ltr'>quod</span> 
     </span>
     <span class='ocr_line' id='line_1_57' title="bbox 862 2249 1521 2293; baseline -0.003 -10"><span class='ocrx_word' id='word_1_303' title='bbox 862 2252 990 2293; x_wconf 88' lang='lat' dir='ltr'>quidem</span> <span class='ocrx_word' id='word_1_304' title='bbox 1012 2257 1059 2282; x_wconf 85' lang='lat' dir='ltr'>est</span> <span class='ocrx_word' id='word_1_305' title='bbox 1087 2251 1119 2281; x_wconf 87' lang='lat' dir='ltr'>in</span> <span class='ocrx_word' id='word_1_306' title='bbox 1144 2250 1243 2280; x_wconf 88' lang='lat' dir='ltr'>tribus</span> <span class='ocrx_word' id='word_1_307' title='bbox 1266 2249 1357 2280; x_wconf 90' lang='lat' dir='ltr'>codd.</span> <span class='ocrx_word' id='word_1_308' title='bbox 1373 2249 1444 2280; x_wconf 87' lang='lat' dir='ltr'>dein</span> <span class='ocrx_word' id='word_1_309' title='bbox 1464 2260 1521 2281; x_wconf 86' lang='lat' dir='ltr'>nec</span> 
     </span>
     <span class='ocr_line' id='line_1_58' title="bbox 863 2297 1523 2339; baseline -0.005 -9"><span class='ocrx_word' id='word_1_310' title='bbox 863 2302 934 2331; x_wconf 75' lang='lat' dir='ltr'><em>mihi</em></span> <span class='ocrx_word' id='word_1_311' title='bbox 945 2311 1003 2332; x_wconf 88' lang='lat' dir='ltr'>nec</span> <span class='ocrx_word' id='word_1_312' title='bbox 1018 2301 1147 2331; x_wconf 73' lang='lat' dir='ltr'>docenda</span> <span class='ocrx_word' id='word_1_313' title='bbox 1164 2297 1379 2339; x_wconf 80' lang='lat' dir='ltr'>corrigendum</span> <span class='ocrx_word' id='word_1_314' title='bbox 1394 2308 1460 2328; x_wconf 87' lang='lat' dir='ltr'>esse</span> <span class='ocrx_word' id='word_1_315' title='bbox 1477 2298 1523 2328; x_wconf 86' lang='lat' dir='ltr'>vi-</span> 
     </span>
     <span class='ocr_line' id='line_1_59' title="bbox 862 2346 1520 2388; baseline -0.006 -8"><span class='ocrx_word' id='word_1_316' title='bbox 862 2349 962 2380; x_wconf 87' lang='lat' dir='ltr'>detur.</span> <span class='ocrx_word' id='word_1_317' title='bbox 991 2350 1142 2380; x_wconf 84' lang='lat' dir='ltr'>Caussam</span> <span class='ocrx_word' id='word_1_318' title='bbox 1157 2347 1240 2377; x_wconf 87' lang='lat' dir='ltr'>enim</span> <span class='ocrx_word' id='word_1_319' title='bbox 1250 2346 1394 2382; x_wconf 85' lang='lat' dir='ltr'>tristitiae,</span> <span class='ocrx_word' id='word_1_320' title='bbox 1409 2357 1520 2388; x_wconf 86' lang='lat' dir='ltr'>nempe</span> 
     </span>
     <span class='ocr_line' id='line_1_60' title="bbox 861 2396 1520 2440; baseline 0 -13"><span class='ocrx_word' id='word_1_321' title='bbox 861 2398 922 2429; x_wconf 88' lang='lat' dir='ltr'>loci</span> <span class='ocrx_word' id='word_1_322' title='bbox 940 2399 1147 2440; x_wconf 88' lang='lat' dir='ltr'>iniquitatem,</span> <span class='ocrx_word' id='word_1_323' title='bbox 1164 2396 1298 2437; x_wconf 82' lang='lat' dir='ltr'>Augusti</span> <span class='ocrx_word' id='word_1_324' title='bbox 1314 2396 1402 2431; x_wconf 86' lang='lat' dir='ltr'>iram,</span> <span class='ocrx_word' id='word_1_325' title='bbox 1419 2403 1450 2426; x_wconf 85' lang='lat' dir='ltr'>et</span> <span class='ocrx_word' id='word_1_326' title='bbox 1465 2397 1520 2427; x_wconf 84' lang='lat' dir='ltr'>ab·</span> 
     </span>
     <span class='ocr_line' id='line_1_61' title="bbox 861 2445 1520 2481; baseline -0.005 -2"><span class='ocrx_word' id='word_1_327' title='bbox 861 2448 993 2479; x_wconf 86' lang='lat' dir='ltr'>sentiam</span> <span class='ocrx_word' id='word_1_328' title='bbox 1019 2448 1058 2477; x_wconf 83' lang='lat' dir='ltr'>ab</span> <span class='ocrx_word' id='word_1_329' title='bbox 1085 2446 1184 2477; x_wconf 85' lang='lat' dir='ltr'>amico</span> <span class='ocrx_word' id='word_1_330' title='bbox 1210 2446 1285 2476; x_wconf 79' lang='lat' dir='ltr'>satis</span> <span class='ocrx_word' id='word_1_331' title='bbox 1311 2445 1426 2481; x_wconf 86' lang='lat' dir='ltr'>docuit,</span> <span class='ocrx_word' id='word_1_332' title='bbox 1452 2445 1520 2476; x_wconf 83' lang='lat' dir='ltr'>haec</span> 
     </span>
     <span class='ocr_line' id='line_1_62' title="bbox 862 2493 1521 2535; baseline -0.008 -7"><span class='ocrx_word' id='word_1_333' title='bbox 862 2507 932 2527; x_wconf 86' lang='lat' dir='ltr'>vero</span> <span class='ocrx_word' id='word_1_334' title='bbox 948 2506 1058 2527; x_wconf 85' lang='lat' dir='ltr'>caussa</span> <span class='ocrx_word' id='word_1_335' title='bbox 1079 2500 1113 2526; x_wconf 91' lang='lat' dir='ltr'>ut</span> <span class='ocrx_word' id='word_1_336' title='bbox 1135 2505 1197 2525; x_wconf 89' lang='lat' dir='ltr'>non</span> <span class='ocrx_word' id='word_1_337' title='bbox 1212 2493 1346 2525; x_wconf 80' lang='lat' dir='ltr'>dolenda</span> <span class='ocrx_word' id='word_1_338' title='bbox 1362 2494 1450 2529; x_wconf 78' lang='lat' dir='ltr'>foret,</span> <span class='ocrx_word' id='word_1_339' title='bbox 1466 2505 1521 2535; x_wconf 84' lang='lat' dir='ltr'>op-</span> 
     </span>
     <span class='ocr_line' id='line_1_63' title="bbox 861 2546 1145 2577; baseline -0.007 0"><span class='ocrx_word' id='word_1_340' title='bbox 861 2551 952 2577; x_wconf 77' lang='lat' dir='ltr'>tarat.</span> <span class='ocrx_word' id='word_1_341' title='bbox 996 2546 1145 2576; x_wconf 76' lang='lat' dir='ltr'>HARLEs.</span> 
     </span>
    </p>

    <p class='ocr_par' dir='ltr' id='par_1_22' title="bbox 861 2590 1521 2733">
     <span class='ocr_line' id='line_1_64' title="bbox 907 2590 1521 2632; baseline -0.007 -7"><span class='ocrx_word' id='word_1_342' title='bbox 907 2596 956 2626; x_wconf 86' lang='lat'>15.</span> <span class='ocrx_word' id='word_1_343' title='bbox 980 2594 1054 2624; x_wconf 81' lang='lat' dir='ltr'>Fert</span> <span class='ocrx_word' id='word_1_344' title='bbox 1078 2600 1186 2629; x_wconf 83' lang='lat' dir='ltr'>tamen,</span> <span class='ocrx_word' id='word_1_345' title='bbox 1202 2591 1277 2632; x_wconf 55' lang='grc' dir='ltr'>δία]</span> <span class='ocrx_word' id='word_1_346' title='bbox 1307 2590 1440 2621; x_wconf 84' lang='lat' dir='ltr'>Virtutis</span> <span class='ocrx_word' id='word_1_347' title='bbox 1463 2597 1521 2627; x_wconf 84' lang='lat' dir='ltr'>est,</span> 
     </span>
     <span class='ocr_line' id='line_1_65' title="bbox 861 2639 1520 2675; baseline -0.008 -1"><span class='ocrx_word' id='word_1_348' title='bbox 861 2649 896 2673; x_wconf 84' lang='lat' dir='ltr'>ut</span> <span class='ocrx_word' id='word_1_349' title='bbox 920 2643 1090 2674; x_wconf 86' lang='lat' dir='ltr'>secundam</span> <span class='ocrx_word' id='word_1_350' title='bbox 1114 2641 1268 2672; x_wconf 85' lang='lat' dir='ltr'>fortunam</span> <span class='ocrx_word' id='word_1_351' title='bbox 1290 2639 1457 2675; x_wconf 83' lang='lat' dir='ltr'>moderate,</span> <span class='ocrx_word' id='word_1_352' title='bbox 1476 2640 1520 2670; x_wconf 79' lang='lat' dir='ltr'>ita</span> 
     </span>
     <span class='ocr_line' id='line_1_66' title="bbox 861 2689 1443 2733; baseline -0.007 -11"><span class='ocrx_word' id='word_1_353' title='bbox 861 2692 1022 2724; x_wconf 85' lang='lat' dir='ltr'>adversam</span> <span class='ocrx_word' id='word_1_354' title='bbox 1037 2692 1114 2722; x_wconf 85' lang='lat' dir='ltr'>serre</span> <span class='ocrx_word' id='word_1_355' title='bbox 1129 2689 1294 2733; x_wconf 84' lang='lat' dir='ltr'>patienter.</span> <span class='ocrx_word' id='word_1_356' title='bbox 1338 2690 1443 2719; x_wconf 64' lang='lat' dir='ltr'>Pom.</span> 
     </span>
    </p>

    <p class='ocr_par' dir='ltr' id='par_1_23' title="bbox 907 2738 1458 2780">
     <span class='ocr_line' id='line_1_67' title="bbox 907 2738 1458 2780; baseline -0.005 -9"><span class='ocrx_word' id='word_1_357' title='bbox 907 2742 957 2771; x_wconf 91' lang='lat'>17.</span> <span class='ocrx_word' id='word_1_358' title='bbox 982 2740 1150 2780; x_wconf 57' lang='lat' dir='ltr'>Numinis]</span> <span class='ocrx_word' id='word_1_359' title='bbox 1176 2738 1323 2780; x_wconf 78' lang='lat' dir='ltr'>Augusti.</span> <span class='ocrx_word' id='word_1_360' title='bbox 1367 2738 1458 2768; x_wconf 64' lang='lat' dir='ltr'>Man.</span> 
     </span>
    </p>
   </div>
  </div>
 </body>
</html>
