1760 3172
206 183 291 224 306
507 180 556 222 Ρ.
590 179 802 221 OVIDII
836 179 1129 229 NASONIS,
1164 180 1293 221 ETC.

208 297 283 343 Tu
308 297 427 352 dux,
454 303 609 358 tuque
634 311 828 351 comes3
857 302 911 342 tu
937 310 1026 342 nos
1052 294 1257 342 abducis
1283 295 1345 342 ab
1372 295 1526 351 Istro;

272 372 330 419 In
354 372 618 434 medioque
643 371 762 418 mihi
788 371 876 417 das
905 370 1146 418 Helicone
1173 372 1364 419 locum:
1493 375 1584 419 120

206 442 281 497 Tu
307 449 442 504 mihi,
470 449 604 512 quod
631 463 809 502 rarum,
835 447 944 494 vivo
970 447 1183 494 sublime
1207 447 1389 495 dedisti

273 525 484 582 Nomen,
513 526 574 572 ab
601 524 854 587 exsequiis
881 524 1016 586 quod
1041 524 1158 571 dare
1185 524 1316 571 fama
1341 525 1482 571 solet.

209 602 333 659 Nec,
362 603 447 666 qui
473 604 720 650 detrectat
743 600 1024 664 praesentia,
1051 600 1172 647 livor
1197 601 1367 663 iniquo

274 680 444 727 Ullum
469 681 531 728 de
556 679 737 727 nostris
763 679 912 726 dente
938 678 1201 725 momordit
1226 694 1376 741 opus:

208 757 354 813 Nam,
373 757 576 804 tulerint
599 772 804 818 magnos
825 772 981 818 quum
1008 756 1191 802 saecula
1208 763 1377 803 nostra
1395 761 1582 818 poetas,

273 834 389 881 Non
413 833 505 881 fuit
528 834 726 896 ingenio
750 833 881 880 sama
905 833 1122 895 maligna
1146 849 1255 881 meo
1275 850 1283 880 :
1493 836 1583 880 126

205 910 474 974 Quumque
498 927 589 972 ego
614 926 898 974 praeponam
922 911 1106 957 multos
1127 909 1275 967 mihi;
1305 926 1403 956 non
1428 909 1586 956 minor

273 988 439 1043 Dicor,
467 994 517 1034 et
540 988 589 1033 in
616 994 720 1034 toto
746 986 987 1050 plurimus
1013 987 1131 1034 orbe
1156 987 1308 1049 legor.
1466 986 1584 1048 [illis

207 1064 260 1111 Si
287 1065 407 1128 quid
432 1065 617 1112 habent
641 1064 790 1126 igitur
813 1070 981 1110 vatum
1006 1063 1247 1127 praesagia
1268 1063 1384 1119 veri,

271 1142 504 1189 Protinus
530 1148 585 1187 ut
608 1141 802 1196 moriar,
829 1156 928 1187 non
953 1155 1052 1195 ero,
1078 1146 1223 1195 terra,
1250 1146 1380 1187 tuus.
1492 1143 1583 1187 130

207 1219 321 1266 Sive
345 1219 508 1266 favore
532 1217 639 1273 tuli,
667 1217 768 1265 sive
794 1218 920 1264 hanc
947 1233 1039 1280 ego
1065 1218 1279 1265 carmine
1305 1218 1501 1275 famam,

268 1295 297 1341 J
303 1312 388 1343 ure
414 1295 504 1342 tibi
530 1301 711 1357 grates,
734 1294 946 1342 candide
970 1294 1141 1350 lector,
1170 1310 1279 1357 ago.

247 1447 318 1477 119.
338 1448 383 1477 Ab
402 1446 507 1487 Istra]
534 1446 564 1476 A
583 1446 748 1477 Tomitana
770 1447 857 1483 urbe,
970 1446 1087 1483 Penna‚
1100 1445 1232 1488 biformis
1243 1457 1297 1486 per
1313 1447 1460 1486 liquidum
1473 1446 1583 1476 aethem

200 1495 280 1527 Istro
294 1495 413 1527 flumini
429 1495 570 1526 finitima.
1015 1495 1113 1526 Vates.

245 1547 316 1577 123.
337 1546 492 1577 Detrectat
513 1544 697 1585 praesentia.]
725 1546 858 1576 Lacerat
928 1544 997 1575 Non
1011 1554 1059 1574 ero
1076 1550 1156 1574 tuus.
1189 1544 1219 1574 N
1223 1555 1261 1575 on
1277 1543 1409 1585 sepeliar
1423 1549 1516 1580 totus,
1529 1549 1582 1574 aut

199 1594 369 1626 viventium
383 1605 486 1636 opera.
519 1595 612 1625 MER.
926 1593 1074 1624 oblivioni
1090 1593 1208 1625 tradar:
1233 1593 1286 1624 sed
1305 1603 1377 1624 mea
1395 1594 1477 1625 fama
1490 1604 1582 1635 supra

245 1645 315 1676 130.
341 1645 485 1676 Protinus
513 1651 547 1675 ut
573 1644 710 1684 morian]
749 1644 799 1675 Sic
828 1650 860 1675 et
925 1648 1022 1673 terras
1043 1653 1109 1673 sese
1130 1642 1278 1681 adtollet3
1302 1642 1437 1684 fiamque
1458 1642 1580 1673 immor-

201 1694 308 1726 Horat.
321 1694 360 1724 de
375 1694 487 1736 seipso,
504 1693 558 1724 lib.
575 1693 607 1724 ii.
624 1692 686 1724 Od.
702 1693 760 1724 ult.
927 1690 1009 1722 talis.
1040 1691 1132 1722 Man.

288 1744 355 1774 Non
370 1746 494 1780 usitata,
512 1754 564 1774 nec
580 1743 764 1785 tenuiferar
