1760 3172
426 155 731 198 TRISTIUM
764 154 882 196 LIB.
915 154 970 196 V.
1004 154 1183 196 ELEG.
1216 154 1307 196 III.

1473 157 1558 197 315

182 272 313 319 Hinc
339 288 431 335 ego
455 272 573 319 dum
599 278 775 326 muter,
801 270 877 316 vel
903 286 981 317 me
1007 270 1234 317 Zanclaea
1259 270 1544 333 Charybdis

246 336 634 413 Devoret,›>²aque
661 349 762 394 suis
788 346 851 394 ad
879 346 1040 409 Styga
1064 346 1231 392 mittat
1255 347 1425 408 aqvis:

179 425 272 473 Vel
297 425 480 489 rapidae
505 424 716 472 flammis
742 439 854 470 urar
883 423 1128 487 patienter
1153 422 1203 468 in
1227 422 1415 480 AEtnae3
1499 426 1560 470 75

245 502 339 549 Vel
362 501 488 550 freta
513 501 747 549 Leucadii
772 500 938 547 mittar
963 500 1012 545 in
1038 500 1139 546 alta
1164 499 1276 546 Dei.

181 578 325 633 Quod
357 579 557 643 petitur,
588 594 734 642 poena
762 585 864 624 est:

375 672 550 703 recuso
571 674 581 713 ;

906 592 1070 639 neque
1103 576 1235 623 enim
1267 576 1417 623 miser
1449 592 1560 624 esse

247 732 347 780 Sed
371 748 560 797 precor,
588 738 642 778 ut
666 731 852 795 possim
878 731 1034 777 tutius
1060 746 1170 777 esse
1195 730 1359 778 miser.

616 1057 967 1105 ELEGIA
1017 1057 1115 1104 ΙΙΙ.

181 1195 314 1242 ILLA
341 1193 447 1242 dies
473 1194 578 1241 haec
604 1200 695 1249 est,
723 1209 824 1256 qua
847 1200 896 1240 te
922 1192 1176 1240 celebrare
1200 1198 1380 1256 poetae,

248 1272 302 1319 Si
325 1273 472 1319 modo
496 1288 594 1318 non
619 1270 796 1317 fallunt
819 1278 1058 1333 tempora,
1088 1269 1304 1325 Bacche,
1333 1269 1522 1326 solent3

180 1349 432 1413 Festaque
457 1348 674 1395 odoratis
701 1347 958 1395 innectunt
981 1354 1207 1410 tempora
1232 1347 1394 1401 sertis,

247 1426 314 1474 Et
337 1427 510 1474 dicunt
534 1426 706 1473 laudes
732 1426 794 1472 ad
819 1432 906 1472 tua
928 1424 1040 1472 Vina
1064 1431 1193 1472 tuaS.

180 1504 316 1552 Inter
339 1520 463 1567 quos
488 1502 705 1558 memini,
732 1503 850 1549 dum
876 1518 954 1549 me
978 1517 1090 1549 mea
1113 1501 1216 1548 sata
1241 1500 1486 1556 sinebant,
1533 1503 1561 1546 5
1596 1530 1599 1531 ν

248 1581 362 1629 Non
386 1581 542 1628 invisa
564 1580 655 1627 tibi
679 1596 793 1644 pars
819 1596 911 1642 ego
937 1596 1071 1643 saepe
1096 1578 1164 1625 sui
1184 1595 1193 1625 :

222 1726 274 1755 73.
305 1725 443 1755 Panthea
469 1724 662 1765 Charybdis]
699 1724 836 1755 Zancloea

183 1774 366 1815 Charybdis:
395 1773 439 1804 sic
463 1773 546 1804 enim
566 1779 667 1815 poetae
689 1784 757 1804 earn
782 1773 836 1804 ad-

180 1823 309 1865 pellant,
337 1824 376 1854 ab
402 1824 478 1854 urbe
504 1821 618 1853 Siciliae
642 1823 767 1859 Zancle,
793 1823 836 1854 sic

181 1873 339 1915 adpellata
365 1883 383 1903 a
406 1871 508 1914 specie
532 1871 641 1910 salcis;
671 1872 836 1913 siquidem,

181 1927 306 1953 auctore
319 1920 515 1962 Thucydide,
531 1920 643 1951 falcem
655 1920 751 1951 Siculi
767 1932 836 1951 :an-

179 1973 257 2002 clam
279 1971 457 2014 adpellant:
492 1980 564 2000 nam
587 1969 657 2001 loca
680 1981 718 2001 ea
740 1980 836 2001 curva

179 2021 283 2057 fuisse,
298 2020 390 2051 docet
404 2020 497 2051 etiam
512 2020 633 2050 Strabo.

224 2070 275 2100 76.
298 2069 392 2101 Leuc.
405 2069 480 2110 dei.]
514 2068 545 2099 h.
556 2079 584 2099 e.
598 2068 765 2110 Apollinis,
782 2068 835 2109 qui

180 2119 213 2150 in
237 2119 443 2161 promontorio
466 2119 602 2150 Leucate
626 2118 736 2149 habuit
757 2123 836 2148 tem-

179 2170 276 2211 plum.
321 2169 442 2199 Leucas
469 2173 574 2199 autem
598 2167 631 2198 in
657 2166 833 2209 peninsula,

179 2229 248 2260 quae
263 2223 370 2260 postea
384 2217 485 2248 insula
498 2217 583 2247 facta
597 2222 656 2252 est,
674 2216 750 2246 freto
766 2226 836 2257 per-

181 2269 273 2303 fosso,
297 2267 382 2298 clara
399 2267 458 2297 fuit
479 2267 553 2297 urbs
573 2271 605 2297 et
627 2271 722 2307 caput
741 2265 837 2296 Acar-

181 2316 293 2348 naniae.
307 2328 337 2348 v.
353 2316 422 2347 Liv.
438 2318 490 2347 33.
503 2317 552 2346 17.
563 2322 594 2346 et
611 2314 737 2346 Cellarii
751 2314 839 2345 notit.

181 2365 262 2397 orbis
280 2365 400 2407 antiqui
415 2371 488 2396 tom.
503 2365 524 2395 i.
539 2376 611 2407 pag.
627 2365 701 2395 893.
744 2363 835 2394 Allu-

180 2414 227 2446 dit
241 2420 346 2446 autem
361 2414 492 2445 Ovidius
507 2414 546 2445 ad
562 2424 690 2449 morem,
706 2413 760 2454 qui
780 2413 839 2443 fuit

181 2463 356 2499 Leucadiis,
376 2469 412 2494 ut
431 2463 597 2505 quotannis
622 2463 654 2493 in
679 2462 774 2493 sacris
793 2461 836 2492 A·

181 2513 308 2554 pollinis
322 2518 439 2543 sontem
459 2512 597 2554 aliquem
613 2512 652 2543 de
666 2511 838 2553 praecipitio

180 2562 213 2592 in
234 2562 345 2592 fretum
368 2561 548 2603 dejicerent,
570 2561 624 2592 sed
646 2561 704 2591 alis
720 2566 751 2590 et
773 2559 837 2590 avi-

180 2612 239 2642 bus
257 2611 302 2641 ita
326 2610 520 2646 instructum,
542 2616 577 2641 ut
594 2611 711 2641 volaret
728 2609 837 2650 magis,

182 2670 276 2702 quam
290 2659 415 2690 caderet
427 2671 435 2697 3
459 2670 551 2700 quern
567 2658 619 2689 alii
635 2659 667 2689 in
687 2657 839 2689 naviculis

183 2709 222 2739 ad
242 2707 273 2740 id
294 2708 393 2750 parati
418 2707 629 2749 excipiebant,
650 2718 688 2738 ne
707 2707 739 2738 in
762 2706 838 2737 mari

903 1723 1027 1765 periret.
1047 1722 1132 1752 Plin.
1151 1722 1193 1753 iv.
1212 1722 1238 1752 1.
1284 1723 1402 1753 Praeter
1426 1731 1463 1752 ea
1485 1721 1563 1751 bene

902 1773 1047 1803 observat
1073 1772 1277 1813 Verpoorten,
1304 1771 1430 1812 oblique
1458 1781 1565 1811 rogare

902 1826 1037 1863 poetam,
1057 1826 1091 1851 ut
1114 1821 1172 1851 sibi
1195 1820 1384 1851 concedatur
1401 1820 1434 1849 in
1457 1819 1564 1850 Sicilia

904 1877 957 1901 aut
974 1871 1068 1912 Epiro
1090 1870 1205 1905 vivere,
1231 1869 1284 1900 ubi
1307 1869 1427 1911 propior
1451 1869 1561 1899 Romae

903 1926 933 1951 et
943 1919 1035 1950 tutior
1043 1919 1074 1950 in
1084 1918 1192 1950 exsilio
1201 1929 1267 1950 esse
1278 1919 1384 1960 possit.
1409 1919 1559 1949 HARLEs.

949 2020 974 2049 l.
1001 2019 1067 2053 Qua
1084 2025 1111 2049 te
1132 2019 1279 2049 celebrare
1296 2017 1413 2057 poem]
1440 2016 1562 2047 Bacchi

902 2068 1014 2099 festum
1035 2068 1252 2099 celebrabatur
1277 2078 1327 2098 xv.
1349 2066 1485 2097 Kalend.
1514 2066 1560 2096 A-

902 2118 995 2159 priles
1018 2129 1036 2149 a
1058 2118 1173 2160 poetis;
1201 2116 1399 2148 concitantur
1422 2115 1504 2145 enim
1529 2121 1561 2145 et

901 2166 959 2208 ipsi
973 2172 1008 2197 ut
1022 2166 1197 2197 sacerdotes
1213 2165 1331 2196 Bacchi
1345 2177 1351 2193 z
1378 2170 1472 2204 atque
1490 2164 1561 2194 ideo

902 2221 934 2246 et
964 2216 1078 2247 hedera
1107 2220 1304 2246 coronantur.
1366 2213 1442 2254 Ejus
1476 2224 1563 2244 sacra

906 2264 1010 2296 Julius
1025 2265 1130 2295 Caesar
1145 2264 1261 2306 primus
1276 2263 1409 2292 Romam
1429 2266 1563 2292 transtu-

906 2314 954 2345 lit.
998 2314 1048 2344 De
1061 2313 1154 2354 hujus
1168 2312 1230 2343 Dei
1250 2311 1344 2342 sacris
1359 2310 1453 2351 legito
1470 2310 1563 2341 Ovid.

907 2363 961 2393 lib.
977 2362 1020 2393 iii.
1037 2363 1210 2392 Fastorum.
1255 2362 1348 2390 Man.

951 2413 982 2442 3.
1016 2411 1179 2441 Innectunz
1215 2409 1374 2449 temporib]
1426 2407 1563 2447 Magnus

907 2461 980 2492 olim
1010 2466 1158 2491 sertorum
1183 2470 1256 2490 usus
1278 2459 1309 2488 in
1333 2458 1443 2488 diebus
1467 2456 1563 2493 festis,

906 2510 1075 2546 sacrificiis,
1089 2509 1263 2551 symposiis,
1280 2508 1354 2549 quia
1369 2506 1491 2547 signum
1509 2506 1562 2536 lae-

906 2559 993 2589 titiae.
1042 2559 1143 2588 Pomm

949 2611 979 2640 5.
1018 2609 1097 2638 Dum
1130 2618 1172 2637 me
1200 2617 1262 2636 mea
1289 2605 1365 2647 fam
1394 2605 1558 2645 sinebant]

906 2658 1011 2693 Quum
1028 2656 1163 2687 nondum
1178 2665 1262 2685 eram
1277 2655 1432 2694 relegatus
1446 2654 1483 2684 ab
1495 2653 1561 2684 Au-

906 2712 1008 2747 gusto.
