1760 3172
520 172 818 216 REMEDIA
845 171 1108 235 AMORIS.
1456 173 1514 214 95

119 289 291 337 Obrue
315 290 512 336 versata
540 288 770 336 Cerealia
794 288 986 336 semina
1009 288 1162 343 terra,

186 366 312 421 Quae
337 367 428 414 tibi
453 383 568 414 cum
594 367 750 414 multo
776 366 962 413 foenore
987 366 1164 412 reddat
1189 380 1323 427 ager.

118 444 340 507 Adspice
365 451 592 492 curvatos
618 461 880 508 pomorum
905 443 1126 507 pondere
1152 458 1343 498 ramos3

1423 444 1514 488 175

191 520 262 568 Ut
286 537 391 577 sua,
420 522 555 584 quod
580 523 792 586 peperit,
819 522 903 569 vix
928 521 1053 569 ferat
1078 521 1223 567 arbor
1248 536 1390 567 onus.

118 596 338 661 Adspice
356 599 581 661 jucundo
607 600 832 646 labentes
859 613 1111 650 murmure
1137 597 1295 644 rivos:

184 676 407 739 Adspice
431 677 697 725 tondentes
722 676 882 724 fertile
909 692 1115 739 gramen
1141 690 1274 721 oves.

125 750 258 799 Ecce
283 759 460 816 petunt
484 770 651 817 rupes,
678 759 1033 817 praeruptaque
1060 768 1199 807 saxa,
1227 751 1450 815 capellae.

185 828 217 875 J
221 845 301 877 am
326 830 540 878 referent
563 831 720 878 haedis
746 832 901 886 ubera
925 831 1076 895 plena
1101 829 1221 877 suis.

1427 833 1519 876 180

123 907 304 954 Pastor
327 908 563 972 inaequali
588 909 871 956 modulatur
896 908 1137 956 arundine
1163 922 1393 954 carmen:

187 984 235 1031 N
240 1001 298 1032 ec
323 986 505 1033 desunt
528 987 754 1043 comites,
783 987 958 1034 sedula
982 986 1144 1041 turba,
1173 1000 1340 1032 canes.

124 1062 274 1111 Parte
299 1071 479 1111 sonant
502 1065 600 1112 alia
628 1065 762 1112 silvae
788 1065 1064 1128 mugitibus
1090 1063 1232 1119 altae3

190 1139 257 1188 Et
281 1141 505 1204 queritur
528 1143 737 1190 vitulum
762 1150 921 1190 mater
946 1142 1125 1189 abesse
1154 1155 1317 1186 suum.

126 1216 287 1272 Quid?
313 1235 427 1266 cum
448 1221 732 1284 suppositas
754 1220 950 1283 fugiunt
972 1217 1206 1266 examina
1222 1223 1385 1271 taXOS‚
1430 1218 1520 1263 185

196 1295 267 1343 Ut
289 1297 511 1344 relevent
535 1298 691 1345 demti
715 1298 900 1345 vimina
924 1303 1054 1344 torta
1078 1294 1207 1342 favi?

170 1411 242 1442 174.
267 1410 343 1442 Cum
364 1412 616 1454 multofoenore]
644 1412 787 1454 Respex-

126 1459 187 1491 isse
203 1466 280 1500 puto
290 1460 410 1492 Tibulli
424 1461 539 1498 locum,
555 1461 610 1492 lib.
623 1461 657 1492 ii.
674 1463 703 1492 7.
716 1463 747 1492 3.

344 1510 413 1550 Spes
427 1512 517 1541 sulcis
532 1513 628 1541 credit
643 1512 738 1541 aratis

170 1558 299 1596 Semina,
325 1571 388 1600 quae
414 1571 522 1601 magno
536 1560 659 1602 foenore
688 1561 793 1591 reddat

255 1620 340 1651 ager.
775 1601 783 1606 ”

129 1657 233 1695 Quem
248 1657 352 1689 locum
367 1658 468 1689 citans
480 1658 630 1689 Heinsius
643 1658 683 1689 ad
695 1658 796 1701 Epist.

127 1707 171 1738 iii.
186 1707 294 1739 Sabini
316 1709 369 1739 91.
391 1708 470 1749 legit
489 1710 583 1739 multo
595 1709 727 1750 foenore.
751 1709 795 1740 sic

126 1758 245 1798 ingenti
257 1757 381 1798 foenore
403 1757 484 1788 dixit
508 1758 528 1789 i.
554 1758 639 1789 Fast.
664 1759 738 1789 694.
762 1765 794 1789 et

127 1804 239 1837 Senec.
254 1806 385 1849 Hippol.
400 1807 475 1838 455.

170 1854 258 1898 Seges
280 1857 335 1886 illa
359 1868 502 1898 magnum
520 1856 628 1899 fimus
656 1858 795 1898 agricola>

257 1907 352 1936 dabit.

128 1953 190 1985 Sed
214 1964 234 1985 a
253 1955 378 1986 librario
402 1961 506 1986 tamen
533 1956 706 1998 profectam
729 1967 796 1987 esse

127 2003 294 2035 lectionem
306 2005 423 2036 codicis
436 2005 603 2037 Heinsiani
614 2005 718 2043 unius,
728 2018 796 2036 cum

119 2054 208 2092 justo
213 2054 346 2095 foenore,
361 2054 413 2084 vix
429 2054 506 2085 mihi
521 2054 708 2096 persuadere
725 2065 795 2096 pos-

130 2100 189 2132 sim
201 2114 210 2141 3
233 2102 287 2144 qui
302 2102 399 2134 sciam
414 2103 530 2145 passim
549 2110 693 2135 auctores
708 2115 798 2145 agros

132 2160 311 2193 comparare
335 2151 528 2184 debitoribus
540 2165 549 2190 ;
573 2153 657 2184 unde
683 2155 798 2185 credita

131 2202 265 2238 reddere,
291 2204 477 2242 respondere,
490 2203 610 2244 fullei-e
634 2208 665 2234 et
684 2203 800 2234 similia

131 2249 249 2290 passim
269 2257 447 2282 occurrunt.
473 2251 518 2282 ita
537 2259 647 2293 gratus
668 2264 741 2294 ager
762 2252 797 2283 ii.

132 2298 206 2329 Am.
220 2299 282 2330 xvi.
299 2301 330 2330 8.
362 2300 487 2331 Justum
506 2301 602 2342 igitur
615 2302 733 2343 fimus,
748 2301 799 2332 vel

134 2346 218 2388 quod
237 2348 308 2390 jure
327 2348 424 2380 debet
443 2349 555 2380 cultori
577 2361 643 2381 suo.
667 2350 717 2382 vel
733 2351 800 2392 ple-

134 2407 220 2434 num,
231 2397 281 2428 cui
297 2397 374 2429 nihil
388 2398 488 2435 deest,
500 2405 534 2429 ut
549 2399 690 2439 itajusta
705 2412 800 2436 arma,

134 2445 195 2477 &m
218 2446 290 2478 vide
311 2447 488 2479 Broukhus.
514 2448 554 2478 ad
578 2448 609 2479 d.
634 2449 654 2479 l.
669 2448 800 2480 Tibulli.

136 2495 254 2526 Bumvr.

180 2545 255 2577 177.
279 2546 405 2585 Adspice
417 2547 572 2587 labentes]
596 2547 802 2589 Liquacespro

136 2592 259 2625 diversa
286 2594 422 2626 lectione
447 2595 583 2637 optimus
612 2596 803 2627 Puteaneus.

137 2642 307 2684 eleganter.
320 2653 340 2674 a
349 2645 500 2684 liquando.
539 2645 729 2686 Quanquam
742 2656 803 2676 non

139 2690 247 2732 ignoro
276 2694 410 2733 loquaces
436 2694 531 2725 etiam
564 2696 713 2733 scatebras
740 2694 803 2724 dici

139 2751 239 2782 posse.
263 2742 318 2773 sed
334 2752 408 2774 sane
424 2743 508 2784 quod
523 2743 554 2774 in
571 2743 732 2774 nonnullis
751 2753 804 2774 ex—

857 1409 1049 1453 emplaribus
1085 1408 1150 1439 illic
1184 1407 1309 1449 legitur,
1341 1407 1528 1437 madentibus

857 1462 1009 1495 scatebris,
1031 1459 1185 1500 glossema
1204 1463 1251 1487 est
1271 1458 1329 1487 τοῦ
1347 1457 1525 1496 liquacibus.

859 1511 910 1541 De
940 1507 1093 1551 ejusmodi
1122 1507 1252 1538 vocibus
1281 1505 1422 1535 nonnihil
1461 1505 1526 1536 dixi

859 1559 1010 1590 Amorum
1039 1558 1095 1589 lib.
1120 1556 1152 1587 ii.
1181 1556 1273 1597 Eleg.
1299 1555 1340 1585 vi.
1366 1566 1445 1586 vers.
1473 1557 1526 1586 23.

860 1609 979 1640 Hmss.
1016 1607 1077 1639 Vix
1095 1606 1194 1637 audeo
1209 1611 1341 1636 mutare.
1356 1604 1474 1635 vid.ad
1492 1605 1526 1635 ii.

862 1659 969 1689 Amor.
985 1657 1099 1693 xvi.¹5.
1123 1655 1176 1686 ubi
1200 1655 1295 1686 etiam
1325 1655 1468 1685 Francos.
1491 1656 1528 1684 li-

861 1709 1033 1749 quantibus.
1044 1712 1075 1737 et
1083 1705 1161 1736 ibid.
1172 1715 1253 1735 vers.
1263 1705 1294 1735 9.
1311 1705 1488 1734 labentibus.
1504 1703 1529 1734 si

861 1757 938 1799 quid
950 1754 1286 1796 novarem,reciperem
1299 1764 1336 1784 ex
1350 1764 1411 1784 uno
1422 1753 1529 1784 codice

860 1806 1044 1841 Heinsiano,
1072 1806 1207 1835 ludentes
1236 1805 1322 1839 rivos,
1350 1803 1388 1833 de
1416 1803 1530 1844 quibus

860 1855 981 1897 egimus
997 1865 1091 1895 supra
1106 1853 1208 1895 Epist.
1222 1852 1264 1883 ix.
1280 1853 1331 1883 53.
1348 1851 1458 1882 eadem
1476 1862 1531 1883 va-

862 1904 959 1936 rietas
975 1916 1005 1935 v.
1021 1904 1104 1934 Met.
1118 1904 1193 1933 387.
1238 1902 1356 1933 ΒυιιΜ.

908 1956 980 1986 180.
1015 1955 1085 1985 Jam
1114 1953 1279 1996 referunt]
1325 1953 1365 1983 Ut
1396 1953 1531 1994 referant

863 2004 954 2035 multi
983 2015 1021 2035 ex
1049 2002 1184 2044 scriptis.
1199 2002 1255 2032 sed
1280 2002 1398 2043 Regius
1423 2007 1454 2032 et
1477 2011 1531 2032 sex

865 2053 1266 2095 alii‚Jamreferemubene.
1291 2052 1412 2082 Hfflxs.
1437 2052 1533 2083 Fran-

864 2103 931 2134 cius
948 2102 1133 2143 corrigebat,
1150 2101 1359 2143 Ecceferunt.

912 2153 983 2183 181.
1011 2152 1193 2182 Modulatm-
1208 2152 1362 2181 arundine
1377 2149 1528 2189 carmem]

869 2201 1049 2232 Moderatio·
1071 2200 1174 2231 Jureti
1199 2205 1359 2240 excerpta,
1385 2204 1416 2229 et
1442 2198 1533 2229 multi

867 2250 931 2282 alii.
955 2251 1121 2281 meditatur
1146 2259 1227 2280 unus
1250 2246 1428 2278 Mediceus.
1451 2247 1535 2289 quod

867 2300 984 2342 placet.
1021 2304 1056 2329 ut
1092 2297 1182 2329 initio
1219 2296 1319 2338 Tityri
1358 2296 1537 2337 Virgiliani.

867 2349 986 2380 Hsms.
1019 2348 1113 2378 Libro
1127 2353 1233 2377 tamen
1248 2345 1270 2376 i.
1286 2346 1394 2376 Amor.
1408 2346 1498 2386 Eleg.
1514 2346 1536 2376 i.

912 2398 1002 2428 ,Musa
1026 2408 1080 2437 per
1106 2399 1237 2427 undenos
1258 2396 1457 2426 emodulanda
1484 2407 1536 2436 pe-

998 2450 1058 2477 cles.

868 2497 910 2527 Et
932 2498 1120 2527 modulatum
1146 2506 1264 2526 carmen
1291 2494 1424 2536 proprie,
1451 2493 1534 2535 quod

870 2546 910 2576 ad
926 2545 1034 2576 modos
1049 2545 1185 2575 musicos
1199 2551 1246 2574 est
1262 2551 1420 2574 exactum.
1458 2545 1536 2574 Sue-

869 2595 974 2626 tonius
998 2595 1081 2636 Aug.
1112 2605 1181 2636 cap.
1208 2594 1261 2624 57.
1287 2600 1317 2624 et
1344 2594 1461 2624 Neron.
1485 2594 1538 2625 42.

870 2644 981 2675 Florus
1004 2649 1035 2674 et
1058 2643 1121 2674 alii.
1145 2643 1216 2672 vide
1242 2648 1346 2673 tamen
1372 2647 1403 2673 et
1428 2642 1468 2674 ad
1495 2642 1539 2674 xi.

872 2694 952 2724 Met.
971 2694 1043 2725 154.
1088 2693 1206 2723 Evam.

920 2743 991 2773 186.
1018 2742 1243 2773 Demtivimina
1259 2741 1458 2783 ‹'u>›·i·asuvi.]
1491 2741 1541 2772 Fi-
