<?xml version="1.0" encoding="UTF-8"?>
<!DOCTYPE html PUBLIC "-//W3C//DTD XHTML 1.0 Transitional//EN"
    "http://www.w3.org/TR/xhtml1/DTD/xhtml1-transitional.dtd">
<html xmlns="http://www.w3.org/1999/xhtml" xml:lang="en" lang="en">
 <head>
  <title>
</title>
<meta http-equiv="Content-Type" content="text/html;charset=utf-8" />
  <meta name='ocr-system' content='tesseract 3.04.00' />
  <meta name='ocr-capabilities' content='ocr_page ocr_carea ocr_par ocr_line ocrx_word'/>
</head>
<body>
  <div class='ocr_page' id='page_1' title='image "./povidiinasonisop02oviduoft_0136.png"; bbox 0 0 1760 3172; ppageno 0'>
   <div class='ocr_carea' id='block_1_1' title="bbox 192 185 1200 232">
    <p class='ocr_par' dir='ltr' id='par_1_1' title="bbox 192 185 1200 232">
     <span class='ocr_line' id='line_1_1' title="bbox 192 185 1200 232; baseline 0.004 -5"><span class='ocrx_word' id='word_1_1' title='bbox 192 185 278 227; x_wconf 80' lang='lat'>126</span> <span class='ocrx_word' id='word_1_2' title='bbox 586 185 637 227; x_wconf 93' lang='grc' dir='ltr'>Ρ.</span> <span class='ocrx_word' id='word_1_3' title='bbox 671 185 886 228; x_wconf 94' lang='lat' dir='ltr'><strong>OVIDII</strong></span> <span class='ocrx_word' id='word_1_4' title='bbox 918 187 1200 232; x_wconf 89' lang='lat' dir='ltr'><strong>NASONIS</strong></span> 
     </span>
    </p>
   </div>
   <div class='ocr_carea' id='block_1_2' title="bbox 191 298 1587 2060">
    <p class='ocr_par' dir='ltr' id='par_1_2' title="bbox 191 298 1587 2060">
     <span class='ocr_line' id='line_1_2' title="bbox 198 298 1584 369; baseline 0.007 -22"><span class='ocrx_word' id='word_1_5' title='bbox 198 298 349 356; x_wconf 85' lang='lat' dir='ltr'>Quid,</span> <span class='ocrx_word' id='word_1_6' title='bbox 378 299 624 358; x_wconf 62' lang='lat' dir='ltr'>MenelaE,</span> <span class='ocrx_word' id='word_1_7' title='bbox 651 302 825 350; x_wconf 81' lang='lat' dir='ltr'>doles?</span> <span class='ocrx_word' id='word_1_8' title='bbox 862 303 970 350; x_wconf 85' lang='lat' dir='ltr'><strong>ibas</strong></span> <span class='ocrx_word' id='word_1_9' title='bbox 999 304 1106 352; x_wconf 92' lang='lat' dir='ltr'>sine</span> <span class='ocrx_word' id='word_1_10' title='bbox 1131 306 1343 369; x_wconf 86' lang='lat' dir='ltr'>conjuge</span> <span class='ocrx_word' id='word_1_11' title='bbox 1371 305 1584 357; x_wconf 85' lang='lat' dir='ltr'>Creten:</span> 
     </span>
     <span class='ocr_line' id='line_1_3' title="bbox 264 378 1262 443; baseline 0.005 -18"><span class='ocrx_word' id='word_1_12' title='bbox 264 378 330 426; x_wconf 91' lang='lat' dir='ltr'>Et</span> <span class='ocrx_word' id='word_1_13' title='bbox 355 386 552 443; x_wconf 90' lang='lat' dir='ltr'>poteras</span> <span class='ocrx_word' id='word_1_14' title='bbox 579 380 737 443; x_wconf 70' lang='lat' dir='ltr'>nupta</span> <span class='ocrx_word' id='word_1_15' title='bbox 763 380 927 427; x_wconf 91' lang='lat' dir='ltr'>lentus</span> <span class='ocrx_word' id='word_1_16' title='bbox 954 381 1132 428; x_wconf 86' lang='lat' dir='ltr'>abesse</span> <span class='ocrx_word' id='word_1_17' title='bbox 1157 384 1262 430; x_wconf 69' lang='lat' dir='ltr'>tua.</span> 
     </span>
     <span class='ocr_line' id='line_1_4' title="bbox 199 456 1587 521; baseline 0.005 -19"><span class='ocrx_word' id='word_1_18' title='bbox 199 456 270 503; x_wconf 92' lang='lat' dir='ltr'>Ut</span> <span class='ocrx_word' id='word_1_19' title='bbox 294 456 436 503; x_wconf 92' lang='lat' dir='ltr'>Paris</span> <span class='ocrx_word' id='word_1_20' title='bbox 462 457 588 504; x_wconf 91' lang='lat' dir='ltr'>hanc</span> <span class='ocrx_word' id='word_1_21' title='bbox 614 457 805 521; x_wconf 84' lang='lat' dir='ltr'>rapuit3</span> <span class='ocrx_word' id='word_1_22' title='bbox 846 474 976 505; x_wconf 90' lang='lat' dir='ltr'>nunc</span> <span class='ocrx_word' id='word_1_23' title='bbox 1004 459 1204 506; x_wconf 91' lang='lat' dir='ltr'>demum</span> <span class='ocrx_word' id='word_1_24' title='bbox 1237 477 1391 508; x_wconf 84' lang='lat' dir='ltr'>uxore</span> <span class='ocrx_word' id='word_1_25' title='bbox 1419 477 1587 510; x_wconf 89' lang='lat' dir='ltr'>carere</span> 
     </span>
     <span class='ocr_line' id='line_1_5' title="bbox 263 533 1585 597; baseline 0.005 -17"><span class='ocrx_word' id='word_1_26' title='bbox 263 533 379 580; x_wconf 94' lang='lat' dir='ltr'>Non</span> <span class='ocrx_word' id='word_1_27' title='bbox 404 541 563 597; x_wconf 90' lang='lat' dir='ltr'>potes.</span> <span class='ocrx_word' id='word_1_28' title='bbox 604 535 804 581; x_wconf 87' lang='lat' dir='ltr'>alterius</span> <span class='ocrx_word' id='word_1_29' title='bbox 831 536 985 582; x_wconf 89' lang='lat' dir='ltr'>crevit</span> <span class='ocrx_word' id='word_1_30' title='bbox 1010 552 1178 584; x_wconf 90' lang='lat' dir='ltr'>amore</span> <span class='ocrx_word' id='word_1_31' title='bbox 1203 545 1335 585; x_wconf 89' lang='lat' dir='ltr'>tuus.</span> <span class='ocrx_word' id='word_1_32' title='bbox 1490 543 1585 586; x_wconf 87' lang='lat'>776</span> 
     </span>
     <span class='ocr_line' id='line_1_6' title="bbox 196 611 1401 669; baseline 0.002 -11"><span class='ocrx_word' id='word_1_33' title='bbox 196 611 308 658; x_wconf 93' lang='lat' dir='ltr'>Hoc</span> <span class='ocrx_word' id='word_1_34' title='bbox 337 618 387 658; x_wconf 92' lang='lat' dir='ltr'>et</span> <span class='ocrx_word' id='word_1_35' title='bbox 411 612 459 657; x_wconf 93' lang='lat' dir='ltr'>in</span> <span class='ocrx_word' id='word_1_36' title='bbox 486 611 702 658; x_wconf 66' lang='lat' dir='ltr'>abducta</span> <span class='ocrx_word' id='word_1_37' title='bbox 730 611 957 659; x_wconf 73' lang='lat' dir='ltr'>Briseide</span> <span class='ocrx_word' id='word_1_38' title='bbox 982 613 1136 660; x_wconf 86' lang='lat' dir='ltr'>flebat</span> <span class='ocrx_word' id='word_1_39' title='bbox 1160 613 1401 669; x_wconf 91' lang='lat' dir='ltr'>Achilles,</span> 
     </span>
     <span class='ocr_line' id='line_1_7' title="bbox 263 688 1216 751; baseline 0.001 -16"><span class='ocrx_word' id='word_1_40' title='bbox 263 689 406 736; x_wconf 91' lang='lat' dir='ltr'>Illam</span> <span class='ocrx_word' id='word_1_41' title='bbox 434 688 712 735; x_wconf 80' lang='lat' dir='ltr'>Plisthenio</span> <span class='ocrx_word' id='word_1_42' title='bbox 737 689 919 751; x_wconf 85' lang='lat' dir='ltr'>gaudia</span> <span class='ocrx_word' id='word_1_43' title='bbox 942 688 1067 736; x_wconf 88' lang='lat' dir='ltr'>ferre</span> <span class='ocrx_word' id='word_1_44' title='bbox 1093 696 1216 736; x_wconf 89' lang='lat' dir='ltr'>toro.</span> 
     </span>
     <span class='ocr_line' id='line_1_8' title="bbox 198 765 1515 821; baseline 0 -7"><span class='ocrx_word' id='word_1_45' title='bbox 198 767 305 814; x_wconf 93' lang='lat' dir='ltr'>Nec</span> <span class='ocrx_word' id='word_1_46' title='bbox 332 765 513 812; x_wconf 89' lang='lat' dir='ltr'>frustra</span> <span class='ocrx_word' id='word_1_47' title='bbox 536 765 716 821; x_wconf 81' lang='lat' dir='ltr'>flebat3</span> <span class='ocrx_word' id='word_1_48' title='bbox 757 765 877 811; x_wconf 86' lang='lat' dir='ltr'>mihi</span> <span class='ocrx_word' id='word_1_49' title='bbox 902 765 1105 813; x_wconf 87' lang='lat' dir='ltr'>credite.</span> <span class='ocrx_word' id='word_1_50' title='bbox 1144 765 1263 813; x_wconf 89' lang='lat' dir='ltr'>fecit</span> <span class='ocrx_word' id='word_1_51' title='bbox 1286 766 1515 814; x_wconf 88' lang='lat' dir='ltr'>Atrides:</span> 
     </span>
     <span class='ocr_line' id='line_1_9' title="bbox 263 841 1587 906; baseline 0.002 -17"><span class='ocrx_word' id='word_1_52' title='bbox 263 842 410 898; x_wconf 82' lang='lat' dir='ltr'>Quod</span> <span class='ocrx_word' id='word_1_53' title='bbox 436 843 476 889; x_wconf 90' lang='lat' dir='ltr'>si</span> <span class='ocrx_word' id='word_1_54' title='bbox 502 858 600 888; x_wconf 89' lang='lat' dir='ltr'>non</span> <span class='ocrx_word' id='word_1_55' title='bbox 625 841 826 897; x_wconf 88' lang='lat' dir='ltr'>faceret,</span> <span class='ocrx_word' id='word_1_56' title='bbox 854 842 1062 906; x_wconf 89' lang='lat' dir='ltr'>turpiter</span> <span class='ocrx_word' id='word_1_57' title='bbox 1087 850 1221 890; x_wconf 89' lang='lat' dir='ltr'>esset</span> <span class='ocrx_word' id='word_1_58' title='bbox 1245 843 1392 890; x_wconf 88' lang='lat' dir='ltr'>iners.</span> <span class='ocrx_word' id='word_1_59' title='bbox 1491 847 1587 891; x_wconf 82' lang='lat'>780</span> 
     </span>
     <span class='ocr_line' id='line_1_10' title="bbox 197 919 1417 983; baseline -0.001 -15"><span class='ocrx_word' id='word_1_60' title='bbox 197 921 348 968; x_wconf 88' lang='lat' dir='ltr'>Certe</span> <span class='ocrx_word' id='word_1_61' title='bbox 373 936 466 982; x_wconf 84' lang='lat' dir='ltr'>ego</span> <span class='ocrx_word' id='word_1_62' title='bbox 491 919 737 975; x_wconf 87' lang='lat' dir='ltr'>fecissem,</span> <span class='ocrx_word' id='word_1_63' title='bbox 767 935 857 966; x_wconf 90' lang='lat' dir='ltr'>nec</span> <span class='ocrx_word' id='word_1_64' title='bbox 885 936 995 966; x_wconf 90' lang='lat' dir='ltr'>sum</span> <span class='ocrx_word' id='word_1_65' title='bbox 1021 920 1292 983; x_wconf 83' lang='lat' dir='ltr'>sapientior</span> <span class='ocrx_word' id='word_1_66' title='bbox 1317 921 1417 968; x_wconf 86' lang='lat' dir='ltr'>illo.</span> 
     </span>
     <span class='ocr_line' id='line_1_11' title="bbox 267 997 1202 1044; baseline 0 0"><span class='ocrx_word' id='word_1_67' title='bbox 267 997 472 1044; x_wconf 84' lang='lat' dir='ltr'>Invidiae</span> <span class='ocrx_word' id='word_1_68' title='bbox 497 997 686 1044; x_wconf 87' lang='lat' dir='ltr'>fructus</span> <span class='ocrx_word' id='word_1_69' title='bbox 711 997 962 1044; x_wconf 86' lang='lat' dir='ltr'>maximus</span> <span class='ocrx_word' id='word_1_70' title='bbox 989 998 1070 1044; x_wconf 92' lang='lat' dir='ltr'>ille</span> <span class='ocrx_word' id='word_1_71' title='bbox 1095 997 1202 1044; x_wconf 85' lang='lat' dir='ltr'>fuit.</span> 
     </span>
     <span class='ocr_line' id='line_1_12' title="bbox 196 1073 1532 1137; baseline 0 -17"><span class='ocrx_word' id='word_1_72' title='bbox 196 1073 328 1121; x_wconf 92' lang='lat' dir='ltr'>Nam</span> <span class='ocrx_word' id='word_1_73' title='bbox 354 1074 448 1121; x_wconf 89' lang='lat' dir='ltr'>sibi</span> <span class='ocrx_word' id='word_1_74' title='bbox 475 1074 610 1137; x_wconf 90' lang='lat' dir='ltr'>quod</span> <span class='ocrx_word' id='word_1_75' title='bbox 636 1090 910 1137; x_wconf 83' lang='lat' dir='ltr'>numquam</span> <span class='ocrx_word' id='word_1_76' title='bbox 934 1081 1119 1121; x_wconf 90' lang='lat' dir='ltr'>tactam</span> <span class='ocrx_word' id='word_1_77' title='bbox 1148 1073 1379 1121; x_wconf 82' lang='lat' dir='ltr'>Briseida</span> <span class='ocrx_word' id='word_1_78' title='bbox 1395 1075 1532 1137; x_wconf 87' lang='lat' dir='ltr'>jurat</span> 
     </span>
     <span class='ocr_line' id='line_1_13' title="bbox 262 1151 1571 1214; baseline 0.001 -17"><span class='ocrx_word' id='word_1_79' title='bbox 262 1151 362 1198; x_wconf 89' lang='lat' dir='ltr'>Per</span> <span class='ocrx_word' id='word_1_80' title='bbox 387 1158 668 1214; x_wconf 85' lang='lat' dir='ltr'>sceptrum3</span> <span class='ocrx_word' id='word_1_81' title='bbox 710 1158 964 1214; x_wconf 83' lang='lat' dir='ltr'>sceptrum</span> <span class='ocrx_word' id='word_1_82' title='bbox 991 1167 1089 1197; x_wconf 92' lang='lat' dir='ltr'>non</span> <span class='ocrx_word' id='word_1_83' title='bbox 1114 1157 1257 1214; x_wconf 91' lang='lat' dir='ltr'>putat</span> <span class='ocrx_word' id='word_1_84' title='bbox 1281 1167 1392 1198; x_wconf 90' lang='lat' dir='ltr'>esse</span> <span class='ocrx_word' id='word_1_85' title='bbox 1419 1151 1571 1199; x_wconf 87' lang='lat' dir='ltr'>Deos.</span> 
     </span>
     <span class='ocr_line' id='line_1_14' title="bbox 195 1227 1583 1290; baseline 0.001 -15"><span class='ocrx_word' id='word_1_86' title='bbox 195 1228 260 1275; x_wconf 80' lang='lat' dir='ltr'>Di</span> <span class='ocrx_word' id='word_1_87' title='bbox 286 1227 485 1283; x_wconf 86' lang='lat' dir='ltr'>faciant,</span> <span class='ocrx_word' id='word_1_88' title='bbox 513 1227 727 1274; x_wconf 82' lang='lat' dir='ltr'>dominae</span> <span class='ocrx_word' id='word_1_89' title='bbox 753 1227 915 1290; x_wconf 90' lang='lat' dir='ltr'>possis</span> <span class='ocrx_word' id='word_1_90' title='bbox 940 1227 1149 1274; x_wconf 89' lang='lat' dir='ltr'>transire</span> <span class='ocrx_word' id='word_1_91' title='bbox 1175 1228 1359 1274; x_wconf 86' lang='lat' dir='ltr'>relictae</span> <span class='ocrx_word' id='word_1_92' title='bbox 1488 1231 1583 1276; x_wconf 82' lang='lat'>785</span> 
     </span>
     <span class='ocr_line' id='line_1_15' title="bbox 261 1304 1363 1367; baseline -0.001 -16"><span class='ocrx_word' id='word_1_93' title='bbox 261 1304 480 1361; x_wconf 90' lang='lat' dir='ltr'>Limina;</span> <span class='ocrx_word' id='word_1_94' title='bbox 522 1304 794 1367; x_wconf 89' lang='lat' dir='ltr'>propositio</span> <span class='ocrx_word' id='word_1_95' title='bbox 820 1304 1167 1366; x_wconf 88' lang='lat' dir='ltr'>sufficiantque</span> <span class='ocrx_word' id='word_1_96' title='bbox 1191 1304 1363 1367; x_wconf 89' lang='lat' dir='ltr'>pedes.</span> 
     </span>
     <span class='ocr_line' id='line_1_16' title="bbox 195 1380 1492 1446; baseline -0.001 -16"><span class='ocrx_word' id='word_1_97' title='bbox 195 1382 261 1430; x_wconf 91' lang='lat' dir='ltr'>Et</span> <span class='ocrx_word' id='word_1_98' title='bbox 286 1382 498 1446; x_wconf 86' lang='lat' dir='ltr'>poteris:</span> <span class='ocrx_word' id='word_1_99' title='bbox 537 1381 686 1428; x_wconf 93' lang='lat' dir='ltr'>modo</span> <span class='ocrx_word' id='word_1_100' title='bbox 710 1382 837 1428; x_wconf 87' lang='lat' dir='ltr'>velle</span> <span class='ocrx_word' id='word_1_101' title='bbox 862 1388 994 1429; x_wconf 91' lang='lat' dir='ltr'>tene.</span> <span class='ocrx_word' id='word_1_102' title='bbox 1034 1397 1165 1428; x_wconf 91' lang='lat' dir='ltr'>nunc</span> <span class='ocrx_word' id='word_1_103' title='bbox 1192 1380 1382 1429; x_wconf 90' lang='lat' dir='ltr'>fortiter</span> <span class='ocrx_word' id='word_1_104' title='bbox 1406 1381 1492 1438; x_wconf 89' lang='lat' dir='ltr'>ire,</span> 
     </span>
     <span class='ocr_line' id='line_1_17' title="bbox 261 1458 1437 1522; baseline -0.001 -16"><span class='ocrx_word' id='word_1_105' title='bbox 261 1459 309 1506; x_wconf 94' lang='lat' dir='ltr'>N</span> <span class='ocrx_word' id='word_1_106' title='bbox 314 1475 410 1506; x_wconf 92' lang='lat' dir='ltr'>unc</span> <span class='ocrx_word' id='word_1_107' title='bbox 436 1475 561 1522; x_wconf 89' lang='lat' dir='ltr'>opus</span> <span class='ocrx_word' id='word_1_108' title='bbox 587 1465 664 1506; x_wconf 89' lang='lat' dir='ltr'>est</span> <span class='ocrx_word' id='word_1_109' title='bbox 688 1458 836 1506; x_wconf 90' lang='lat' dir='ltr'>celeri</span> <span class='ocrx_word' id='word_1_110' title='bbox 863 1459 1075 1505; x_wconf 90' lang='lat' dir='ltr'>subdere</span> <span class='ocrx_word' id='word_1_111' title='bbox 1101 1458 1264 1505; x_wconf 90' lang='lat' dir='ltr'>calcar</span> <span class='ocrx_word' id='word_1_112' title='bbox 1289 1474 1437 1521; x_wconf 92' lang='lat' dir='ltr'>equo.</span> 
     </span>
     <span class='ocr_line' id='line_1_18' title="bbox 193 1535 1227 1600; baseline -0.003 -16"><span class='ocrx_word' id='word_1_113' title='bbox 193 1537 286 1584; x_wconf 94' lang='lat' dir='ltr'>Illo</span> <span class='ocrx_word' id='word_1_114' title='bbox 313 1536 649 1600; x_wconf 79' lang='lat' dir='ltr'>Lotophagos,</span> <span class='ocrx_word' id='word_1_115' title='bbox 677 1536 760 1582; x_wconf 93' lang='lat' dir='ltr'>illo</span> <span class='ocrx_word' id='word_1_116' title='bbox 785 1535 986 1582; x_wconf 86' lang='lat' dir='ltr'>Sirenas</span> <span class='ocrx_word' id='word_1_117' title='bbox 1013 1535 1062 1581; x_wconf 90' lang='lat' dir='ltr'>in</span> <span class='ocrx_word' id='word_1_118' title='bbox 1088 1542 1227 1582; x_wconf 88' lang='lat' dir='ltr'>antro</span> 
     </span>
     <span class='ocr_line' id='line_1_19' title="bbox 260 1612 1582 1677; baseline -0.003 -15"><span class='ocrx_word' id='word_1_119' title='bbox 260 1614 387 1662; x_wconf 91' lang='lat' dir='ltr'>Esse</span> <span class='ocrx_word' id='word_1_120' title='bbox 412 1620 560 1677; x_wconf 91' lang='lat' dir='ltr'>puta:</span> <span class='ocrx_word' id='word_1_121' title='bbox 601 1613 748 1660; x_wconf 86' lang='lat' dir='ltr'>remis</span> <span class='ocrx_word' id='word_1_122' title='bbox 775 1613 935 1675; x_wconf 84' lang='lat' dir='ltr'>adjice</span> <span class='ocrx_word' id='word_1_123' title='bbox 960 1612 1070 1659; x_wconf 84' lang='lat' dir='ltr'>vela</span> <span class='ocrx_word' id='word_1_124' title='bbox 1094 1612 1210 1658; x_wconf 89' lang='lat' dir='ltr'>tuis.</span> <span class='ocrx_word' id='word_1_125' title='bbox 1485 1613 1582 1659; x_wconf 88' lang='grc'>790</span> 
     </span>
     <span class='ocr_line' id='line_1_20' title="bbox 192 1688 1582 1754; baseline -0.003 -15"><span class='ocrx_word' id='word_1_126' title='bbox 192 1691 342 1739; x_wconf 88' lang='lat' dir='ltr'>Hunc</span> <span class='ocrx_word' id='word_1_127' title='bbox 359 1706 578 1754; x_wconf 90' lang='lat' dir='ltr'>quoque,</span> <span class='ocrx_word' id='word_1_128' title='bbox 592 1706 692 1753; x_wconf 92' lang='lat' dir='ltr'>quo</span> <span class='ocrx_word' id='word_1_129' title='bbox 706 1689 960 1753; x_wconf 90' lang='lat' dir='ltr'>quondam</span> <span class='ocrx_word' id='word_1_130' title='bbox 972 1690 1179 1735; x_wconf 90' lang='lat' dir='ltr'>nimium</span> <span class='ocrx_word' id='word_1_131' title='bbox 1195 1688 1345 1735; x_wconf 84' lang='lat' dir='ltr'>rivale</span> <span class='ocrx_word' id='word_1_132' title='bbox 1361 1688 1582 1744; x_wconf 89' lang='lat' dir='ltr'>dolebas,</span> 
     </span>
     <span class='ocr_line' id='line_1_21' title="bbox 257 1766 1273 1815; baseline -0.003 0"><span class='ocrx_word' id='word_1_133' title='bbox 257 1768 453 1815; x_wconf 92' lang='lat' dir='ltr'>Vellem</span> <span class='ocrx_word' id='word_1_134' title='bbox 478 1767 731 1814; x_wconf 86' lang='lat' dir='ltr'>desineres</span> <span class='ocrx_word' id='word_1_135' title='bbox 756 1766 913 1813; x_wconf 92' lang='lat' dir='ltr'>hostis</span> <span class='ocrx_word' id='word_1_136' title='bbox 938 1767 1122 1813; x_wconf 90' lang='lat' dir='ltr'>habere</span> <span class='ocrx_word' id='word_1_137' title='bbox 1147 1766 1273 1812; x_wconf 92' lang='lat' dir='ltr'>loco.</span> 
     </span>
     <span class='ocr_line' id='line_1_22' title="bbox 191 1844 1364 1908; baseline -0.003 -15"><span class='ocrx_word' id='word_1_138' title='bbox 191 1846 260 1894; x_wconf 91' lang='lat' dir='ltr'>At</span> <span class='ocrx_word' id='word_1_139' title='bbox 285 1853 435 1900; x_wconf 89' lang='lat' dir='ltr'>certe,</span> <span class='ocrx_word' id='word_1_140' title='bbox 465 1845 691 1908; x_wconf 86' lang='lat' dir='ltr'>quamvis</span> <span class='ocrx_word' id='word_1_141' title='bbox 717 1845 831 1891; x_wconf 92' lang='lat' dir='ltr'>odio</span> <span class='ocrx_word' id='word_1_142' title='bbox 857 1851 1159 1899; x_wconf 85' lang='lat' dir='ltr'>remanente,</span> <span class='ocrx_word' id='word_1_143' title='bbox 1188 1844 1364 1890; x_wconf 89' lang='lat' dir='ltr'>saluta.</span> 
     </span>
     <span class='ocr_line' id='line_1_23' title="bbox 259 1919 1413 1985; baseline -0.004 -15"><span class='ocrx_word' id='word_1_144' title='bbox 259 1922 448 1970; x_wconf 88' lang='lat' dir='ltr'>Oscula</span> <span class='ocrx_word' id='word_1_145' title='bbox 467 1938 581 1969; x_wconf 92' lang='lat' dir='ltr'>cum</span> <span class='ocrx_word' id='word_1_146' title='bbox 606 1922 792 1985; x_wconf 87' lang='lat' dir='ltr'>poteris</span> <span class='ocrx_word' id='word_1_147' title='bbox 813 1923 917 1985; x_wconf 89' lang='lat' dir='ltr'>jam</span> <span class='ocrx_word' id='word_1_148' title='bbox 943 1922 1087 1978; x_wconf 82' lang='lat' dir='ltr'>dare3</span> <span class='ocrx_word' id='word_1_149' title='bbox 1129 1936 1278 1967; x_wconf 88' lang='lat' dir='ltr'>sanus</span> <span class='ocrx_word' id='word_1_150' title='bbox 1301 1919 1413 1966; x_wconf 86' lang='lat' dir='ltr'>eris.</span> 
     </span>
     <span class='ocr_line' id='line_1_24' title="bbox 192 1996 1581 2060; baseline -0.004 -13"><span class='ocrx_word' id='word_1_151' title='bbox 192 1999 325 2048; x_wconf 91' lang='lat' dir='ltr'>Ecce</span> <span class='ocrx_word' id='word_1_152' title='bbox 351 1999 489 2046; x_wconf 88' lang='lat' dir='ltr'>cibos</span> <span class='ocrx_word' id='word_1_153' title='bbox 516 1999 666 2046; x_wconf 89' lang='lat' dir='ltr'>etiam</span> <span class='ocrx_word' id='word_1_154' title='bbox 692 1999 974 2060; x_wconf 79' lang='lat' dir='ltr'>(medicinae</span> <span class='ocrx_word' id='word_1_155' title='bbox 1000 1998 1176 2060; x_wconf 85' lang='lat' dir='ltr'>fungar</span> <span class='ocrx_word' id='word_1_156' title='bbox 1201 2005 1255 2044; x_wconf 92' lang='lat' dir='ltr'>ut</span> <span class='ocrx_word' id='word_1_157' title='bbox 1280 1996 1413 2044; x_wconf 93' lang='lat' dir='ltr'>omni</span> <span class='ocrx_word' id='word_1_158' title='bbox 1486 1997 1581 2043; x_wconf 88' lang='lat'>795</span> 
     </span>
    </p>
   </div>
   <div class='ocr_carea' id='block_1_3' title="bbox 257 2076 1491 2142">
    <p class='ocr_par' dir='ltr' id='par_1_3' title="bbox 257 2076 1491 2142">
     <span class='ocr_line' id='line_1_25' title="bbox 257 2076 1491 2142; baseline 0 -18"><span class='ocrx_word' id='word_1_159' title='bbox 257 2076 492 2138; x_wconf 82' lang='lat' dir='ltr'>Munere)</span> <span class='ocrx_word' id='word_1_160' title='bbox 519 2094 646 2141; x_wconf 90' lang='lat' dir='ltr'>quos</span> <span class='ocrx_word' id='word_1_161' title='bbox 672 2077 848 2140; x_wconf 87' lang='lat' dir='ltr'>fugias,</span> <span class='ocrx_word' id='word_1_162' title='bbox 876 2095 1064 2142; x_wconf 89' lang='lat' dir='ltr'>quosve</span> <span class='ocrx_word' id='word_1_163' title='bbox 1090 2094 1318 2142; x_wconf 90' lang='lat' dir='ltr'>sequare,</span> <span class='ocrx_word' id='word_1_164' title='bbox 1343 2078 1491 2125; x_wconf 87' lang='lat' dir='ltr'>dabo.</span> 
     </span>
    </p>
   </div>
   <div class='ocr_carea' id='block_1_4' title="bbox 186 2242 1585 2481">
    <p class='ocr_par' dir='ltr' id='par_1_4' title="bbox 186 2242 1585 2383">
     <span class='ocr_line' id='line_1_26' title="bbox 190 2242 1585 2286; baseline -0.001 -12"><span class='ocrx_word' id='word_1_165' title='bbox 190 2243 343 2286; x_wconf 86' lang='lat' dir='ltr'>Propertii</span> <span class='ocrx_word' id='word_1_166' title='bbox 369 2242 508 2274; x_wconf 85' lang='lat' dir='ltr'>carmina</span> <span class='ocrx_word' id='word_1_167' title='bbox 529 2242 727 2274; x_wconf 89' lang='lat' dir='ltr'>inscribenda</span> <span class='ocrx_word' id='word_1_168' title='bbox 753 2243 850 2275; x_wconf 80' lang='lat' dir='ltr'>CYN-</span> <span class='ocrx_word' id='word_1_169' title='bbox 919 2244 1035 2274; x_wconf 81' lang='lat' dir='ltr'>Atreus</span> <span class='ocrx_word' id='word_1_170' title='bbox 1046 2243 1078 2274; x_wconf 85' lang='lat' dir='ltr'>in</span> <span class='ocrx_word' id='word_1_171' title='bbox 1091 2254 1123 2274; x_wconf 91' lang='lat' dir='ltr'>se</span> <span class='ocrx_word' id='word_1_172' title='bbox 1135 2243 1282 2285; x_wconf 83' lang='lat' dir='ltr'>suscepit,</span> <span class='ocrx_word' id='word_1_173' title='bbox 1297 2252 1412 2284; x_wconf 90' lang='lat' dir='ltr'>eosque</span> <span class='ocrx_word' id='word_1_174' title='bbox 1427 2242 1585 2273; x_wconf 81' lang='lat' dir='ltr'>educavit.</span> 
     </span>
     <span class='ocr_line' id='line_1_27' title="bbox 187 2291 1583 2334; baseline -0.001 -11"><span class='ocrx_word' id='word_1_175' title='bbox 187 2296 291 2324; x_wconf 78' lang='grc' dir='ltr'><strong>ΤΗΙΑ</strong></span> <span class='ocrx_word' id='word_1_176' title='bbox 326 2295 630 2323; x_wconf 78' lang='grc' dir='ltr'><strong>ΜΟΝΟΒΙΒΛΟΣ.</strong></span> <span class='ocrx_word' id='word_1_177' title='bbox 654 2291 707 2322; x_wconf 89' lang='lat' dir='ltr'>vid</span> <span class='ocrx_word' id='word_1_178' title='bbox 731 2292 849 2323; x_wconf 89' lang='lat' dir='ltr'>Brouk-</span> <span class='ocrx_word' id='word_1_179' title='bbox 919 2293 1024 2334; x_wconf 80' lang='lat' dir='ltr'>Atque</span> <span class='ocrx_word' id='word_1_180' title='bbox 1041 2292 1113 2323; x_wconf 90' lang='lat' dir='ltr'>hinc</span> <span class='ocrx_word' id='word_1_181' title='bbox 1131 2299 1176 2323; x_wconf 86' lang='lat' dir='ltr'>est</span> <span class='ocrx_word' id='word_1_182' title='bbox 1189 2292 1273 2334; x_wconf 88' lang='lat' dir='ltr'>quod</span> <span class='ocrx_word' id='word_1_183' title='bbox 1289 2292 1384 2323; x_wconf 83' lang='lat' dir='ltr'>etiam</span> <span class='ocrx_word' id='word_1_184' title='bbox 1400 2293 1517 2322; x_wconf 76' lang='lat' dir='ltr'>Atridae</span> <span class='ocrx_word' id='word_1_185' title='bbox 1529 2302 1583 2322; x_wconf 93' lang='lat' dir='ltr'>vo-</span> 
     </span>
     <span class='ocr_line' id='line_1_28' title="bbox 186 2340 1582 2383; baseline 0 -12"><span class='ocrx_word' id='word_1_186' title='bbox 186 2342 255 2373; x_wconf 91' lang='lat' dir='ltr'>hus.</span> <span class='ocrx_word' id='word_1_187' title='bbox 279 2341 318 2372; x_wconf 85' lang='lat' dir='ltr'>ad</span> <span class='ocrx_word' id='word_1_188' title='bbox 335 2341 456 2372; x_wconf 88' lang='lat' dir='ltr'>initium</span> <span class='ocrx_word' id='word_1_189' title='bbox 472 2342 586 2382; x_wconf 73' lang='lat' dir='ltr'>poe&#39;tae.</span> <span class='ocrx_word' id='word_1_190' title='bbox 917 2348 1038 2377; x_wconf 86' lang='lat' dir='ltr'>cantur,</span> <span class='ocrx_word' id='word_1_191' title='bbox 1055 2351 1246 2383; x_wconf 81' lang='lat' dir='ltr'>quamquam</span> <span class='ocrx_word' id='word_1_192' title='bbox 1261 2341 1416 2371; x_wconf 83' lang='lat' dir='ltr'>Homerus</span> <span class='ocrx_word' id='word_1_193' title='bbox 1431 2340 1493 2371; x_wconf 85' lang='lat' dir='ltr'>fere</span> <span class='ocrx_word' id='word_1_194' title='bbox 1515 2340 1582 2371; x_wconf 89' lang='lat' dir='ltr'>ubi-</span> 
     </span>
    </p>

    <p class='ocr_par' dir='ltr' id='par_1_5' title="bbox 187 2388 1584 2481">
     <span class='ocr_line' id='line_1_29' title="bbox 230 2388 1584 2431; baseline 0 -11"><span class='ocrx_word' id='word_1_195' title='bbox 230 2392 304 2422; x_wconf 86' lang='lat'>778.</span> <span class='ocrx_word' id='word_1_196' title='bbox 333 2391 403 2420; x_wconf 76' lang='lat' dir='ltr'>I&#39;iro</span> <span class='ocrx_word' id='word_1_197' title='bbox 416 2390 609 2431; x_wconf 68' lang='lat' dir='ltr'>Plisthenio]</span> <span class='ocrx_word' id='word_1_198' title='bbox 639 2390 850 2421; x_wconf 87' lang='lat' dir='ltr'>Plisthenium</span> <span class='ocrx_word' id='word_1_199' title='bbox 918 2401 978 2431; x_wconf 90' lang='lat' dir='ltr'>que</span> <span class='ocrx_word' id='word_1_200' title='bbox 1007 2392 1132 2421; x_wconf 79' lang='lat' dir='ltr'>Atridas</span> <span class='ocrx_word' id='word_1_201' title='bbox 1161 2396 1260 2426; x_wconf 86' lang='lat' dir='ltr'>vocet,</span> <span class='ocrx_word' id='word_1_202' title='bbox 1290 2389 1377 2420; x_wconf 86' lang='lat' dir='ltr'>nulla</span> <span class='ocrx_word' id='word_1_203' title='bbox 1414 2388 1584 2420; x_wconf 85' lang='lat' dir='ltr'>Plisthenis</span> 
     </span>
     <span class='ocr_line' id='line_1_30' title="bbox 187 2439 1583 2481; baseline -0.001 -10"><span class='ocrx_word' id='word_1_204' title='bbox 187 2441 285 2471; x_wconf 88' lang='lat' dir='ltr'>virum</span> <span class='ocrx_word' id='word_1_205' title='bbox 313 2440 583 2481; x_wconf 83' lang='lat' dir='ltr'>Agamemnonem</span> <span class='ocrx_word' id='word_1_206' title='bbox 605 2446 706 2476; x_wconf 81' lang='lat' dir='ltr'>vocat,</span> <span class='ocrx_word' id='word_1_207' title='bbox 731 2451 749 2470; x_wconf 87' lang='lat' dir='ltr'>a</span> <span class='ocrx_word' id='word_1_208' title='bbox 771 2440 850 2470; x_wconf 90' lang='lat' dir='ltr'>Plis-</span> <span class='ocrx_word' id='word_1_209' title='bbox 918 2441 1001 2472; x_wconf 85' lang='lat' dir='ltr'>facta</span> <span class='ocrx_word' id='word_1_210' title='bbox 1030 2440 1200 2471; x_wconf 86' lang='lat' dir='ltr'>mentione.</span> <span class='ocrx_word' id='word_1_211' title='bbox 1235 2441 1364 2470; x_wconf 65' lang='lat' dir='ltr'>Mirm..</span> <span class='ocrx_word' id='word_1_212' title='bbox 1403 2439 1525 2480; x_wconf 81' lang='lat' dir='ltr'>Regius</span> <span class='ocrx_word' id='word_1_213' title='bbox 1551 2445 1583 2470; x_wconf 88' lang='lat' dir='ltr'>et</span> 
     </span>
    </p>
   </div>
   <div class='ocr_carea' id='block_1_5' title="bbox 185 2488 1580 2772">
    <p class='ocr_par' dir='ltr' id='par_1_6' title="bbox 185 2488 1580 2630">
     <span class='ocr_line' id='line_1_31' title="bbox 185 2488 1580 2531; baseline -0.001 -11"><span class='ocrx_word' id='word_1_214' title='bbox 185 2490 279 2520; x_wconf 91' lang='lat' dir='ltr'>thene</span> <span class='ocrx_word' id='word_1_215' title='bbox 295 2496 381 2531; x_wconf 84' lang='lat' dir='ltr'>patre</span> <span class='ocrx_word' id='word_1_216' title='bbox 397 2489 641 2530; x_wconf 81' lang='lat' dir='ltr'>Agamemnonis</span> <span class='ocrx_word' id='word_1_217' title='bbox 654 2496 685 2520; x_wconf 87' lang='lat' dir='ltr'>et</span> <span class='ocrx_word' id='word_1_218' title='bbox 699 2489 850 2520; x_wconf 79' lang='lat' dir='ltr'>Menelai.</span> <span class='ocrx_word' id='word_1_219' title='bbox 918 2500 998 2520; x_wconf 90' lang='lat' dir='ltr'>unus</span> <span class='ocrx_word' id='word_1_220' title='bbox 1025 2490 1209 2524; x_wconf 72' lang='lat' dir='ltr'>Vaticanus,</span> <span class='ocrx_word' id='word_1_221' title='bbox 1235 2497 1309 2520; x_wconf 80' lang='lat' dir='ltr'>toro.</span> <span class='ocrx_word' id='word_1_222' title='bbox 1333 2490 1427 2519; x_wconf 86' lang='lat' dir='ltr'>bene.</span> <span class='ocrx_word' id='word_1_223' title='bbox 1452 2488 1580 2519; x_wconf 88' lang='lat' dir='ltr'>consule</span> 
     </span>
     <span class='ocr_line' id='line_1_32' title="bbox 187 2538 1580 2581; baseline -0.001 -12"><span class='ocrx_word' id='word_1_224' title='bbox 187 2540 326 2569; x_wconf 60' lang='lat' dir='ltr'>Meum..</span> <span class='ocrx_word' id='word_1_225' title='bbox 359 2539 435 2570; x_wconf 89' lang='lat' dir='ltr'>Tres</span> <span class='ocrx_word' id='word_1_226' title='bbox 462 2538 544 2570; x_wconf 88' lang='lat' dir='ltr'>enim</span> <span class='ocrx_word' id='word_1_227' title='bbox 570 2538 695 2569; x_wconf 84' lang='lat' dir='ltr'>fuerunt</span> <span class='ocrx_word' id='word_1_228' title='bbox 723 2538 850 2580; x_wconf 90' lang='lat' dir='ltr'>Pelopis</span> <span class='ocrx_word' id='word_1_229' title='bbox 918 2550 988 2581; x_wconf 88' lang='lat' dir='ltr'>quae</span> <span class='ocrx_word' id='word_1_230' title='bbox 1019 2546 1162 2570; x_wconf 78' lang='lat' dir='ltr'>notamus</span> <span class='ocrx_word' id='word_1_231' title='bbox 1191 2540 1289 2581; x_wconf 83' lang='lat' dir='ltr'>Epist.</span> <span class='ocrx_word' id='word_1_232' title='bbox 1315 2539 1377 2570; x_wconf 86' lang='lat' dir='ltr'>xix.</span> <span class='ocrx_word' id='word_1_233' title='bbox 1402 2549 1480 2569; x_wconf 86' lang='lat' dir='ltr'>vers.</span> <span class='ocrx_word' id='word_1_234' title='bbox 1507 2539 1580 2568; x_wconf 91' lang='grc'><strong>100.</strong></span> 
     </span>
     <span class='ocr_line' id='line_1_33' title="bbox 187 2587 1037 2630; baseline -0.001 -11"><span class='ocrx_word' id='word_1_235' title='bbox 187 2588 254 2624; x_wconf 82' lang='lat' dir='ltr'>filii,</span> <span class='ocrx_word' id='word_1_236' title='bbox 270 2588 395 2624; x_wconf 83' lang='lat' dir='ltr'>Atreus,</span> <span class='ocrx_word' id='word_1_237' title='bbox 410 2589 574 2630; x_wconf 81' lang='lat' dir='ltr'>Thyestes,</span> <span class='ocrx_word' id='word_1_238' title='bbox 597 2594 627 2619; x_wconf 91' lang='lat' dir='ltr'>et</span> <span class='ocrx_word' id='word_1_239' title='bbox 651 2587 846 2619; x_wconf 86' lang='lat' dir='ltr'>Plisthenes:</span> <span class='ocrx_word' id='word_1_240' title='bbox 918 2589 1037 2619; x_wconf 64' lang='lat' dir='ltr'>linss.</span> 
     </span>
    </p>

    <p class='ocr_par' dir='ltr' id='par_1_7' title="bbox 186 2636 1578 2728">
     <span class='ocr_line' id='line_1_34' title="bbox 186 2636 1578 2680; baseline -0.001 -12"><span class='ocrx_word' id='word_1_241' title='bbox 186 2648 317 2678; x_wconf 86' lang='lat' dir='ltr'>quorum</span> <span class='ocrx_word' id='word_1_242' title='bbox 334 2638 462 2669; x_wconf 85' lang='lat' dir='ltr'>ultimus</span> <span class='ocrx_word' id='word_1_243' title='bbox 485 2638 547 2674; x_wconf 82' lang='lat' dir='ltr'>hic,</span> <span class='ocrx_word' id='word_1_244' title='bbox 564 2649 635 2669; x_wconf 88' lang='lat' dir='ltr'>cum</span> <span class='ocrx_word' id='word_1_245' title='bbox 652 2638 778 2680; x_wconf 85' lang='lat' dir='ltr'>juvenis</span> <span class='ocrx_word' id='word_1_246' title='bbox 794 2638 848 2668; x_wconf 83' lang='lat' dir='ltr'>ad·</span> <span class='ocrx_word' id='word_1_247' title='bbox 962 2638 1035 2668; x_wconf 88' lang='lat'>794.</span> <span class='ocrx_word' id='word_1_248' title='bbox 1061 2638 1199 2678; x_wconf 57' lang='lat' dir='ltr'>Oscula]</span> <span class='ocrx_word' id='word_1_249' title='bbox 1224 2637 1292 2667; x_wconf 62' lang='lat' dir='ltr'>Viri</span> <span class='ocrx_word' id='word_1_250' title='bbox 1309 2637 1403 2668; x_wconf 85' lang='lat' dir='ltr'>etiam</span> <span class='ocrx_word' id='word_1_251' title='bbox 1426 2636 1504 2667; x_wconf 85' lang='lat' dir='ltr'>viros</span> <span class='ocrx_word' id='word_1_252' title='bbox 1528 2645 1578 2666; x_wconf 90' lang='lat' dir='ltr'>os-</span> 
     </span>
     <span class='ocr_line' id='line_1_35' title="bbox 187 2686 1379 2728; baseline 0.002 -12"><span class='ocrx_word' id='word_1_253' title='bbox 187 2686 246 2717; x_wconf 85' lang='lat' dir='ltr'>huc</span> <span class='ocrx_word' id='word_1_254' title='bbox 271 2687 353 2717; x_wconf 90' lang='lat' dir='ltr'>diem</span> <span class='ocrx_word' id='word_1_255' title='bbox 377 2687 516 2722; x_wconf 85' lang='lat' dir='ltr'>obiisset,</span> <span class='ocrx_word' id='word_1_256' title='bbox 541 2687 657 2718; x_wconf 81' lang='lat' dir='ltr'>relictis</span> <span class='ocrx_word' id='word_1_257' title='bbox 681 2687 850 2728; x_wconf 79' lang='lat' dir='ltr'>Agamem·</span> <span class='ocrx_word' id='word_1_258' title='bbox 917 2687 997 2718; x_wconf 87' lang='lat' dir='ltr'>culis</span> <span class='ocrx_word' id='word_1_259' title='bbox 1011 2687 1201 2719; x_wconf 78' lang='lat' dir='ltr'>salutabant.</span> <span class='ocrx_word' id='word_1_260' title='bbox 1249 2687 1379 2718; x_wconf 71' lang='lat' dir='ltr'>DotzA.</span> 
     </span>
    </p>

    <p class='ocr_par' dir='ltr' id='par_1_8' title="bbox 186 2735 847 2772">
     <span class='ocr_line' id='line_1_36' title="bbox 186 2735 847 2772; baseline 0.002 -7"><span class='ocrx_word' id='word_1_261' title='bbox 186 2745 266 2766; x_wconf 89' lang='lat' dir='ltr'>none</span> <span class='ocrx_word' id='word_1_262' title='bbox 289 2741 320 2765; x_wconf 79' lang='lat' dir='ltr'>et</span> <span class='ocrx_word' id='word_1_263' title='bbox 342 2736 490 2766; x_wconf 83' lang='lat' dir='ltr'>Menelao</span> <span class='ocrx_word' id='word_1_264' title='bbox 513 2735 593 2772; x_wconf 78' lang='lat' dir='ltr'>filiis,</span> <span class='ocrx_word' id='word_1_265' title='bbox 611 2736 718 2766; x_wconf 76' lang='lat' dir='ltr'>horum</span> <span class='ocrx_word' id='word_1_266' title='bbox 743 2746 847 2766; x_wconf 81' lang='lat' dir='ltr'>curam</span> 
     </span>
    </p>
   </div>
  </div>
 </body>
</html>
