1760 3172
374 152 563 196 ARTIS
594 150 954 194 AMATORIAE
986 150 1111 193 LIB.
1142 151 1233 193 ΙΙΙ.
1448 152 1506 194 63

108 270 263 320 Nulla
285 270 438 329 fides3
478 269 768 332 tabulaeque
792 282 931 315 novae
955 282 1045 331 per
1068 273 1186 315 vota
1209 273 1477 331 petuntur:

174 349 242 397 Et
264 347 481 396 lacrimis
504 346 606 395 vidi
632 362 767 410 saepe
793 345 996 393 madere
1021 360 1194 407 genas.

105 426 136 475 J
140 426 339 491 uppiter
364 442 394 473 a
415 425 555 473 vobis
581 432 684 473 tam
705 423 872 487 turpia
897 422 1107 470 crimina
1129 422 1303 486 pellat,

176 503 236 551 In
262 503 444 567 quibus
470 508 547 551 est
569 502 658 549 ulli
680 517 799 549 cura
823 501 1023 565 placere
1047 500 1167 548 viro.

1407 502 1505 546 380

110 579 216 629 Hos
241 581 419 644 ignava
437 581 580 644 jocos
606 578 783 626 tribuit
808 577 1212 646 Natura'puellis
1233 593 1243 624 :

177 657 393 705 Materia
416 656 598 704 ludunt
620 655 848 703 uberiore
873 654 978 702 viri.

110 734 241 782 Sunt
264 734 362 783 illis
385 735 678 797 celeresque
702 732 834 797 pilae,
857 732 1200 796 jaculumque,
1224 730 1504 794 trochique,

174 811 446 875 Armaque,
474 818 526 860 et
548 811 600 858 in
625 826 774 874 gyros
799 809 869 857 ire
895 813 1099 856 coactus
1126 823 1303 871 equus.

112 888 220 937 Nec
239 905 326 936 vos
344 888 568 953 Campus
592 888 762 944 habet,
779 903 872 935 nec
893 903 980 934 vos
1001 885 1312 949 gelidissima
1326 884 1504 946 Virgo3

178 965 226 1013 N
231 982 288 1014 ec
314 965 544 1014 Thuscus
570 964 771 1029 placida
795 964 999 1013 devehit
1023 963 1185 1012 amnis
1211 963 1362 1026 aqua.
1410 965 1507 1009 386

110 1042 180 1090 At
203 1043 338 1099 licet,
365 1050 418 1091 et
441 1043 663 1107 prodest,
691 1041 963 1105 Pompejas
988 1041 1059 1089 ire
1085 1056 1174 1104 per
1198 1040 1430 1097 umbras;

178 1119 398 1182 Virginis
423 1118 641 1166 aetheriis
669 1134 784 1166 cum
810 1125 964 1182 caput
989 1118 1132 1166 ardet
1157 1116 1318 1180 equis.

113 1195 274 1244 Visite
299 1197 545 1260 laurigero
570 1203 767 1245 sacrata
792 1196 991 1244 Palatia
1014 1195 1210 1243 Phoebo
1230 1212 1239 1243 :

180 1273 275 1322 Ille
299 1274 607 1323 Paraetonias
632 1275 806 1323 mersit
830 1275 882 1322 in
910 1275 1012 1322 alta
1035 1280 1185 1322 rateS.

1414 1274 1512 1320 390

115 1350 340 1415 Quaeque
366 1368 502 1400 soror
526 1353 814 1416 conjuxque
835 1351 993 1399 Ducis
1019 1356 1345 1399 monumenta
1368 1366 1512 1414 para·

183 1429 463 1494 Navalique
489 1445 641 1493 gener
665 1430 862 1478 cinctus
887 1430 1075 1478 honore
1101 1436 1270 1492 caput.

159 1575 235 1607 377.
265 1575 365 1606 Nulla
380 1576 461 1616 fides
491 1577 614 1613 tabulis,
634 1587 698 1616 quae
721 1588 781 1607 non

112 1635 167 1665 per
181 1630 249 1655 vota
259 1625 438 1666 petuntur]
465 1625 582 1656 Sensus
596 1625 781 1662 intricatior,

116 1683 218 1715 neque
232 1673 431 1705 satisfaciunt
442 1674 631 1716 conjecturae
646 1674 782 1711 Heinsii,

117 1722 171 1765 qui
186 1722 281 1754 etiam
294 1723 441 1766 capiebat
457 1724 592 1754 tabulam
604 1734 659 1766 pro
673 1724 783 1755 tabula

116 1771 242 1803 lusoria.
282 1772 344 1803 Sed
359 1773 472 1814 planus
490 1773 558 1809 erit,
575 1773 784 1815 si-sequamur

118 1821 208 1852 unius
236 1821 353 1852 codicis
380 1821 548 1854 Heinsiani
585 1822 783 1863 elegantissi-

117 1880 212 1907 mam,
227 1876 262 1901 ut
275 1870 352 1901 mihi
368 1870 503 1908 videtur,
519 1871 706 1914 scripturam
719 1884 725 1902 :

162 1920 262 1951 Nulla
266 1921 349 1962 fides
358 1933 369 1960 ,-
385 1923 551 1963 tabulaeque
562 1932 642 1952 novae
651 1932 706 1962 per
716 1928 783 1953 vota

202 1976 362 2010 petuntur.

121 2019 166 2050 Ut
179 2017 298 2051 indicet
313 2020 461 2056 lusorem,
479 2020 533 2062 qui
552 2020 659 2052 omnia
679 2021 784 2063 perdi-

118 2068 211 2105 derit,
237 2075 269 2100 et
290 2070 361 2112 plus
388 2069 515 2106 debeat,
541 2080 637 2112 quam
664 2070 785 2102 solvere

119 2117 226 2159 possit,
247 2123 354 2161 optare
380 2129 477 2151 novas
502 2120 639 2156 tabulas,
663 2126 699 2151 ut
723 2131 785 2151 non

119 2172 248 2209 cogatur
271 2178 385 2200 nomen
410 2179 502 2200 suum
530 2169 698 2211 expedire;
729 2169 786 2200 sed

120 2217 247 2248 remisso
262 2217 368 2249 debito
384 2219 478 2256 omni,
494 2218 607 2250 iterum
630 2219 786 2261 integrare

120 2265 218 2308 possit
230 2266 352 2298 lusum:
376 2268 422 2300 ita
445 2274 480 2299 ut
496 2268 549 2310 qui
566 2275 660 2300 antea
683 2268 787 2310 perdi-

121 2314 212 2352 derit,
228 2315 366 2348 lucretur
381 2317 514 2359 aliquid.
537 2318 577 2349 de
595 2319 720 2350 Tabulis
735 2330 787 2350 ηο-

121 2365 166 2395 vis
179 2360 286 2396 omnia
301 2372 373 2397 sunt
387 2366 562 2398 notissima.
609 2368 729 2399 Bumu.

167 2415 243 2445 386.
268 2414 399 2446 Placide
422 2417 541 2448 devehit
562 2419 658 2448 amnis
682 2417 787 2458 aqum]

125 2461 254 2494 Placida
269 2475 347 2504 aqua
361 2465 477 2507 Tyberi
499 2476 562 2497 non
584 2472 670 2497 recte
685 2466 789 2502 datur,

124 2521 197 2543 cum
210 2511 251 2543 sit
265 2513 406 2556 rapidus.
439 2515 558 2552 Scribe,
572 2516 688 2555 placita
701 2517 789 2557 aqud.

123 2560 242 2593 Hmws.
287 2562 377 2593 Nihil
406 2569 506 2596 muta.
542 2564 583 2595 sit
607 2564 690 2596 enim
715 2565 791 2596 licet

123 2609 257 2652 Thybris
283 2612 425 2654 rapidus,
451 2624 514 2644 non
539 2614 625 2644 omni
651 2620 791 2656 tempore

124 2657 280 2692 violentus
307 2660 351 2694 ire
379 2661 471 2694 solet.
496 2663 533 2695 ii.
560 2663 691 2696 AEneid.
719 2665 793 2696 782.

1347 1429 1486 1490 [runt
1499 1444 1509 1475 ;

850 1578 910 1607 leni
920 1579 1039 1619 agmine
1048 1575 1308 1618 Thybrimfluere
1318 1575 1372 1606 ait.
1396 1575 1516 1606 Bunm.

894 1628 968 1658 389.
995 1626 1088 1658 Visite
1114 1627 1267 1667 laurigero
1282 1631 1401 1656 sacrata
1419 1625 1516 1655 Pala-

851 1677 896 1706 tia
911 1676 1046 1716 Phoebo.]
1074 1675 1190 1706 AEdem
1210 1673 1288 1705 dicit
1309 1683 1404 1715 quam
1419 1673 1519 1716 Apol-

850 1723 906 1755 lini
919 1724 1063 1761 Actiaco,
1077 1723 1211 1755 devictis
1227 1723 1397 1764 Cleopatra
1409 1729 1441 1754 et
1452 1723 1519 1753 An-

852 1774 947 1811 tonio,
962 1774 1125 1816 Augustus
1138 1773 1170 1803 in
1186 1772 1332 1804 Palatino
1351 1778 1455 1804 monte
1472 1772 1519 1803 di-

852 1830 989 1856 caverat.
1035 1823 1203 1865 Templum
1240 1823 1298 1853 hoc
1336 1822 1395 1853 fuit
1431 1822 1521 1854 donis

851 1873 1121 1916 opulentissimum
1135 1885 1143 1912 3
1166 1873 1191 1904 si
1216 1872 1344 1914 quidem
1358 1872 1522 1914 Augustus

853 1933 963 1954 aureas
979 1927 1207 1964 argenteasque
1224 1927 1343 1952 statuas
1362 1922 1421 1952 sibi
1437 1921 1521 1964 posi·

852 1978 901 2004 tas
915 1972 944 2003 ei
959 1971 1106 2003 donavit:
1132 1971 1192 2002 fuit
1207 1971 1304 2002 etiam
1320 1981 1412 2013 opere
1432 1981 1521 2012 mag-

853 2021 1143 2052 nificentissimum:
1182 2020 1282 2051 valvae
1321 2020 1405 2051 enim
1434 2026 1524 2051 erant

853 2072 891 2102 eb
897 2081 1010 2107 urneae,
1021 2081 1104 2106 auro,
1116 2069 1311 2112 picturisque
1323 2075 1451 2106 ornatae,
1462 2070 1523 2102 ἃς.

853 2121 1014 2152 Describit
1042 2119 1276 2162 elegantissime
1310 2120 1452 2162 Propert.
1487 2120 1522 2151 ii.

854 2171 946 2212 Eleg.
964 2169 1054 2201 xxiii.
1099 2169 1218 2200 Amn.

898 2220 972 2251 391.
999 2219 1129 2259 Quaeque
1153 2229 1248 2254 soror,
1275 2220 1443 2258 conjurqzte
1467 2219 1525 2249 du·

854 2270 923 2310 cis.]
953 2268 1099 2300 Porticus
1115 2267 1270 2304 Octaviae,
1286 2267 1423 2309 Augusti
1438 2278 1522 2299 soro-

855 2319 907 2356 ris,
919 2325 951 2350 et
962 2318 1059 2349 Liviae
1076 2317 1229 2360 conjugis,
1242 2316 1374 2348 indicat.
1403 2317 1523 2348 AMAR.

901 2369 977 2400 392.
1008 2367 1180 2408 Navalique
1208 2378 1301 2408 gener
1330 2368 1448 2397 cinctus
1473 2367 1524 2397 ho-

857 2429 928 2449 nore
943 2417 1060 2457 capua]
1086 2417 1154 2447 Hoc
1171 2422 1228 2453 est,
1244 2416 1292 2446 M.
1304 2415 1456 2457 Agrippa,
1471 2415 1525 2458 qui

858 2478 955 2509 gener
970 2466 1107 2508 Augusti
1123 2465 1181 2497 fuit
1197 2476 1235 2496 ex
1251 2464 1339 2496 Julia
1351 2466 1403 2506 (ut
1417 2466 1527 2496 Sueto-

857 2516 929 2547 nius
941 2515 1053 2554 tradit)
1067 2521 1098 2546 et
1114 2525 1227 2546 corona
1241 2513 1345 2545 navali
1361 2514 1400 2544 ab
1417 2514 1527 2546 eodem

857 2565 1003 2607 Augusto
1027 2565 1173 2600 donatus,
1188 2569 1257 2605 post
1274 2562 1434 2595 devictum
1449 2565 1526 2596 Sex-

860 2621 926 2646 tum
942 2614 1142 2657 Pompejum.
1187 2614 1315 2644 an.
