1760 3172
345 178 438 220 EX
471 178 682 220 PONTO
717 176 836 218 LIB.
870 176 960 217 III.
995 176 1186 220 EPIST.
1220 178 1257 218 I.

1410 179 1495 219 443

115 293 185 341 Ut
208 293 330 341 nihil
354 294 461 358 ipse
487 309 680 356 querar,
705 293 858 340 tacito
883 308 962 339 me
988 292 1118 339 fama
1143 302 1392 355 queretur,

178 370 302 425 Quae
327 371 495 427 debet,
521 370 668 418 fuerit
691 371 740 417 ni
764 370 854 417 tibi
877 386 994 417 cura
1018 370 1132 417 mei.

112 446 362 511 Exposuit
386 463 496 495 mea
519 464 598 495 me
624 448 808 512 populo
832 446 1028 494 fortuna
1050 447 1333 501 videndum,

179 524 246 572 Et
269 527 383 589 plus
407 525 617 581 notitiae,
647 541 796 588 quam
820 524 914 571 fuit
938 531 1070 579 ante,
1098 524 1251 571 dedit.
1436 528 1497 571 50

113 601 290 651 Notior
315 610 392 651 est
414 603 576 651 factus
604 603 871 667 Capaneus
897 618 926 649 a
948 601 1169 659 fulminis
1194 601 1323 659 ictu;

180 679 344 728 Notus
369 681 518 727 humo
544 680 718 728 mersis
744 678 1077 743 Amphiaraus
1103 677 1275 741 equis;

115 756 168 804 Si
193 757 357 804 minus
383 764 612 813 errasset,
639 763 785 804 notus
811 755 974 803 minus
1000 763 1136 802 esset
1161 754 1404 817 Ulysses;

178 833 365 897 Magna
389 833 684 882 Philoctetae
709 833 910 880 vulnere
933 831 1066 879 fama
1090 848 1179 879 suo
1205 838 1296 879 est.

115 912 168 960 Si
187 913 326 960 locus
351 919 429 960 est
451 912 633 975 aliquis
658 918 798 959 tanta
823 911 948 957 inter
974 910 1174 957 nomina
1196 910 1374 973 parvis,
1437 912 1498 956 55

179 989 285 1037 Nos
307 1006 509 1053 quoque
535 989 832 1053 conspicuos
859 995 1027 1035 nostra
1052 988 1193 1034 ruina
1218 986 1355 1034 facit.

114 1067 222 1115 Nec
246 1074 296 1115 te
320 1067 500 1117 nesciri
526 1068 712 1132 patitur
737 1083 849 1114 mea
873 1066 1083 1130 pagina3
1125 1081 1224 1128 qua
1246 1080 1344 1111 non

178 1144 390 1192 Inferius
418 1144 525 1192 Coa
550 1144 752 1192 Battide
787 1160 967 1191 nomen
992 1143 1164 1190 habes,

112 1222 366 1286 Quicquid
390 1238 509 1285 ages
534 1222 698 1285 igitur,
727 1237 878 1269 scena
902 1220 1197 1284 spectabere
1222 1234 1430 1280 magna3

180 1299 247 1347 Et
270 1299 354 1364 pia
377 1317 474 1347 non
501 1300 664 1364 parvis
689 1300 902 1347 testibus
929 1314 1054 1345 uxor
1079 1296 1191 1344 eris.
1438 1298 1501 1340 (30

114 1376 278 1426 Crede
297 1376 446 1435 mihi;
487 1378 685 1441 quoties
710 1375 926 1424 laudaris
952 1374 1170 1422 carmine
1195 1379 1377 1428 nostro,

179 1453 303 1509 Quae
326 1455 448 1518 legit
471 1455 560 1503 has
585 1455 775 1510 laudes,
797 1471 859 1502 an
880 1468 1117 1506 mereare,
1142 1458 1298 1513 rogat.

116 1531 288 1596 thue
311 1530 476 1580 favere
502 1548 609 1580 reor
634 1532 802 1596 plures
820 1531 1084 1578 virtutibus
1110 1529 1235 1584 istis,

181 1609 265 1657 Sic
290 1616 378 1657 tua
401 1627 498 1658 non
523 1626 694 1674 paucae
720 1626 924 1673 carpere
950 1609 1081 1655 facta
1098 1607 1282 1653 volent.

113 1791 374 1823 constructionem
394 1792 481 1823 verbi
501 1794 682 1834 degenerare
701 1803 772 1823 cum

114 1851 190 1872 casu
218 1840 390 1872 adcusandi
426 1841 568 1883 pluribus
606 1841 773 1872 illustravit

112 1890 276 1932 exemplis.
322 1891 473 1922 Htw-mss.

157 1940 213 1971 47.
239 1940 343 1971 Tacito
362 1952 407 1971 me
419 1940 512 1983 fama
529 1947 682 1981 queretur,
701 1940 773 1975 Quae

113 1990 226 2031 debeb]
264 1990 355 2021 Juste
379 1990 463 2021 enim
488 1989 669 2021 incusamus
697 2000 772 2020 uxo-

115 2049 190 2076 rem,
206 2051 304 2082 quum
327 2040 367 2071 ab
389 2050 427 2072 ea
449 2040 658 2082 conspicimus
681 2039 772 2070 mari-

115 2094 181 2120 tum
196 2089 307 2121 deseri.

159 2139 210 2170 48.
235 2138 343 2169 Fuerit
371 2140 404 2168 ni
429 2139 482 2169 tibi
507 2149 582 2169 cura
611 2137 694 2178 mei.]
731 2137 773 2167 Ni

116 2187 192 2218 mihi
206 2187 353 2230 opitulari
368 2187 534 2218 curaveris.
567 2188 661 2218 Mmt-
702 2186 774 2220 Qnae

115 2238 321 2280 ‹leben-sicera
335 2239 368 2268 ni
383 2239 438 2268 tibi
450 2249 526 2268 cura
544 2239 615 2268 mei.
661 2236 707 2267 Tu
730 2236 774 2267 sic

115 2294 276 2321 construe:
302 2289 346 2320 Ut
358 2298 415 2329 ego
429 2295 564 2324 taceam,
575 2292 680 2318 tamen
691 2286 776 2317 fama

117 2344 266 2380 queretur
290 2343 322 2369 et
347 2337 491 2379 loquetur
512 2337 551 2368 de
579 2342 610 2368 te
637 2336 696 2367 nisi
718 2335 775 2366 tibi

116 2398 193 2419 cura
207 2398 254 2424 ea,
270 2398 340 2429 quae
361 2387 466 2424 debet,
482 2387 521 2418 de
542 2397 591 2417 me
607 2385 719 2424 fuerit;
742 2390 777 2416 ut

117 2447 249 2474 comma,
265 2437 345 2474 Quae
367 2436 472 2473 debet,
489 2435 529 2466 ad
550 2434 714 2476 sequentia
729 2444 774 2465 re-

116 2487 244 2518 seratur.
288 2487 345 2517 Est
366 2485 450 2517 enim
471 2484 675 2527 ὑπέρβατον,
692 2483 776 2525 quod

117 2535 355 2567 commentatori
364 2534 547 2576 imposuisse
553 2533 686 2564 videtur.
706 2533 743 2562 M
747 2544 756 2562 1
762 2550 774 2555 -

117 2595 192 2616 cvr„

162 2635 216 2666 50.
239 2635 280 2665 Ec
301 2635 384 2665 dedit
403 2634 472 2673 plus
495 2630 637 2670 notitiam]
662 2631 703 2661 Et
725 2630 777 2661 tri-

120 2684 188 2715 buit
208 2683 285 2714 mihi
306 2683 377 2725 plus
398 2681 504 2713 famae:
530 2690 580 2711 me
603 2679 687 2711 enim
710 2679 778 2709 haec

119 2743 191 2764 mea
223 2732 384 2764 calamitas
418 2730 516 2772 magis
552 2735 657 2760 notum
695 2727 777 2762 fecit,

842 1801 937 1833 quam
953 1789 1038 1831 prius
1054 1788 1174 1819 fuerim.

885 1841 937 1871 52.
963 1839 1059 1869 Notus
1075 1839 1163 1868 humo
1186 1837 1286 1867 mersis
1304 1836 1504 1875 Amphiaraus

841 1888 948 1929 equis]
974 1886 1159 1929 Amphiarai
1171 1886 1310 1916 fabulam
1322 1885 1414 1916 refert
1425 1885 1502 1915 Dio-

840 1939 951 1969 dorus:
978 1943 1010 1968 et
1037 1948 1092 1968 nos
1122 1936 1153 1966 in
1183 1935 1333 1966 Ovidium
1363 1934 1402 1965 de
1429 1934 1504 1965 Arte

841 1987 976 2019 amandi.
1024 1987 1131 2017 Mersis
1155 1986 1251 2015 humo.
1294 1985 1396 2015 Terrae
1421 1983 1503 2014 enim

841 2038 927 2068 hiatu
943 2036 1154 2078 Amphiaraus
1170 2045 1241 2065 cum
1257 2032 1346 2075 equis
1361 2038 1392 2063 et
1413 2043 1504 2063 curru

842 2087 1004 2129 absorptus
1020 2092 1078 2116 est.

884 2137 936 2167 58.
962 2135 1022 2165 Coa
1040 2132 1191 2172 Brucida]
1223 2130 1375 2166 Philetas,
1388 2141 1424 2160 ex
1439 2130 1504 2160 Coo

842 2185 945 2215 insula
959 2182 1119 2218 oriundus,
1135 2191 1228 2222 quem
1251 2180 1360 2210 Strabo
1377 2178 1503 2208 alioruin

841 2233 1026 2276 scriptorum
1046 2231 1186 2273 judicem
1209 2227 1436 2260 severissimum
1459 2228 1505 2257 fu-

842 2283 902 2314 isse
913 2281 1021 2316 tradit,
1034 2279 1163 2310 Battida
1176 2278 1302 2314 amavit,
1314 2283 1345 2307 et
1358 2286 1428 2306 eam
1440 2286 1506 2307 car-

843 2333 926 2362 mine
938 2329 1090 2361 laudavit.

887 2381 939 2411 59.
963 2380 1058 2410 Scene¹
1074 2375 1210 2418 magum]
1238 2375 1357 2414 Magno
1373 2372 1504 2408 theatro,

844 2436 875 2461 et
889 2428 1049 2459 hominum
1064 2424 1248 2467 frequentia.

887 2480 938 2509 62.
971 2477 1032 2512 Qui
1059 2475 1160 2517 legit-J
1192 2471 1385 2503 Francofurt.
1433 2471 1501 2504 Qun

844 2531 938 2570 legit5
964 2537 1024 2557 non
1048 2525 1141 2560 male,
1157 2529 1192 2553 ut
1214 2527 1286 2563 agat
1308 2520 1346 2551 de
1368 2519 1489 2549 mulieri

844 2579 914 2613 bus,
929 2587 999 2618 quae
1015 2575 1146 2606 aliarum
1162 2571 1271 2602 laudes
1293 2580 1354 2600 non
1374 2569 1506 2599 libenter

846 2628 966 2668 legunt,
998 2624 1053 2655 sed
1087 2621 1201 2664 cupide
1229 2620 1414 2650 detrectant.
1466 2618 1503 2647 Et

846 2677 890 2707 ita
905 2688 961 2706 mm
978 2685 1079 2714 pauca>
1096 2670 1246 2712 sequitur.
