1760 3172
405 167 715 211 TRISTIUM
748 167 868 208 LIB.
903 166 994 207 III.
1028 167 1208 209 ELEG.
1241 168 1305 208 X.

1470 170 1554 209 249

162 285 320 347 Cujus
345 290 401 330 ut
425 284 593 331 oblata
617 290 694 330 est
718 282 1010 346 praesentia3
1051 282 1310 338 vincimus,
1338 283 1527 346 inquit:

227 360 324 407 Hic
349 360 469 406 mihi
494 366 652 407 morte
679 375 769 406 sua
793 375 946 406 causa
971 359 1146 405 salutis
1172 359 1281 406 erit.

162 438 398 485 Protinus
423 437 598 499 ignari,
622 452 714 484 nec
741 436 1017 498 quidquam
1041 435 1140 482 tale
1166 435 1386 483 timentis
1490 440 1552 484 25

228 514 507 561 Innocuum
531 513 690 575 rigido
709 512 926 576 perforat
949 528 1068 558 ense
1093 512 1251 564 latus;

160 590 330 653 Atque
355 591 424 637 ita
447 590 652 644 divellit,
681 589 978 651 divulsaque
1004 588 1229 650 membra
1252 604 1342 652 per
1368 604 1512 651 agros

230 668 473 731 Dissipat,
500 667 550 714 in
574 667 745 714 multis
771 666 1068 714 invenienda
1091 666 1229 712 locis.

163 743 275 792 Neu
296 752 437 808 pater
461 745 670 806 ignoret,
699 744 908 807 scopulo
934 742 1168 806 proponit
1191 743 1242 788 in
1268 743 1366 790 alto

227 821 587 884 Pallentesque
610 837 804 876 manus,
826 820 1259 882 sanguineumque
1279 828 1451 883 caput;
1493 824 1556 867 30

165 897 234 945 Ut
258 898 451 960 genitor
475 899 720 961 luctuque
747 915 872 945 novo
897 898 1137 953 tardetur,
1166 905 1216 945 et
1241 905 1375 944 artus

229 975 364 1021 Dum
390 975 515 1038 legit
539 975 835 1032 exstinctos,
862 975 1003 1022 triste
1029 982 1249 1021 moretur
1273 975 1380 1022 iter.

161 1051 285 1100 Inde
311 1051 480 1098 Tomis
505 1051 669 1099 dictus
695 1052 835 1099 locus
857 1051 965 1109 hic3
1009 1052 1129 1114 quia
1152 1051 1306 1098 fertur
1331 1052 1380 1098 in
1406 1052 1489 1098 illo

230 1127 461 1176 Membra
485 1145 621 1176 soror
645 1129 809 1176 fratris
835 1128 1153 1176 consecuisse
1180 1129 1273 1175 sui.

640 1455 970 1503 ELEGIA
1009 1458 1074 1504 X.

163 1596 223 1643 S1
251 1596 362 1659 quis
389 1596 551 1643 adhuc
578 1596 690 1643 istic
716 1597 941 1644 meminit
968 1597 1184 1645 Nasonis
1211 1599 1413 1654 ademti,

228 1672 298 1719 Et
322 1680 553 1736 superest
577 1673 683 1720 sine
709 1689 788 1720 me
813 1690 997 1721 nomen
1023 1675 1073 1721 in
1099 1676 1221 1723 urbe
1247 1692 1442 1731 meum;

161 1750 491 1814 Subpositum
516 1751 672 1797 stellis
699 1767 956 1814 nunquam
981 1753 1304 1815 tangentibus
1331 1770 1517 1818 aequor,

158 1859 161 1862 -
226 1826 314 1876 Me
340 1828 465 1876 sciat
488 1828 538 1875 in
562 1828 728 1876 media
752 1829 915 1877 vivere
940 1831 1183 1878 barbarie.

202 1989 255 2018 32.
280 1987 378 2019 Triste
398 1991 531 2020 retardet
556 1990 642 2030 item]
671 1990 821 2026 Moretur,

159 2037 264 2068 Vatic.
290 2038 362 2068 Pal.
390 2037 485 2069 Polit.
507 2038 669 2077 meliores;
700 2044 731 2069 et
760 2039 822 2070 duo

158 2086 223 2117 alii.
259 2087 416 2118 Putabam
427 2087 690 2129 aliquandojusta
706 2100 822 2118 moren-

159 2142 211 2166 tur
226 2139 305 2174 iter;
330 2137 388 2178 Ep.
405 2137 506 2168 Herus
520 2150 526 2166 :

204 2186 333 2226 Quoeque
356 2193 440 2216 tuum
465 2189 556 2216 miror
575 2199 664 2218 causa
690 2194 822 2218 moretur

286 2237 355 2267 iter.

159 2283 352 2316 Retro-dandi
361 2285 455 2316 verbo
465 2291 570 2317 tamen
580 2297 653 2317 usus
665 2293 711 2318 est
719 2297 822 2329 supra,

157 2333 248 2374 Eleg.
262 2333 316 2364 vii.
361 2334 481 2365 Hems.

199 2383 252 2413 33.
270 2382 347 2413 Inde
361 2383 462 2414 Tomos
476 2385 576 2415 dictus
593 2386 674 2416 Iocus
690 2386 765 2426 hicn]
792 2387 821 2416 A

156 2429 356 2467 dissectione,
366 2442 422 2462 seu
432 2433 666 2470 dilaceratione,
678 2445 695 2465 a
705 2434 821 2476 τέμνω,

156 2491 228 2512 seco.
275 2481 381 2511 Tamus
401 2481 492 2523 prim.
507 2482 614 2513 Vatic.
632 2489 664 2514 et
685 2483 823 2525 quinque

157 2530 228 2569 alii3
251 2530 342 2572 prim.
354 2531 448 2562 Polit.
458 2537 490 2562 et
503 2543 557 2563 sex
570 2533 623 2564 alii
635 2544 673 2564 ex
689 2533 824 2564 meliori-

156 2580 216 2610 bus
241 2579 357 2617 Tamis5
380 2586 484 2611 recte:
515 2592 586 2612 narn
610 2589 641 2614 et
666 2584 822 2619 Straboni,

157 2628 213 2659 lib.
228 2629 281 2665 vii,
300 2629 399 2670 Τόμις
421 2635 487 2669 est;
511 2631 570 2661 etsi
592 2632 706 2673 legisse
730 2632 762 2662 in
786 2643 822 2663 eo

159 2677 301 2709 videatur
317 2678 494 2720 Stephanus
516 2682 650 2722 Τομεὺς,
669 2681 722 2722 qui
739 2692 822 2711 eam-

157 2725 229 2757 dem
253 2727 293 2758 de
318 2727 453 2770 Absyrto
481 2728 641 2759 historiam
671 2736 822 2761 recenset.

890 1991 988 2033 Τόμις
1007 1992 1101 2022 etiam
1118 1991 1322 2023 Constantino
1343 1992 1554 2035 porphyroge-

891 2046 983 2077 netae,
1000 2041 1021 2071 l.
1037 2041 1070 2072 ii.
1085 2041 1196 2072 Them.
1220 2043 1251 2072 2.
1275 2048 1369 2084 atque
1399 2048 1443 2073 ita
1472 2044 1556 2085 apud

891 2090 1039 2121 Nostrum
1064 2091 1193 2132 quidam
1215 2097 1345 2122 veteres.
1391 2092 1483 2125 Pont.
1502 2092 1556 2123 lib.

890 2140 930 2171 iv.
948 2141 997 2171 El.
1014 2140 1077 2171 xiv.

936 2189 1005 2220 Tum
1022 2191 1193 2231 mihigrntu
1215 2189 1319 2220 Tomis.

890 2237 974 2269 Hinc
994 2239 1106 2269 Tomira
1123 2244 1154 2269 et
1170 2239 1343 2269 Tomitanus
1366 2239 1556 2272 derivantur.

890 2287 1030 2328 Scaliger
1054 2288 1135 2318 Tomi
1158 2288 1361 2318 emendabat:
1402 2290 1556 2329 quomodo

891 2337 1083 2378 Apollinaris
1109 2337 1271 2367 Sidonius:
1306 2337 1344 2366 Et
1369 2344 1396 2367 te
1419 2341 1555 2370 carmina

890 2397 943 2425 per
955 2388 1110 2416 libidinosa
1127 2386 1236 2416 Notum
1252 2386 1333 2417 Naso
1345 2393 1429 2417 tener
1442 2387 1554 2419 Tomos-

890 2447 944 2476 que
958 2439 1085 2466 missum.
1122 2436 1293 2466 Ptolemaeo
1305 2447 1431 2477 quoque
1445 2440 1554 2479 Τομοί·

895 2485 993 2515 Tomos
1008 2485 1120 2515 Plinio.
1166 2485 1284 2516 mes.

934 2584 963 2613 3.
1001 2583 1162 2624 Nunquam
1202 2585 1395 2625 tangentibus
1431 2586 1555 2627 aquom]

890 2632 1148 2673 Septemtrionem
1160 2631 1314 2674 designat.
1360 2632 1435 2663 Ideo
1451 2640 1556 2665 autem

892 2691 998 2712 revera
1014 2692 1075 2712 non
1093 2681 1189 2718 cadit,
1201 2682 1275 2723 quia
1287 2693 1383 2723 quum
1398 2693 1490 2725 super
1503 2695 1556 2715 nos

891 2730 929 2761 sit
945 2731 1034 2772 polus
1051 2730 1207 2766 metiens,
1225 2742 1346 2773 semper
1369 2742 1384 2762 a
1407 2732 1495 2763 nobis
1511 2734 1555 2763 vi-
