1760 3172
240 201 297 241 46
633 197 683 240 Ρ.
716 197 929 240 OVIDII
963 195 1241 239 NASONIS

248 315 501 363 Utendum
526 322 602 361 est
626 321 799 370 aetate;
839 313 937 359 cito
963 312 1090 375 pede
1115 313 1296 359 labitur
1320 319 1467 359 aetas:
1563 313 1627 360 65

312 392 420 439 Nec
446 393 576 438 bona
600 398 699 438 tam
726 390 966 453 sequitur,
993 405 1143 451 quam
1170 389 1299 435 bona
1325 389 1485 452 prima
1507 387 1616 434 fuit.

247 469 352 516 IIos
374 485 483 531 eg0,
511 468 596 531 qui
622 474 801 514 canent
825 466 1042 520 frutices,
1069 465 1269 512 violaria
1291 465 1418 512 vidi:

312 546 420 593 Hac
446 546 565 592 mihi
591 546 652 591 de
680 544 824 607 spina
852 550 991 605 grata
1016 557 1197 588 corona
1220 542 1336 588 data
1361 548 1452 588 est.

244 623 463 687 Tempus
485 622 591 677 erit,
614 637 713 684 quo
734 629 804 676 tu,
827 636 938 683 quae
964 635 1093 665 nunc
1116 619 1340 666 excludis
1362 624 1626 671 amantem,

312 699 511 761 Frigida
535 699 731 745 deserta
759 704 903 744 nocte
924 697 1115 759 jacebis
1142 712 1292 743 anus:
1566 697 1629 740 70

248 775 354 823 Nec
380 783 467 822 tua
490 775 730 822 nocturna
757 773 1008 835 frangetur
1026 774 1182 835 janua
1206 772 1338 819 rixa:

313 852 498 915 Sparsa
522 866 612 897 nec
638 849 856 896 invenies
881 849 1050 895 limina
1075 864 1218 896 mane
1243 848 1374 894 rosa.

246 929 407 983 Quam
427 928 525 974 cito
545 927 647 988 (me
673 926 907 972 miserum
923 925 958 985 l)
994 925 1222 972 laxantur
1246 939 1452 988 corpora
1475 922 1625 984 rugis,

311 1003 376 1050 Et
400 1003 542 1066 perit,
570 1003 619 1049 in
645 1002 799 1049 nitido
826 1002 911 1064 qui
942 1001 1034 1048 fuit
1057 1018 1156 1058 ore,
1184 1002 1344 1048 color!

242 1079 481 1142 Quasque
505 1077 658 1125 fuisse
683 1078 772 1125 tibi
798 1093 947 1124 canas
974 1093 1003 1124 a
1025 1078 1212 1140 virgine
1231 1079 1385 1141 jures,
1565 1078 1626 1122 75

313 1156 620 1219 Spargentur
645 1155 820 1202 subitae
847 1170 935 1218 per
959 1163 1111 1217 caput
1134 1170 1279 1201 omne
1304 1169 1476 1201 cornae.

242 1232 503 1294 Anguibus
529 1231 752 1277 exsuitur
772 1230 907 1277 tenui
934 1246 1046 1277 curn
1072 1231 1200 1294 pelle
1225 1237 1474 1286 vetustas3

310 1309 417 1356 Nec
443 1308 629 1355 faciunt
653 1323 821 1354 cervos
848 1322 1034 1353 cornua
1051 1308 1189 1369 jacta
1214 1322 1375 1353 senes.

245 1386 427 1433 Nostra
452 1385 557 1431 sine
583 1384 766 1431 auxilio
790 1384 986 1446 fugiunt
1009 1385 1156 1431 bona.
1196 1384 1384 1447 carpite
1408 1383 1608 1437 florem3

310 1462 423 1518 Qui,
450 1462 543 1508 nisi
571 1469 772 1525 carptus
798 1461 904 1516 erit,
932 1461 1142 1525 turpiter
1166 1461 1273 1524 ipse
1298 1460 1460 1507 cadet.
1566 1461 1629 1505 80

242 1538 402 1594 Adde,
431 1538 566 1602 quod
593 1546 643 1586 et
667 1546 838 1602 partus
864 1537 1052 1585 faciunt
1075 1539 1299 1585 breviora
1317 1539 1535 1601 juventae

307 1616 568 1678 Tempora.
607 1616 841 1662 continua
867 1631 1030 1663 messe
1056 1616 1273 1663 senescit
1297 1631 1429 1677 ager.

247 1691 468 1738 Latmius
496 1691 778 1755 Endymion
803 1708 900 1738 non
927 1699 1003 1738 est
1026 1692 1133 1748 tibi,
1163 1691 1318 1747 Luna,
1341 1690 1534 1745 rubori;

312 1768 419 1815 Nee
448 1768 702 1831 Cephalus
728 1785 880 1816 roseae
906 1769 1074 1832 praeda
1097 1769 1333 1833 pudenda
1359 1768 1497 1815 Deae.

248 1845 317 1892 Ut
340 1844 538 1900 Veneri,
567 1861 716 1908 quem
741 1846 878 1908 luget
902 1845 1080 1901 adhuc,
1108 1846 1319 1892 donetur
1343 1843 1561 1901 Adonis3

314 1921 461 1969 Unde
487 1922 638 1969 habet
661 1922 852 1970 AEnean
875 1922 1282 1986 Harmonienque
1307 1921 1456 1969 suos?
1568 1922 1629 1968 86

286 2051 339 2081 68.
366 2050 434 2079 Hac
460 2051 531 2080 mihi
555 2051 590 2080 tle
615 2051 730 2092 spiam]
758 2051 902 2082 Imitatus
1012 2054 1063 2083 81.
1093 2053 1220 2083 Faciunt
1245 2053 1377 2082 breviora
1391 2053 1528 2091 juventae
1546 2048 1629 2079 Tem·

244 2106 350 2130 auctor
364 2098 604 2139 Epigrammatis
620 2099 649 2129 in
667 2100 794 2131 Anthol.
810 2100 864 2131 lib.
878 2100 901 2131 i.
966 2103 1069 2143 parm]
1097 2103 1219 2132 Senioru
1242 2101 1363 2142 Regius
1389 2110 1459 2131 cum
1483 2098 1630 2129 Politiani

244 2158 313 2189 caP·
329 2157 356 2177 C·
372 2157 444 2188 l'ag·
466 2148 536 2177 176.
968 2152 1133 2192 excerptis,
1157 2151 1256 2192 prima
1277 2149 1426 2185 editione,
1444 2154 1474 2180 et
1490 2147 1628 2190 quinque

287 2197 330 2227 Τὸ
343 2193 441 2236 ῥόδον
451 2195 580 2236 ἀκμάζει
591 2195 690 2235 βαιὸν
703 2197 838 2239 χρόνον.
858 2198 902 2236 ἦν
968 2200 1100 2242 scriptis.
1117 2200 1159 2230 nil
1176 2206 1272 2230 muto.
1298 2199 1469 2229 Hmssws.
1508 2197 1631 2228 Seniora

371 2243 402 2274 δὲ
419 2243 580 2286 παρέλθῃ,
968 2248 1062 2279 etiam
1101 2248 1278 2279 bernensis.
1314 2259 1399 2278 senes
1437 2246 1628 2288 adjectivum

329 2295 442 2330 Ζητῶν
466 2292 609 2334 εὑρήσεις
631 2293 669 2323 οὐ
690 2292 799 2334 ῥόδον,
813 2294 903 2325 ἀλλὰ
969 2308 1036 2328 esse
1057 2297 1180 2338 egregie
1204 2296 1338 2327 ostendit
1355 2294 1569 2326 Broukhusius
1591 2293 1630 2324 ad

370 2340 491 2380 βάτον.
741 2344 858 2373 anM.
969 2346 1073 2376 Tibul.
1090 2345 1111 2375 i.
1130 2345 1181 2375 vii.
1198 2346 1249 2375 88.
1296 2345 1411 2375 Brun.

292 2389 357 2419 Huc
381 2391 451 2419 mihi
477 2392 513 2420 de
536 2392 631 2430 spina,
654 2390 732 2430 &c.]
763 2392 904 2423 Suaviter
1014 2395 1067 2425 86.
1095 2394 1347 2434 Harmoniamque
1367 2392 1494 2432 Venus]
1520 2392 1571 2422 Sic
1586 2392 1630 2422 le-

245 2437 411 2468 admodum
438 2438 468 2468 in
494 2438 574 2469 hanc
599 2439 787 2470 sententiam
802 2441 903 2471 Theo—
970 2442 1107 2483 gendum
1122 2453 1156 2473 ex
1170 2442 1258 2473 bonis
1274 2442 1359 2473 libris
1373 2447 1404 2472 et
1413 2446 1552 2472 veterum
1568 2447 1630 2471 tes-

246 2487 315 2517 crit·
333 2487 427 2528 ldyll·
446 2488 531 2518 xxiii·
547 2490 675 2518 28—32
690 2501 695 2518 :
971 2491 1108 2527 timonio,
1124 2497 1155 2522 et
1171 2491 1310 2532 inprimis
1333 2491 1460 2522 Hesiodi
1484 2490 1515 2520 in
1530 2490 1631 2520 Theo·

292 2537 353 2566 Καὶ
369 2538 406 2566 τὸ
420 2535 517 2576 ῥόδον
527 2537 631 2568 καλόν
642 2537 718 2573 ἐστι,
730 2540 783 2569 καὶ
799 2538 816 2570 ὁ
828 2540 901 2580 χρὸ-
970 2540 1074 2581 gonia,
1096 2541 1148 2571 uhi
1174 2539 1259 2570 canit
1286 2541 1420 2570 Martem
1447 2550 1484 2570 ex
1510 2540 1632 2570 Venere

328 2596 384 2620 νος
399 2585 480 2615 αὐτὸ
493 2585 652 2626 μαραίνει.
972 2589 1171 2619 Harmoniam
1182 2588 1352 2629 suscepisse
1366 2601 1374 2626 ς
1390 2588 1463 2619 item
1476 2588 1631 2623 Pliobum,

289 2634 351 2664 Kal
362 2632 483 2670 κάλλος
493 2635 595 2665 καλόν
608 2634 673 2666 ἐστι
691 2637 728 2666 τὺ
739 2633 900 2671 παιδικὸν,
968 2643 998 2667 et
1017 2637 1155 2667 Dimum.
1200 2637 1239 2666 Et
1255 2636 1408 2667 Coluthus
1423 2636 1476 2671 ait,
1492 2634 1628 2676 καὶἌρ-

330 2680 400 2712 ἀλλ’
419 2682 534 2722 ὀλίγον
550 2683 601 2723 ζῇ.
743 2683 858 2715 Ama.
967 2685 1084 2726 μονίης
1097 2684 1278 2726 Ἀφροδίτη.
1303 2686 1483 2716 (norimus.
1508 2685 1631 2714 Hermo-
