1760 3172
332 177 423 218 EX
456 176 666 218 PONTO
700 175 819 216 LIB.
855 174 917 215 ΙΙ.
953 175 1144 216 EPIST.
1179 175 1268 215 III.

1404 176 1489 215 409

513 316 945 365 EPISTOLA
985 316 1083 364 III.

656 439 938 480 MAXIMO.

107 527 374 583 MAXIME,
403 526 488 589 qui
512 525 656 573 claris
682 541 861 572 nomen
886 523 1149 571 virtutibus
1176 540 1360 587 aequaS,

173 604 282 651 Nec
309 603 426 650 sinis
452 603 704 665 ingenium
729 601 992 659 nobilitate,
1013 600 1198 664 premi3

108 680 255 728 Culte
275 681 410 737 mihi,
430 680 574 743 (quid
594 680 725 727 enim
747 686 906 727 status
923 679 1002 725 hic
1029 694 1057 725 a
1081 677 1251 725 funere
1271 678 1488 740 differt?)

173 758 474 821 Supremum
499 757 608 804 vitae
634 765 830 821 tempus
857 757 919 804 ad
944 772 1104 819 usque
1137 772 1287 803 meae:

109 835 235 883 Rem
259 835 396 892 facis,
424 835 679 882 adflictum
705 851 804 881 non
830 840 1083 881 aversatus
1110 834 1340 889 amicum,
1459 838 1488 880 5

173 911 286 966 Qua
309 929 408 960 non
430 919 507 959 est
531 928 634 958 aevo
659 911 809 958 rarior
833 911 934 957 ulla
957 918 1061 957 tuo.

107 989 272 1053 Turpe
297 989 500 1052 quidem
521 988 675 1044 dictu,
703 989 807 1043 sed,
837 987 876 1034 si
902 987 1049 1033 modo
1072 1002 1188 1034 vera
1212 986 1438 1043 fatemur,

169 1067 361 1129 Vulgus
387 1066 629 1114 amicitias
655 1066 868 1113 utilitate
894 1066 1092 1129 probat.

109 1143 243 1190 Cura
266 1144 388 1206 quid
414 1143 650 1207 expediat
674 1143 809 1206 prius
829 1149 922 1199 est,
946 1159 1096 1205 quam
1116 1142 1236 1205 quid
1257 1143 1321 1190 sit
1338 1143 1488 1189 hone-

174 1220 241 1268 Et
260 1238 375 1268 cum
399 1221 594 1268 fortuna
619 1227 818 1284 statque
843 1220 1079 1283 caditque
1104 1220 1244 1267 fides,

1309 1222 1486 1282 [stum:

107 1297 216 1346 Nec
240 1297 384 1346 facile
409 1298 628 1345 invenias
653 1298 823 1344 multis
849 1298 898 1343 in
924 1297 1143 1344 millibus
1170 1314 1339 1352 unum,
1433 1301 1484 1344 ll

171 1376 420 1423 Virtutem
444 1376 659 1440 pretium
685 1375 770 1438 qui
796 1382 937 1439 putet
962 1391 1071 1422 esse
1097 1375 1188 1421 sui.

106 1453 222 1517 Ipse
247 1454 411 1510 decor,
439 1461 572 1501 recte
598 1453 713 1500 facti
741 1452 1010 1516 sipraemia
1034 1452 1214 1507 desint,

171 1531 287 1578 Non
311 1538 571 1587 movet,³et
596 1530 748 1594 gratis
775 1530 982 1594 poenitet
1007 1545 1118 1577 esse
1144 1529 1369 1592 probum.

106 1607 207 1664 Nil,
224 1608 318 1656 nisi
338 1609 473 1672 quod
493 1609 713 1672 prodest,
732 1624 901 1655 carum
917 1614 994 1655 est
1012 1625 1021 1654 ;
1062 1607 1093 1662 i,
1111 1607 1317 1653 detrahe
1337 1606 1489 1653 menti

173 1686 327 1751 Spem
352 1685 541 1735 fructus
568 1685 743 1741 avidae,
766 1675 914 1732 'nemo
940 1684 1185 1747 petendus
1211 1683 1318 1730 erit.
1432 1686 1488 1730 16

104 1762 174 1810 At
197 1763 384 1810 reditus
403 1764 509 1826 jam
534 1764 749 1827 quisque
776 1779 890 1810 suos
917 1769 1065 1817 amat,
1087 1768 1138 1809 et
1163 1760 1255 1807 sibi
1283 1761 1403 1824 quid
1429 1761 1493 1807 sit

174 1839 326 1895 Utile,
354 1839 578 1886 sollicitis
605 1841 843 1903 subputat
869 1839 1106 1886 articulis.

105 1916 237 1965 Illud
262 1916 491 1970 amicitiae
518 1917 770 1980 quondam
794 1916 1076 1964 venerabile
1101 1931 1285 1962 numen

171 1979 466 2051 Prostat,·''et
490 1995 538 2041 in
566 2000 760 2058 quaestu
786 2011 874 2058 pro
899 1994 1159 2042 meretrice
1187 1993 1343 2040 sedet.
1428 1996 1492 2038 20

147 2140 178 2170 3.
204 2139 286 2174 Quid
313 2142 391 2170 enim
415 2147 511 2170 status
540 2141 587 2170 hic
611 2153 628 2170 α
645 2140 762 2182 sunere

105 2188 237 2230 differt]
264 2188 349 2226 Quid
369 2188 453 2218 enim
471 2189 538 2219 haec
558 2188 693 2219 conditio
709 2199 761 2220 ex-

105 2237 180 2268 sulis
196 2236 283 2267 aliud
299 2242 358 2274 est,
373 2247 468 2278 quam
483 2249 564 2268 mors
574 2238 716 2279 quaedam
732 2241 742 2268 3

149 2289 179 2317 5.
209 2286 280 2316 Non
303 2287 482 2326 aversatus]
513 2288 586 2317 Non
611 2287 764 2327 rejiciens.

106 2336 199 2365 MER.
244 2335 330 2365 Dum
355 2345 403 2366 me
429 2335 570 2376 quamvis
593 2337 763 2376 relegatum

106 2389 138 2414 et
166 2384 381 2415 calamitosum
410 2395 463 2426 pro
488 2385 588 2416 amico
613 2385 764 2426 agnoscis.

109 2433 213 2464 Pom.

152 2483 200 2512 12.
228 2483 375 2513 Virtutem
383 2485 525 2523 pretium,
542 2483 618 2524 δια]
635 2483 697 2519 Qui
712 2493 764 2514 ex-

103 2531 221 2562 istimet
235 2531 379 2563 virtutem
402 2543 469 2563 esse
487 2543 541 2573 per
564 2543 596 2562 se
617 2538 762 2574 expeten-

105 2581 188 2617 dam,
205 2592 265 2612 non
281 2587 384 2612 autem
400 2581 518 2623 praemii
534 2582 644 2623 gratia.

152 2632 201 2661 13.
226 2630 291 2669 Ipse
312 2632 396 2661 decor
420 2631 527 2671 reeta]
555 2631 627 2672 Ipsa
643 2630 764 2661 virtutis

106 2679 318 2721 pulchritudo.

149 2729 197 2758 14.
224 2728 356 2768 Gratis]
383 2728 512 2759 Sallust.
527 2728 607 2759 Hist.
626 2729 660 2758 I:
688 2728 765 2758 Nam

831 2141 879 2169 ulai
897 2140 1113 2177 rnalosprcemia
1128 2142 1305 2177 sequuntur,
1319 2137 1399 2166 hund
1415 2137 1492 2176 quis-

829 2200 917 2228 quam
930 2189 1067 2229 gratuito
1083 2189 1172 2217 bonus
1188 2192 1239 2216 esc.

879 2239 926 2268 16.
952 2238 1044 2267 Nemo
1057 2238 1203 2275 petendus
1218 2235 1301 2274 erit]
1327 2234 1429 2264 Nemo
1445 2235 1491 2263 in-

833 2288 970 2318 venietur
986 2287 1039 2327 qui
1056 2286 1130 2316 velit
1146 2285 1290 2315 virtutem
1307 2284 1421 2314 colere.

878 2338 925 2366 18.
955 2336 1111 2374 Cumputut
1139 2334 1306 2373 articulis]
1345 2334 1494 2372 Subpulat

832 2384 938 2426 scripti
956 2384 1106 2414 meliores.
1136 2383 1253 2412 mes.
1285 2383 1428 2411 Solliritis
1444 2393 1492 2411 m·-

834 2435 946 2463 ticulis.
975 2432 1092 2473 Digitis
1108 2431 1239 2462 hominis
1255 2430 1378 2460 solliciti
1394 2436 1423 2459 et
1440 2441 1493 2460 cu-

834 2483 903 2513 'riosi
916 2483 947 2512 in
963 2481 1189 2512 ratiocinando.
1234 2480 1271 2510 In
1287 2479 1393 2520 digitis
1409 2479 1492 2510 enim

835 2530 1026 2573 computatio
1041 2530 1104 2561 fieri
1120 2530 1250 2560 solebat.

876 2583 926 2611 20.
954 2580 1102 2620 Prostan]
1130 2579 1251 2610 Venale
1274 2584 1321 2608 est
1341 2583 1491 2618 tanquam

834 2629 973 2660 meretrix
990 2642 994 2658 :
1022 2640 1082 2659 nou
1099 2628 1181 2658 enim
1202 2627 1341 2657 homines
1356 2626 1494 2657 amicitia

836 2678 932 2714 ducti,
959 2678 1073 2708 amicos
1099 2677 1230 2718 eligunt,
1259 2676 1313 2706 sed
1338 2674 1471 2706 utilitate
1485 2688 1492 2713 ,ι

835 2733 865 2759 et
881 2738 916 2758 eo
932 2733 1025 2768 pacto
1040 2727 1184 2758 videntur
1201 2724 1367 2757 amicitiam
1384 2724 1493 2766 prosti-
