1760 3172
369 189 677 233 TRISTIUM
709 173 835 230 LIBss
865 187 902 228 Ι.
936 187 1118 229 ELEG.
1150 187 1289 229 VIII.
1440 188 1525 229 171

137 305 315 369 quue,
342 305 477 369 quod
502 304 659 368 ignoti
684 303 891 359 faciunt,
916 301 1198 350 valedicere
1223 303 1417 358 saltem,

204 381 269 429 Et
291 398 465 429 vocem
490 381 662 445 populi
687 379 993 445 publicaque
1019 395 1106 443 ora
1131 379 1309 442 sequi?

136 457 373 521 Denique>
394 458 630 520 lugubres
654 457 839 512 vultus,
866 470 1226 518 nunquamque
1250 455 1492 503 videndos

204 534 423 582 Cernere
449 550 698 598 supremo,
725 534 845 580 dum
871 532 1130 595 licuitque,
1158 533 1273 580 die?

138 610 524 673 Dicendumque
548 610 703 658 semel
727 616 833 656 toto
860 625 959 656 non
984 608 1197 672 amplius
1224 625 1328 656 aevo
1464 612 1527 656 25

202 686 465 751 Accipere,
493 693 544 734 et
568 685 711 749 parili
736 685 945 732 reddere
969 701 1107 740 voce,
1134 686 1276 733 vale?

136 763 205 811 At
228 764 391 813 fecere
417 764 500 812 alii
524 764 662 810 nullo
688 763 809 809 mihi
829 762 1015 809 foedere
1034 762 1230 824 juncti,

204 841 272 888 Et
296 843 543 905 lacrymas
567 840 719 888 animi
746 840 889 902 signa
915 839 1099 886 dedere
1125 839 1219 886 sui.

137 918 303 973 Quid?
340 919 436 966 nisi
461 918 692 966 convictu
717 918 984 980 causisque
1007 917 1289 964 valentibus
1316 933 1480 965 essem

204 996 464 1060 Temporis
490 1003 542 1044 et
566 995 701 1058 longi
724 995 923 1042 vinctus
950 1010 1118 1041 amore
1137 994 1263 1041 tibi?
1294 1037 1302 1040 ,
1466 997 1530 1041 30

138 1072 305 1127 Quid?
343 1073 438 1121 nisi
463 1079 539 1120 tot
562 1073 701 1119 lusus
728 1078 779 1119 et
803 1078 879 1119 tot
903 1086 1017 1118 mea
1041 1071 1171 1118 seria
1195 1087 1385 1126 nosses,

204 1149 301 1197 Tot
325 1166 523 1197 nossem
549 1151 688 1197 lusus
714 1148 944 1212 seriaque
970 1148 1078 1211 ipse
1104 1148 1224 1195 tua?

138 1226 306 1282 Quid?
344 1227 383 1273 si
410 1227 657 1274 duntaxat
684 1226 859 1272 Romae
885 1225 1005 1272 mihi
1032 1224 1263 1287 cognitus
1288 1241 1446 1281 esses,

203 1303 443 1351 Adscitus
467 1303 616 1351 toties
641 1304 692 1350 in
717 1319 874 1366 genus
899 1319 1046 1350 omne
1071 1302 1198 1349 loci?

139 1380 402 1428 Cunctane
428 1380 478 1427 in
503 1396 762 1444 aequoreos
788 1380 1020 1427 abierunt
1044 1379 1181 1427 irrita
1204 1379 1414 1426 ventos?
1468 1383 1531 1427 35

206 1457 468 1504 Cunctane
495 1456 712 1504 Lethaeis
738 1473 903 1503 mersa
921 1455 1145 1503 feruntur
1169 1456 1347 1519 aquis?

141 1534 256 1581 Non
282 1549 375 1596 ego
400 1540 452 1581 te
476 1534 678 1597 placida
702 1533 926 1596 genitum
953 1549 1061 1580 reor
1085 1534 1207 1580 urbe
1235 1533 1446 1590 Quirini,

207 1610 363 1667 Urbe,
392 1627 504 1658 meo
530 1627 642 1674 quae
663 1613 768 1674 jam
794 1627 892 1658 non
919 1610 1152 1657 adeunda
1175 1611 1305 1673 pede
1331 1618 1435 1667 est;

139 1687 242 1735 Sed
268 1688 505 1751 scopulis,
533 1688 683 1735 Ponti
709 1703 836 1751 quos
862 1688 969 1734 haec
994 1687 1148 1734 habet
1174 1703 1260 1734 ora
1285 1687 1489 1744 sinistri,

205 1763 368 1827 Inque
393 1763 508 1811 feris
538 1764 760 1828 Scythiae
789 1763 1185 1827 Sarmaticisque
1206 1764 1371 1827 jugis:
1468 1767 1533 1812 40

140 1842 206 1890 Et
228 1849 315 1890 tua
342 1850 458 1890 sunt
483 1843 637 1890 silicis
663 1843 850 1890 circum
876 1842 1152 1906 praecordia
1174 1858 1331 1898 venae,

206 1918 273 1966 Et
296 1918 511 1982 rigidum
536 1919 650 1967 ferri
676 1920 868 1967 semina
891 1926 1069 1983 pectus
1094 1919 1310 1967 habent:

183 2110 232 2131 vv.
251 2101 305 2136 21,
329 2100 382 2130 22.
406 2099 563 2131 Wakkero
583 2100 679 2143 spurii
694 2100 804 2131 viden·
873 2100 1007 2131 Ovidius
1022 2105 1131 2131 ventos
1145 2097 1224 2131 dicit
1244 2111 1387 2141 aeqnoreos
1407 2110 1446 2131 ex
1468 2100 1535 2142 opi-

140 2154 199 2180 tur.
872 2149 963 2180 nione
979 2155 1136 2180 veterum:
1161 2160 1233 2180 nam
1249 2160 1340 2190 aquae
1357 2155 1443 2180 motu
1459 2160 1535 2180 ven—

182 2199 235 2229 22.
262 2198 302 2229 Et
328 2210 425 2229 vocem
451 2198 581 2238 populi]
618 2199 803 2240 Supremum
872 2204 918 2229 tos
934 2198 1043 2235 creari,
1058 2198 1101 2229 ait
1116 2198 1241 2229 Servius
1257 2198 1297 2229 ad
1310 2198 1399 2239 Virg.
1410 2198 1431 2229 i.
1448 2200 1499 2229 75.
1517 2209 1535 2229 a

140 2247 224 2279 salve
258 2254 290 2279 et
318 2248 389 2279 vale
419 2248 627 2279 conclamare.
673 2249 803 2279 BERSM.
872 2248 1114 2289 Verpoort.jam
1129 2247 1289 2278 laudatus.
1333 2248 1484 2279 HARLES.

142 2295 326 2337 Publicaque
339 2308 402 2333 ora,
420 2306 575 2328 sermones
590 2296 739 2327 omnium.
915 2298 968 2327 37.
987 2297 1115 2327 Placida
1130 2298 1203 2327 urbe
1221 2297 1374 2337 Quirini]
1401 2296 1535 2327 Romam

183 2346 235 2376 30.
259 2346 391 2377 June-tus
406 2347 531 2387 umora]
544 2344 646 2377 ¹Bene
662 2352 726 2388 opt.
742 2347 804 2377 Pa·
872 2346 1026 2387 designat,
1043 2346 1075 2376 in
1095 2357 1158 2387 qua
1180 2346 1320 2376 homines
1343 2356 1405 2376 non
1425 2357 1535 2383 saevos,

139 2394 194 2425 lat.
216 2401 248 2426 et
268 2406 348 2426 unus
368 2396 534 2427 Mediceus
557 2398 674 2426 vinctus
695 2407 803 2433 amore,
871 2396 925 2426 sed
943 2395 1044 2431 mites,
1061 2395 1145 2426 nasci
1160 2395 1266 2426 solitos
1281 2395 1393 2426 innuit.

140 2454 214 2475 nam
225 2444 458 2486 foederejuucti
475 2445 568 2487 paulo
584 2451 655 2476 ante
670 2455 803 2487 praeces-
915 2446 967 2474 41.
992 2445 1094 2474 Silicis
1118 2445 1223 2484 venatu]
1252 2444 1293 2475 Et
1308 2451 1389 2475 stant
1407 2455 1534 2475 marmo-

139 2499 232 2524 serat.
277 2494 394 2524 HEINS.
872 2505 921 2524 ¹reo
942 2495 1069 2524 membra
1089 2500 1212 2533 perusta
1229 2494 1311 2534 gelu.
1356 2494 1397 2523 Et
1421 2494 1536 2525 Noster

184 2544 236 2574 34.
261 2544 401 2573 Adscitus
430 2544 512 2573 toties
539 2545 572 2574 in
601 2555 696 2585 genus
721 2555 803 2574 omne
871 2542 903 2573 in
919 2543 999 2573 Met.
1016 2542 1058 2572 ix.
1076 2553 1157 2572 vers,
1175 2542 1258 2573 615:
1285 2542 1348 2572 Nec
1370 2544 1483 2584 rigidos
1497 2545 1535 2574 si-

130 2592 225 2632 ιφὀειζ]
253 2592 334 2633 Lege
353 2594 419 2628 Ioci,
432 2602 503 2622 cum
519 2592 625 2623 multis
641 2600 800 2632 veterum3
871 2592 1120 2626 Iices‚soliclwnre
1133 2593 1162 2620 in
1176 2591 1436 2632 pectorej'ewrum,
1450 2595 1535 2633 Σαρ-

142 2640 268 2682 dejocis
284 2646 315 2671 et
334 2640 496 2682 seriisjam
513 2647 585 2672 ante
599 2648 716 2682 egerat.
871 2643 899 2671 κὶ
916 2640 1055 2681 σιδηρείῃ
1072 2639 1281 2680 σφυρήλατος
1294 2641 1344 2670 οἶα
1360 2640 1534 2680 κολοσσός;

184 2691 236 2720 35.
262 2689 299 2720 Iu
315 2701 459 2730 aequoreos
481 2691 609 2731 ventos]
638 2690 677 2721 In
693 2692 804 2721 AEnlios
870 2690 1001 2720 Theocr.
1019 2689 1113 2730 Idyll.
1129 2689 1183 2723 22,
1201 2688 1242 2719 de
1258 2689 1391 2731 Amyco.

142 2737 369 2781 Rottendorph.
408 2749 462 2780 pro
499 2739 623 2770 diversa
658 2739 803 2771 lectione.
