1760 3172
209 147 294 189 314
594 146 643 188 Ρ.
678 147 889 189 OVlDll
924 149 1202 192 NASONIS

214 262 386 318 Parce,
404 277 599 325 precor3
630 263 984 326 minimamque
999 271 1083 311 tuo
1099 266 1161 312 de
1177 265 1379 315 fulmine
1396 276 1586 331 partem

279 339 464 386 Deme:
505 339 625 386 satis
651 356 824 403 poenae,
853 341 986 403 quod
1011 343 1279 405 superabit,
1307 345 1412 392 erit.

210 416 290 462 Ira
313 416 515 478 quidem
541 417 795 463 moderata
819 423 904 463 tua
930 424 1020 472 est,
1048 418 1301 482 vitamque
1327 422 1536 479 dedisti3

276 492 384 540 Nec
410 493 527 539 mihi
547 495 629 556 jus
655 493 790 549 civis,
820 510 910 541 nec
936 495 1054 541 mihi
1081 512 1258 544 nomen
1285 499 1452 546 abest:
1524 503 1584 547 56

209 569 317 617 Nec
343 586 454 617 mea
477 586 716 618 concessa
739 579 816 618 est
840 572 948 618 aliis
973 571 1197 631 fortuna;
1217 567 1328 622 suec
1355 576 1497 623 exsul

275 647 439 694 Edicti
462 649 624 695 verbis
649 648 873 696 nominor
899 649 1004 713 ipse
1032 650 1121 698 tui.
1190 642 1197 647 ’

209 724 490 788 Omniaque
516 726 622 773 haec
648 726 804 781 timui,
829 727 947 789 quia
967 743 1045 774 me
1066 729 1305 776 meruisse
1326 729 1579 778 videbam:

274 802 374 849 Sed
399 809 484 848 tua
509 810 716 866 peccato
742 802 897 850 lenior
922 804 993 850 ira
1017 820 1127 852 meo
1153 812 1245 852 est.
1521 810 1584 854 60

205 878 336 926 Arva
360 879 630 941 relegatum
651 880 845 943 jussisti
870 881 1027 929 visere
1054 882 1218 938 Ponti,

273 955 338 1002 Et
365 956 655 1020 Scythicum
682 958 889 1021 profuga
915 959 1100 1007 findere
1125 976 1293 1024 puppe
1317 960 1514 1008 fretum.

204 1032 233 1079 J
240 1050 400 1090 ussus,
425 1035 487 1080 ad
516 1033 699 1081 Euxini
725 1035 963 1082 deformia
987 1036 1131 1083 litora
1154 1037 1264 1084 veni

272 1110 502 1173 AEquoris
521 1100 678 1159 :shaec
705 1113 870 1175 gelido
896 1121 1026 1161 terra
1050 1116 1142 1161 sub
1168 1131 1262 1162 axe
1282 1116 1432 1177 jacet.

205 1187 311 1235 Nec
338 1204 416 1235 me
441 1184 542 1236 tam
568 1191 757 1238 cruciat
782 1208 1037 1255 nunquam
1064 1193 1169 1240 sine
1188 1192 1366 1254 frigore
1388 1193 1582 1248 coelum,

271 1265 531 1329 Glebaque
557 1269 752 1315 canenti
779 1285 974 1333 semper
999 1271 1178 1317 obusta
1202 1270 1332 1332 gelu,
1521 1274 1581 1318 66

203 1341 249 1387 N
256 1343 489 1405 esciaque
515 1351 591 1391 est
614 1345 747 1392 vocis
775 1347 908 1412 quod
934 1347 1145 1394 barbara
1168 1346 1338 1408 lingua
1364 1345 1568 1403 Latinae,

269 1419 521 1483 Graiaque
546 1424 679 1484 quod
707 1423 885 1471 Getico
909 1426 1039 1472 victa
1064 1425 1265 1488 loquela
1290 1441 1426 1480 sono,

202 1495 363 1550 Quam
380 1499 515 1561 quod
525 1499 733 1547 finitimo
750 1500 942 1548 cinctus
960 1517 1155 1565 premor
1167 1501 1387 1564 undique
1400 1500 1579 1557 Marte,

267 1573 466 1637 Vixque
491 1576 652 1623 brevis
676 1584 839 1624 tutum
865 1594 1034 1625 murus
1060 1579 1122 1625 ab
1148 1578 1289 1625 hoste
1314 1577 1445 1625 facit.
1520 1582 1582 1625 70

202 1649 311 1697 Pax
335 1658 502 1699 tamen
527 1652 791 1710 interdum,
820 1654 957 1718 pacis
983 1654 1165 1701 fiducia
1189 1670 1442 1717 nunquam
1467 1662 1570 1702 est:

268 1728 351 1776 Sic
377 1745 507 1777 nunc
532 1730 612 1777 hic
637 1732 837 1795 patitur,
864 1749 994 1779 nunc
1020 1732 1162 1780 timet
1187 1747 1337 1786 arma,
1364 1732 1518 1778 locus.

197 1925 254 1957 tibi
277 1926 469 1968 promissum.
515 1929 576 1959 Pro
602 1936 703 1969 pacta,
726 1929 758 1961 in
783 1931 851 1972 qui-

196 1976 328 2007 busdam
340 1984 452 2016 parta:
476 1982 641 2019 utrumque
656 1984 786 2010 rectum.

240 2025 339 2067 Atqui
357 2032 445 2066 pacta
466 2027 629 2058 sublimius
645 2028 719 2058 mihi
735 2029 853 2060 dictum

199 2073 331 2109 videtur,
348 2085 441 2116 quam
455 2082 556 2114 parta.
601 2077 747 2107 HARLES.

240 2124 291 2154 54.
317 2124 403 2158 Quod
417 2125 593 2165 super-abin]
625 2126 784 2165 Superare,
803 2137 853 2156 su-

197 2183 329 2214 peresse,
346 2177 469 2203 restare.

241 2222 292 2252 57.
317 2222 380 2252 Nec
400 2233 462 2252 mea
482 2233 614 2253 concessa
635 2229 675 2253 est
696 2224 765 2253 aliis
778 2222 850 2264 for-

197 2271 301 2311 tamn]
329 2272 397 2301 Nee
420 2271 495 2301 mihi
519 2271 656 2302 fortunas
674 2282 758 2302 meas
781 2271 854 2302 ade-

196 2319 252 2350 mit
279 2320 456 2361 Augustus;
490 2320 573 2362 quod
603 2321 762 2351 exsulibus
790 2321 854 2351 fieri

197 2368 329 2398 solebat.

239 2418 293 2448 63.
319 2417 502 2459 Deformia]
529 2417 616 2447 Litus
629 2418 748 2459 proprie
764 2417 855 2448 maris

195 2472 263 2504 est;
288 2466 355 2508 ripa
375 2466 520 2497 fluminis.
566 2467 727 2497 Interdum
745 2466 848 2509 adpel-

194 2515 276 2546 latur
290 2515 374 2551 litus,
390 2515 471 2557 quod
483 2516 575 2557 juxta
592 2526 704 2557 aquarn
721 2521 777 2546 est.

239 2566 291 2595 64.
323 2565 429 2596 Gelido
456 2566 508 2596 sab
536 2565 616 2605 axa]
653 2564 852 2606 Septemtrio-

197 2613 269 2644 nali.

237 2664 288 2693 66.
314 2663 443 2694 Canenti
455 2662 553 2704 gelra]
579 2662 732 2694 Canentia
744 2661 855 2703 frigora

197 2711 269 2742 alibi
289 2711 472 2753 adpellavit,
495 2712 576 2753 quod
599 2712 687 2754 quasi
708 2711 853 2743 canitiem

921 1936 1008 1961 terrae
1030 1928 1192 1959 inducant.
1240 1928 1362 1964 obusta,
1382 1926 1455 1970 quia
1475 1934 1506 1959 et
1529 1928 1581 1959 fri-

921 1989 979 2020 gus
993 1988 1080 2009 urere
1094 1977 1218 2008 dicitur.

964 2029 1015 2058 68.
1033 2027 1185 2067 Graiaque
1201 2029 1276 2067 φησι]
1294 2026 1426 2066 Getica]
1451 2026 1580 2068 Propter

921 2076 1046 2107 colonos
1064 2087 1080 2107 e
1096 2075 1221 2107 Graecia
1243 2086 1278 2106 eo
1302 2075 1464 2106 deductos.
1492 2075 1578 2106 Victa

922 2127 1037 2167 loquela
1061 2137 1127 2156 sono
1156 2132 1206 2155 est.
1261 2125 1410 2155 Meliores
1438 2124 1578 2166 plerique

910 2178 1045 2215 j1mcta5
1071 2174 1122 2205 alii
1145 2173 1285 2204 nonnulli
1302 2184 1372 2204 cum
1388 2173 1497 2216 priscis
1513 2173 1578 2203 edi-

922 2224 1056 2255 tionibus
1074 2226 1172 2253 mista.
1210 2222 1277 2253 Nos
1292 2233 1395 2253 veram
1412 2221 1578 2253 lectionem

922 2273 1136 2304 exhibuimus:
1163 2271 1206 2302 sic
1224 2272 1303 2302 infra
1318 2272 1366 2302 El.
1383 2271 1434 2302 vii.
1451 2272 1488 2302 51
1504 2282 1510 2300 :

967 2322 1005 2352 ln
1032 2323 1135 2361 paucis
1163 2327 1277 2352 eistant
1312 2322 1421 2352 Graece
1454 2321 1577 2362 vestigia

1051 2372 1172 2411 lingum,

1009 2420 1080 2451 llaec
1102 2430 1212 2460 quoqne
1230 2422 1300 2459 jam
1324 2418 1428 2450 Getico
1450 2420 1577 2449 barbara

1036 2470 1129 2510 farta
1144 2480 1223 2499 sono.
1413 2468 1531 2497 HfflNs.

962 2518 1012 2547 70.
1041 2517 1285 2557 Brevismurns.]
1313 2516 1350 2546 Id
1367 2522 1423 2553 est,
1440 2515 1578 2551 humilis,

920 2577 980 2597 non
997 2566 1089 2602 altus,
1108 2566 1322 2607 ἁκυριῖιτερον.
1366 2566 1470 2596 Pom:

964 2617 1014 2646 71.
1043 2616 1258 2656 l’acisjiducia
1278 2614 1461 2655 mmquam]
1485 2614 1576 2645 Nun-

921 2675 1014 2707 quam
1030 2671 1115 2697 certa
1131 2671 1177 2696 est
1194 2675 1267 2706 pax.
