1760 3172
235 175 320 217 518

625 172 675 213 P.
706 170 917 213 OVIDII
942 170 1232 212 NASONIS

239 290 557 351 Finitumque
581 295 738 344 tuum,
766 287 806 333 si
832 302 928 333 non
955 286 1160 341 ratione,
1188 286 1407 334 dolorem

307 367 425 430 Ipsa
443 367 546 429 jam
571 364 763 428 pridem
789 361 1014 426 suspicor
1040 378 1149 409 esse
1175 378 1324 409 mora.

240 443 372 490 Dum
397 450 484 490 tua
508 441 745 506 pervenit,
766 441 884 488 dum
910 440 1053 486 litora
1076 446 1246 487 nostra
1270 455 1523 487 recurrens
1566 442 1622 485 15

305 520 401 568 Tot
424 519 577 567 maria
601 536 658 567 ac
684 526 838 566 terras
862 524 1102 581 permeat,
1131 533 1288 564 annus
1314 517 1433 564 abit.

239 597 495 661 Temporis
521 597 735 643 officium
760 594 935 642 solatia
958 594 1122 641 dicere
1147 593 1267 640 certi
1293 600 1396 649 est3

306 674 440 722 Dum
463 675 604 721 dolor
628 674 677 720 in
702 689 850 720 cursu
874 678 967 727 est,
992 671 1112 718 dum
1137 670 1263 734 petit
1287 686 1417 732 aeger
1441 685 1603 733 opem.

236 751 304 798 At
327 768 481 815 quum
505 751 653 814 longa
676 749 782 797 dies
809 748 1000 796 sedavit
1023 748 1228 794 vulnera
1251 746 1447 801 mentis,

307 827 662 893 Intempestive
688 827 773 891 qui
798 825 929 873 fovet
952 826 1051 882 illa,
1079 831 1240 872 novat.

1560 825 1624 867 20

238 905 384 953 Adde
404 906 555 969 quod,
573 913 724 968 atque
744 904 933 951 utinam
949 902 1117 950 ver'um
1137 902 1227 949 tibi
1241 901 1429 949 venerit
1449 915 1592 947 omen
1611 899 1621 944 !

307 983 552 1047 Conjugio
576 983 694 1031 felix
713 983 817 1045 jam
842 988 982 1046 potes
1007 996 1117 1028 esse
1142 996 1283 1027 novo.

638 1326 1072 1374 EPISTOLA
1120 1325 1242 1372 XII.

736 1471 762 1496 ’κ’
791 1469 1132 1511 TUTICANO.

241 1595 360 1649 Quo
388 1595 550 1642 minus
575 1596 625 1642 in
650 1595 830 1642 nostris
855 1594 1069 1658 ponaris,
1098 1594 1272 1649 amice,
1299 1593 1496 1649 libellis,

309 1671 537 1720 Nominis
563 1672 771 1720 efficitur
795 1671 1077 1719 conditione
1101 1671 1188 1718 tui.

287 1793 335 1823 15.
360 1792 443 1822 Dum
459 1792 541 1833 tua-J
567 1792 720 1834 Epistola.
765 1793 847 1823 Dum
863 1793 899 1823 li-

243 1849 307 1872 tora
318 1849 419 1872 nostra
434 1853 602 1874 recurrens.
638 1842 678 1873 Id
692 1848 749 1879 est,
760 1842 800 1874 ad
810 1842 902 1873 litora

241 1896 364 1930 nostra;
387 1890 430 1922 sic
446 1890 535 1933 Virg.
550 1903 580 1923 v.
594 1902 658 1923 ver.
672 1893 735 1923 235
748 1905 754 1922 :

285 1967 340 2003 Di,
355 1968 459 2008 quibus
480 1969 637 2008 imperium
648 1970 761 2010 pelagi,
776 1980 901 2009 quorum

325 2027 442 2056 (equora
454 2027 555 2047 curro.

288 2083 339 2114 16.
373 2084 481 2114 Annus
508 2083 597 2123 abit]
631 2083 682 2114 Sic
708 2084 852 2119 dicimus,
874 2087 898 2115 it

242 2133 287 2163 vel
306 2133 367 2162 abit
389 2134 459 2163 dies.
504 2133 555 2163 Sol
568 2134 630 2164 abit
645 2134 751 2164 Plaut.
766 2134 899 2164 Mercat.

242 2194 269 2213 v.
286 2192 347 2213 ver.
363 2183 394 2213 2.

283 2232 336 2262 20.
368 2231 488 2271 Fauen]
520 2230 551 2261 h.
573 2242 600 2262 e.
624 2231 713 2263 linire
737 2233 836 2273 cupit,
862 2243 900 2262 ex

240 2279 365 2321 ingenio
380 2279 511 2316 Heinsii,
528 2280 579 2321 qui
599 2281 738 2322 pluribus
753 2281 898 2312 illustrat.

241 2329 434 2371 Verpoorten
448 2329 557 2360 laudat
571 2330 751 2370 Symmach.
769 2330 796 2361 I.
811 2330 901 2372 epist.

244 2379 316 2409 100.
332 2379 437 2409 confer
451 2389 544 2420 supra
556 2379 599 2409 iii.
617 2380 646 2410 7.
662 2380 714 2410 25.
760 2379 900 2411 Fabricio

240 2426 361 2468 placuit
376 2427 469 2457 lectio
484 2427 516 2457 in
533 2428 601 2458 cod.
616 2429 730 2459 l'atav.
742 2431 793 2469 qui
806 2435 901 2459 monet

241 2476 289 2516 (n.
305 2476 538 2518 intempestive)
562 2477 627 2513 illa,
643 2484 734 2508 movet
756 2479 902 2519 (vulnera

241 2531 313 2556 ante
328 2525 466 2565 sedata.)
494 2535 497 2538 ·
512 2526 659 2557 Ennius.

284 2575 337 2604 21.
362 2575 458 2614 Atque
471 2577 589 2605 utinam
608 2587 707 2606 rerum
723 2577 776 2606 tibi
788 2577 901 2606 venerit

240 2622 351 2663 omem]
378 2622 482 2664 Atque
506 2623 623 2654 utinam
640 2635 745 2655 verum
767 2624 823 2655 tibi
845 2634 899 2654 au-

240 2670 362 2711 gurium
379 2672 528 2708 adferam,
546 2672 718 2703 nuntiando
739 2673 805 2704 haec
830 2684 898 2715 quae

239 2720 399 2760 subjungit
414 2726 514 2761 poeta.

1012 1792 1064 1823 22.
1090 1791 1239 1833 Conjugio
1262 1790 1360 1830 ποι-0.]
1398 1789 1507 1821 Altera
1535 1789 1631 1820 ducta

968 1852 1075 1873 uxore.

1014 1942 1030 1959 *
1046 1940 1246 1980 Turreno]
1273 1941 1322 1970 Aa
1336 1939 1517 1969 Tuticanum
1533 1949 1629 1977 unus3

972 1990 1152 2020 Uaticanum
1170 1989 1253 2027 duo;
1276 1987 1422 2018 Heinsius
1437 1987 1510 2018 olim
1525 1988 1630 2029 conje-

969 2044 1065 2074 cerat,
1084 2038 1246 2073 Tuditano,
1271 2036 1354 2078 quod
1381 2036 1630 2078 Semproniorum
1654 2043 1659 2048 ⁴

967 2098 1151 2129 cognomen,
1165 2087 1273 2117 Valer.
1311 2085 1447 2116 Maxim.
1471 2096 1530 2116 vn.
1555 2087 1585 2116 8.
1609 2085 1630 2116 i.

968 2136 1059 2173 Quod
1070 2147 1142 2167 vcro
1159 2135 1290 2166 nominis
1301 2134 1438 2166 conditio
1454 2145 1515 2166 non
1531 2134 1631 2177 patia-

968 2191 1017 2216 tur
1027 2191 1061 2216 ut
1075 2185 1240 2227 exprimat,
1252 2184 1362 2215 similis
1379 2190 1425 2215 est
1435 2184 1627 2216 Archestrati

968 2234 1128 2265 excusatio
1139 2244 1188 2275 ap.
1197 2234 1317 2264 Athen.
1330 2233 1381 2264 vii.
1393 2234 1423 2264 8.
1434 2234 1487 2275 qui
1498 2233 1628 2274 piscem,

969 2284 1001 2314 in
1019 2283 1169 2314 Maeotide
1190 2289 1220 2314 et
1236 2283 1335 2313 Ponto
1350 2277 1553 2324 frequentem,
1568 2294 1628 2314 non

968 2333 1116 2368 nominat,
1127 2332 1201 2373 quia
1213 2332 1246 2363 ἐν
1257 2331 1360 2373 μέτρῳ
1369 2332 1406 2362 οὐ
1420 2330 1506 2373 Θέμις
1514 2332 1628 2363 εἰπεῖν.

969 2383 1084 2412 Buri-u.
1108 2381 1200 2413 Adde
1216 2387 1247 2413 et
1262 2380 1484 2423 Equotuticum
1497 2381 1628 2413 Horatio

969 2431 1000 2461 in
1016 2430 1122 2462 itinere
1136 2430 1354 2461 Brundusiano
1369 2430 1558 2472 descriptum
1573 2441 1627 2472 po-

969 2479 1030 2510 tius
1045 2489 1140 2521 quam
1155 2479 1371 2520 designatum
1395 2479 1477 2520 quod
1500 2479 1626 2521 insuper

969 2539 1083 2559 nomen
1109 2528 1252 2570 prohibet
1278 2538 1316 2558 ne
1346 2528 1528 2559 Tuditanum
1554 2540 1625 2559 cum

970 2578 1098 2609 Heinsio
1114 2577 1309 2619 recipiamus.

1011 2628 1041 2657 2.
1067 2628 1241 2657 Condicione
1270 2628 1316 2657 ὶιιὶ
1344 2626 1498 2666 nominis-J
1538 2626 1625 2657 Sorte

969 2677 1012 2707 tui
1029 2675 1172 2710 nominis,
1188 2675 1270 2716 quod
1291 2686 1350 2705 non
1371 2680 1469 2716 potest
1489 2676 1520 2705 in
1537 2686 1626 2706 versu

968 2725 1038 2766 poni
1055 2724 1184 2765 syllabis
1196 2725 1452 2766 repugnantibus.
