1760 3172
163 181 248 223 216

161 295 391 344 Scribere
417 296 457 344 si
482 296 556 344 fas
580 305 658 344 est
682 298 934 345 imitantes
958 299 1124 362 turpia
1147 299 1341 355 mimos,

550 181 601 223 P.
635 181 849 224 OVIDII
883 182 1165 226 NASONIS

1449 303 1546 348 515

230 371 457 420 Materiae
484 375 643 421 minor
669 382 746 421 est
769 374 940 421 debita
963 390 1111 437 poena
1135 391 1274 423 meae.

160 448 240 495 An
267 465 424 511 genus
450 450 542 498 hoc
569 451 739 515 scripti
766 451 955 498 faciunt
981 468 1070 499 sua
1094 453 1290 515 pulpita
1314 460 1494 509 tutum,

230 524 479 589 Quodque
504 527 641 582 libet,
670 527 832 574 mimis
860 543 1012 574 scena
1034 527 1183 575 licere
1208 529 1380 576 dedit?

162 600 227 648 Et
251 619 363 650 mea
387 611 503 650 sunt
526 604 712 667 populo
739 604 917 650 saltata
942 611 1176 667 poemata
1200 621 1361 668 saepe3

228 678 375 743 Saepe
400 681 570 727 oculos
596 681 745 728 etiam
770 681 1029 729 detinuere
1055 689 1186 729 tuos.

1457 685 1555 730 520

162 754 383 811 Scilicet,
411 756 461 802 in
486 756 716 803 domibus
742 757 918 804 vestris
943 765 998 804 ut
1021 758 1187 821 prisca
1209 758 1421 806 virorum

225 832 419 880 Artifici
443 833 636 896 fulgent
661 850 870 898 corpora
895 835 1032 898 picta
1056 851 1208 882 manu
1228 853 1238 892 ;

162 908 245 956 Sic
273 925 385 972 quae
411 911 707 958 concubitus
732 911 909 967 varios,
937 911 1249 974 Venerisque
1273 911 1456 973 figuras

229 985 508 1050 Exprimat,
537 995 615 1034 est
639 988 807 1051 aliquo
833 1003 985 1051 parva
1009 988 1194 1035 tabella
1217 989 1356 1036 loco:

163 1061 335 1126 thue
362 1064 506 1112 sedet
528 1065 667 1111 vultu
694 1064 855 1112 fassus
881 1063 1202 1112 Telamonius
1229 1065 1366 1121 iram,

1455 1068 1552 1113 525

226 1139 388 1203 Inque
413 1141 568 1188 oculis
594 1141 785 1188 facinus
812 1142 1022 1189 barbara
1044 1151 1203 1191 mater
1227 1142 1406 1190 habet:

160 1215 244 1263 Sic
270 1217 498 1264 madidos
525 1219 680 1265 siccat
705 1219 875 1281 digitis
900 1219 1073 1267 Venus
1098 1219 1198 1266 uda
1222 1220 1446 1283 capillos,

226 1292 293 1340 Et
316 1295 463 1342 modo
488 1296 725 1343 maternis
751 1303 887 1343 tecta
910 1297 1106 1344 videtur
1130 1296 1291 1359 aquis.

160 1371 305 1419 Bella
329 1380 508 1420 sonant
532 1374 614 1421 alii
639 1373 753 1421 telis
779 1374 1024 1422 instructa
1047 1373 1284 1429 cruentis,

222 1448 450 1512 Parsque
474 1450 546 1497 tui
572 1451 783 1512 generis,
806 1467 920 1515 pars
944 1458 1032 1499 tua
1055 1451 1188 1499 facta
1211 1458 1410 1498 canunt.
1451 1453 1549 1498 530

155 1645 261 1682 Silius,
278 1645 333 1677 lib.
349 1647 402 1678 xii.
418 1648 492 1679 565.
508 1659 577 1690 sqq.
589 1648 628 1680 de
639 1649 819 1681 Hannibale

156 1694 291 1726 Romam
307 1696 471 1728 obsidente
484 1709 491 1727 :

200 1745 294 1775 Nunc
320 1748 422 1777 aditus
447 1748 569 1783 lustrat,
594 1748 712 1779 clausas
737 1760 820 1779 nunc

241 1796 361 1833 cuspide
373 1797 477 1834 pulsat

199 1841 317 1884 Infesta
326 1844 634 1886 p01·tas,fruiturque
649 1846 753 1875 timore
766 1857 820 1885 pa·

242 1892 381 1922 ventam.-

199 1939 293 1970 Nunc
310 1942 409 1972 lentus
421 1941 505 1972 celsis
517 1943 639 1973 adstans
652 1944 684 1972 in
695 1943 819 1973 collibus

241 1990 340 2019 intrat

203 2037 311 2068 Urbem
326 2039 430 2068 oculis.

197 2087 272 2118 517.
296 2087 358 2116 Sua
373 2086 524 2127 pulpita]
551 2087 631 2124 Quae
645 2094 733 2118 erant
745 2094 817 2119 ante

153 2146 291 2172 scenam,
327 2136 381 2166 ubi
419 2136 543 2167 ludicra
573 2137 818 2177 exercebantur3

153 2184 226 2215 vide
244 2185 450 2216 Philandrum
471 2185 504 2216 in
524 2185 714 2222 Vitruvium,
738 2186 816 2217 libro

154 2245 184 2264 v.
201 2244 271 2275 cap.
287 2235 319 2264 6.

656 2039 774 2070 Hiems.

196 2283 270 2314 519.
295 2283 372 2314 Sunt
393 2283 530 2324 popula]
557 2287 630 2315 Non
651 2293 669 2314 a
688 2283 814 2326 populo,

152 2332 207 2363 sed
233 2333 273 2363 ad
295 2333 518 2364 delectandum
540 2333 700 2375 populum,
718 2338 754 2364 ut
776 2333 815 2364 sit

153 2382 250 2413 dativi
267 2392 368 2413 casus.

196 2432 270 2462 523.
295 2431 344 2462 Sic
359 2443 421 2472 quae
442 2433 627 2467 concubitus,
644 2431 721 2472 δια]
749 2431 815 2462 Ob-

154 2490 242 2511 scure
281 2480 330 2511 hic
365 2480 511 2522 designat
549 2481 693 2516 Ovidius,
732 2481 815 2522 quod

152 2528 354 2570 Tranquillus
376 2531 513 2572 apertius
531 2529 660 2561 denotat
674 2530 706 2560 in
720 2530 815 2561 Tibe-

153 2577 198 2608 rio
218 2577 264 2608 his
289 2578 411 2609 verbis:
446 2578 593 2609 Cubicula
615 2579 817 2620 plnrifizriam

153 2628 292 2666 disposita
318 2628 434 2658 tabellis
460 2639 495 2658 ac
521 2629 630 2669 sigillis
657 2629 815 2658 lascivissi-

153 2686 270 2705 marum
284 2677 475 2715 picturarum
491 2678 712 2718 acfigurarum
727 2679 815 2708 ador—

153 2726 251 2759 navit,
268 2726 328 2756 dxc.

931 1651 1005 1681 525.
1033 1649 1130 1690 thue
1153 1651 1233 1680 sedet
1266 1648 1381 1689 vultu]
1417 1648 1551 1690 Ajacem

887 1704 919 1729 et
935 1698 1084 1729 Medeam
1098 1697 1295 1729 Timomachi
1317 1697 1430 1733 innuit,
1452 1696 1553 1728 maxi-

888 1757 938 1778 mo
963 1747 1062 1789 pretio
1089 1748 1129 1778 ab
1153 1747 1297 1787 Augusto
1321 1746 1487 1781 redemtos,
1513 1745 1552 1776 de

889 1795 1002 1837 quibus
1018 1795 1150 1832 Plinius,
1168 1795 1223 1826 lib.
1241 1806 1336 1826 xxxv.
1367 1794 1487 1825 Medea
1500 1794 1553 1824 Ti-

888 1844 1043 1874 momachi
1069 1844 1214 1875 laudatur
1238 1843 1391 1879 Ausonio,
1418 1849 1450 1873 et
1476 1843 1552 1874 Plu-

889 1893 1007 1929 tarcho,
1035 1893 1131 1923 etiam
1155 1893 1187 1923 in
1210 1891 1403 1933 Anthologia
1428 1892 1552 1923 Graeca.

886 1941 1004 1973 Hems.
1046 1942 1143 1982 thue
1170 1944 1248 1973 sedet
1277 1943 1376 1972 vultu.
1413 1941 1552 1972 Tabulas

885 1990 996 2032 Ajacis
1015 1997 1047 2021 et
1061 1990 1187 2021 Medeae
1205 1989 1367 2031 intelligit,
1385 1999 1404 2020 a
1425 1990 1550 2021 Caesare

886 2046 958 2071 ante
974 2040 1073 2071 aedem
1087 2039 1218 2071 Veneris
1231 2039 1402 2071 Genitricis
1417 2039 1551 2076 dicatas,

888 2096 920 2120 ut
936 2096 983 2120 est
998 2096 1107 2121 auctor
1122 2089 1257 2120 Plinius.

928 2139 1004 2170 527.
1029 2139 1077 2169 Sic
1092 2141 1224 2170 madidos
1238 2138 1375 2180 digitis]
1395 2138 1551 2169 Venerem

885 2186 1029 2228 designat
1060 2189 1099 2218 ab
1125 2188 1239 2229 Apelle
1270 2187 1399 2229 pictam,
1423 2186 1462 2218 de
1487 2197 1551 2229 qua

883 2235 928 2266 ita
948 2236 1070 2267 Plinius
1097 2237 1205 2268 scribit
1223 2249 1228 2266 :
1254 2237 1412 2267 Venerem
1433 2246 1550 2267 exeun-

884 2290 947 2315 tem
963 2296 979 2316 e
993 2286 1070 2316 mari
1089 2286 1191 2317 Divus
1206 2286 1369 2327 Augustus
1383 2285 1501 2316 dicavit
1517 2285 1550 2316 in

884 2333 1013 2365 delubro
1032 2335 1128 2376 patris
1149 2335 1292 2370 Caesaris,
1309 2344 1378 2375 quae
1395 2334 1548 2376 Anadyo-

883 2394 984 2419 mene,
1009 2391 1148 2415 vocatur.
1205 2384 1377 2414 Consenuit
1404 2383 1470 2414 haec
1502 2390 1549 2415 ta-

883 2433 958 2463 bula
980 2433 1074 2469 carie,
1092 2433 1249 2475 aliamque
1272 2444 1326 2475 pro
1349 2443 1387 2464 ea
1410 2433 1494 2464 Nero
1514 2433 1547 2464 in

886 2482 1063 2525 principatu
1103 2493 1158 2513 suo
1196 2482 1358 2513 substituit
1394 2482 1547 2513 Dorothei

885 2541 989 2561 manu.
1047 2531 1179 2573 Apelles
1215 2531 1416 2562 inchoaverat
1453 2531 1548 2561 aliam

885 2579 1042 2610 Venerem
1064 2579 1149 2616 Cois,
1167 2585 1368 2621 superaturus
1391 2579 1485 2610 etiam
1509 2579 1547 2610 il·

883 2628 946 2659 lam
973 2628 1117 2670 priorem.
1174 2628 1292 2659 Invidit
1318 2638 1398 2659 mors
1421 2634 1549 2669 peracta

883 2683 993 2719 parte:
1029 2687 1086 2709 nec
1113 2677 1166 2718 qui
1193 2676 1374 2708 succederet
1396 2675 1479 2718 operi
1506 2675 1547 2707 ad

883 2725 1065 2768 praescripta
1080 2725 1281 2762 lineamenta,
1296 2725 1443 2756 inventus
1457 2730 1515 2756 est.
