1760 3172
423 181 728 225 TRISTIUM
761 180 881 221 LIB.
916 180 970 221 V.
1006 180 1183 221 ELEG.
1217 180 1308 220 ΙΙΙ.

1464 180 1548 220 317

176 300 262 347 Me
287 315 503 362 quoque,
531 298 572 344 si
596 297 669 344 fas
696 303 772 343 est
796 295 1039 358 exemplis
1064 294 1132 341 ire
1159 294 1393 350 Deorum,

241 377 420 424 Ferrea
444 392 548 423 sors
572 374 684 421 vitae
709 373 1021 435 difficilisque
1047 371 1228 434 premit
1249 388 1258 418 :

175 453 267 500 Illo
292 470 384 500 nec
408 452 562 500 levius
588 450 763 505 cecidi,
791 465 940 512 quem
966 463 1146 509 magna
1168 448 1389 494 locutum

240 529 481 593 Reppulit
506 545 534 576 a
557 527 740 575 Thebis
765 525 794 572 J
802 525 998 589 uppiter
1022 524 1137 586 igne
1162 540 1266 570 suo.

1487 527 1551 570 30

178 606 246 654 Ut
269 614 434 654 tamen
458 604 639 652 audisti
664 618 957 667 percussum
980 600 1184 651 fulmine
1208 607 1387 656 vatem,

238 682 511 730 Admonitu
535 680 705 728 matris
731 678 1043 726 condoluisse
1069 684 1230 741 potes.

173 761 238 808 Et
261 768 419 824 potes,
447 758 728 822 adspiciens
754 757 940 804 circum
965 762 1051 802 tua
1076 770 1216 802 sacra
1239 760 1429 817 poetas,

241 837 424 885 Nescio
449 836 560 899 quis
585 835 756 890 nostri,
783 835 963 888 dicere,
990 832 1151 878 cultor
1176 832 1332 878 abest.

175 914 283 970 Fer,
303 915 431 961 bone
452 912 614 968 Liber,
638 928 783 975 opem
802 928 811 958 :
849 910 919 957 sic
941 910 1090 956 altam
1110 909 1345 971 degravet
1361 909 1550 954 ulmum

239 991 382 1046 Vitis,
410 997 459 1037 et
483 990 673 1036 incluso
699 990 846 1052 plena
869 988 933 1034 sit
958 1003 1052 1033 uva
1075 1003 1226 1033 mero.
1485 988 1547 1032 36

173 1068 256 1115 Sic
280 1068 371 1115 tibi
395 1083 508 1114 cum
535 1066 748 1114 Bacchis
778 1065 1069 1128 Satyrorum
1095 1079 1253 1125 gnava
1270 1064 1506 1126 juventus

239 1144 400 1200 Adsit,
427 1150 478 1191 et
502 1142 725 1190 adtonito
750 1158 847 1188 non
872 1148 1067 1188 taceare
1092 1157 1229 1187 sono.

173 1222 305 1269 Ossa
326 1221 618 1285 bipenniferi
644 1220 714 1267 sic
741 1219 840 1266 sint
864 1220 990 1266 male
1017 1233 1190 1281 pressa
1215 1215 1446 1280 Lycurgi,

238 1299 399 1363 Impia
422 1315 513 1346 nec
538 1314 684 1362 poena
713 1297 964 1344 Pentheos
991 1296 1166 1342 umbra
1189 1301 1347 1341 vacet.

1484 1297 1548 1341 40

171 1376 255 1424 Sic
279 1376 428 1424 micet
452 1383 708 1431 aeternum,
732 1375 993 1437 vicinaque
1019 1373 1182 1419 sidera
1205 1372 1384 1427 vincat,

239 1453 479 1517 Conjugis
504 1453 554 1500 in
579 1453 703 1500 coelo
730 1452 910 1499 Cressa
939 1450 1136 1497 Corona
1159 1456 1275 1496 tuae.

213 1665 265 1694 29.
292 1663 384 1698 Quem
395 1662 555 1702 locutum]
583 1662 776 1703 Capaneum.

215 1714 268 1744 32.
295 1713 454 1742 Admonitu
480 1711 610 1751 matris]
645 1711 696 1741 Ad
721 1712 827 1741 Seme-

172 1762 247 1797 lem,
283 1760 402 1791 Bacchi
431 1765 572 1795 matrem,
601 1760 727 1795 referas,
757 1769 827 1800 quae

171 1811 259 1841 Jovis
279 1809 408 1840 fulmine
431 1808 653 1849 conflagravit:
679 1808 828 1850 quemad-

171 1859 299 1890 modum
317 1864 407 1901 poeta
420 1858 556 1898 Augusti
575 1858 640 1888 ictu
660 1864 829 1899 prostratus

169 1914 231 1940 est.
248 1908 331 1940 Vide
346 1908 454 1939 Natal.
465 1908 522 1938 lib.
537 1918 567 1938 v.
583 1918 610 1938 c.
628 1908 678 1937 13.

216 1958 269 1989 36.
293 1956 378 1987 Mero
401 1955 544 1996 inclusa]
571 1955 653 1987 Vino
677 1955 760 1986 intus
783 1955 827 1986 la-

172 2007 262 2038 tenti.

215 2056 267 2087 37.
290 2055 338 2085 Sic
355 2056 409 2085 tibi
424 2066 492 2086 cum
507 2054 663 2094 Bacchis.]
689 2053 830 2083 Tradunt

173 2105 336 2137 Bacchum
361 2104 393 2135 in
420 2103 558 2135 exercitu
586 2103 751 2134 mulierum
777 2112 828 2132 co-

173 2155 258 2198 piam
281 2152 537 2188 circumduxisse‚
557 2158 707 2183 armatam
732 2149 830 2181 hastis

173 2203 327 2246 pampinis
349 2202 515 2233 involutis:
540 2201 679 2232 Silenum
703 2210 827 2242 quoque

173 2253 378 2296 paedagogum
394 2261 430 2282 ac
445 2251 635 2287 nutritorem,
649 2251 702 2292 qui
716 2250 745 2281 ei
760 2249 829 2291 plu-

173 2301 285 2332 rimum
306 2301 345 2332 ad
360 2300 505 2332 virtutem
526 2306 557 2331 et
575 2301 703 2341 gloriam
720 2311 829 2341 resque

173 2351 302 2382 bellicas
331 2349 463 2392 profuit:
503 2350 694 2391 Satyrosque
724 2349 830 2386 etiam,

173 2410 303 2441 quorum
319 2409 412 2440 opera
433 2398 465 2428 in
485 2398 703 2429 saltationibus
718 2409 754 2429 ac
770 2403 832 2429 tra-

175 2447 287 2490 goediis
301 2447 515 2478 oblectabatur
528 2460 534 2477 :
560 2458 665 2478 eorum
677 2448 759 2478 enim
770 2447 831 2479 risu

174 2508 210 2528 ac
221 2498 292 2539 joco
306 2496 402 2527 vitam
416 2507 538 2527 omnem
553 2496 675 2527 felicem
689 2497 831 2528 traduce-

173 2547 239 2576 bat.
282 2546 342 2576 Pro
351 2557 452 2587 gnava
466 2545 519 2576 alii
538 2547 615 2581 laeta,
629 2548 728 2587 graia,
746 2548 831 2576 lecta.

176 2595 282 2626 Codex
310 2593 392 2625 Petri
416 2594 513 2624 Servii
534 2606 623 2630 nava,
645 2593 728 2635 quod
748 2594 832 2625 venit

174 2643 242 2674 ἀπὸ
257 2645 313 2674 τοῦ
327 2654 450 2674 navare.

218 2693 270 2724 38.
294 2694 436 2723 Adtonizo
457 2692 550 2732 sona]
577 2693 658 2722 Sono
672 2692 829 2723 bacchan-

895 1660 961 1690 tfim
976 1664 1006 1690 et
1022 1659 1177 1690 furentfim
1192 1658 1224 1688 in
1241 1658 1302 1688 tuis
1317 1658 1422 1689 sacris.

939 1710 990 1739 39.
1024 1709 1184 1749 Lycurgus
1215 1718 1266 1738 rex
1305 1708 1482 1738 Edonorum
1521 1709 1552 1738 in

894 1757 1028 1788 Thracia
1061 1756 1209 1798 (Heroid.
1237 1757 1270 1786 ii.
1298 1756 1360 1796 iii.)
1392 1757 1552 1791 Bae-elium

895 1807 989 1837 deum
1003 1817 1069 1837 esse
1089 1816 1206 1847 negans
1220 1811 1251 1836 et
1266 1806 1304 1837 de
1321 1817 1415 1847 regno
1432 1806 1552 1847 fugans,

896 1857 935 1886 ab
948 1855 1001 1886 illo
1011 1856 1042 1886 in
1057 1856 1191 1886 furorem
1205 1861 1294 1886 actus
1308 1856 1438 1887 traditur
1453 1855 1554 1887 securi

896 1905 960 1936 sive
974 1904 1102 1946 bipenni
1119 1915 1215 1935 unum
1234 1904 1346 1947 pedem
1367 1916 1421 1947 pro
1438 1905 1554 1936 vitibus

896 1953 1060 1985 excidisse.
1106 1954 1256 1984 HARLEs.

940 2004 991 2035 40.
1017 2004 1192 2044 Pentheus]
1218 2003 1365 2034 Echionis
1381 2009 1412 2034 et
1429 2003 1554 2044 Agaves

896 2052 989 2089 filius,
1017 2053 1163 2084 Liberum
1197 2053 1324 2093 negavit
1352 2052 1447 2083 deum
1475 2063 1553 2089 esse,

897 2113 954 2133 nec
968 2102 1113 2144 mysteria
1125 2103 1191 2144 ejus
1206 2102 1347 2144 accipere
1362 2101 1469 2133 voluit.
1502 2102 1552 2132 Ob

897 2152 954 2183 hoc
972 2163 1043 2183 eum
1063 2152 1174 2193 Agave
1195 2157 1293 2182 mater
1313 2162 1385 2182 cum
1404 2151 1554 2182 sororibus

896 2201 952 2232 Ino
976 2206 1007 2232 et
1028 2201 1183 2236 Autonoe,
1206 2211 1260 2242 per
1282 2199 1434 2230 insaniam
1457 2211 1474 2230 a
1498 2200 1551 2230 Li—

895 2251 968 2281 bero
986 2251 1154 2292 objectum,
1170 2249 1364 2280 membratim
1379 2248 1554 2279 dilaniavit.

898 2301 1045 2330 HARLES.

942 2350 992 2380 42.
1025 2349 1115 2378 Clara
1149 2348 1263 2377 Corona
1293 2347 1378 2387 lum]
1412 2347 1554 2377 Zuliche-

898 2398 1018 2428 mianus
1031 2397 1133 2427 Cressa
1142 2397 1272 2426 Corona.-
1287 2395 1413 2436 optime.
1437 2396 1554 2427 Hfflxs.

898 2446 1069 2481 Ariadnen,
1095 2456 1113 2475 a
1136 2445 1255 2476 Theseo
1280 2445 1312 2474 in
1337 2445 1429 2474 Naxo
1453 2444 1555 2475 insula

898 2495 1091 2529 destitutam,
1126 2493 1270 2524 Bacchus
1300 2503 1427 2523 uxorem
1454 2493 1554 2524 duxit.

898 2544 1051 2574 Fabulam
1079 2543 1171 2573 refert
1198 2542 1292 2573 Ovid.
1319 2542 1349 2571 in
1372 2543 1386 2572 I
1413 2542 1451 2572 de
1477 2541 1553 2573 Arte

898 2592 1035 2624 amandi.
1079 2593 1129 2622 De
1155 2592 1278 2622 Corona
1304 2601 1374 2621 vero
1394 2590 1552 2627 Ariadnae,

900 2641 994 2683 legito
1018 2641 1188 2682 Hyginum,
1205 2639 1257 2680 qui
1281 2650 1345 2670 rem
1365 2640 1470 2670 multis
1486 2651 1552 2670 ver-

901 2691 948 2721 bis
963 2690 1167 2733 prosequitur.
1211 2690 1305 2720 Men.
