1760 3172
233 196 290 238 98
623 193 674 234 P.
711 190 926 234 OVIDII
961 189 1247 233 NASONIS

238 311 487 374 Tempora
506 324 597 356 nec
618 323 847 356 numera:
877 323 970 355 nec
991 308 1168 355 crebro
1188 306 1382 370 respice
1400 305 1631 354 Romam.

308 388 409 435 Sed
442 386 576 450 fuge.
621 392 760 433 tutus
799 385 960 432 adhuc
991 383 1208 431 Parthus
1252 384 1314 430 ab
1347 384 1490 431 hoste
1515 383 1632 446 fuga

440 472 532 512 est.
1538 464 1634 507 224

242 542 380 589 Dura
404 542 584 606 aliquis
610 547 864 605 praecepta
886 545 1032 585 vocet
1054 553 1194 595 mea3
1234 537 1360 584 dura
1383 537 1596 585 fatemur

308 618 463 667 Esse:
504 619 608 674 sed,
635 625 691 664 ut
715 618 898 672 valeas,
925 615 1083 662 multa
1106 615 1322 662 dolenda
1345 614 1491 662 feres.

243 696 391 760 Saepe
415 696 520 743 bibi
547 709 742 750 succos,
770 693 998 757 quamvis
1024 692 1223 748 invitus,
1251 707 1444 740 amaros

309 773 487 836 AEger3
528 780 578 820 et
602 771 761 819 oranti
786 785 961 818 mensa
984 776 1167 832 negata
1189 768 1327 816 mihi.

242 849 313 896 Ut
337 866 518 914 corpus
543 850 774 905 redimas,
801 848 985 896 ferrum
1010 846 1213 911 patieris
1240 853 1291 895 et
1314 846 1483 910 ignes;

309 927 464 974 Arida
489 943 580 974 nec
607 926 779 974 sitiens
804 942 891 973 ora
912 925 1101 973 levabis
1127 925 1289 988 aqua3
1541 927 1639 972 230

245 1003 316 1051 Ut
339 1005 504 1051 valeas
531 1004 711 1059 animo,
739 1003 1018 1067 quidquam
1042 1002 1254 1049 tolerare
1279 1001 1520 1065 negabis?

310 1081 379 1128 At
404 1081 618 1145 pretium
643 1097 758 1145 pars
783 1082 891 1128 haec
917 1095 1124 1144 corpore
1149 1080 1310 1142 majus
1336 1079 1503 1127 habet.

247 1158 349 1206 Sed
376 1167 542 1206 tamen
567 1166 645 1207 est
669 1158 787 1206 artis
814 1157 1130 1206 strictissima
1147 1159 1304 1220 janua
1327 1164 1527 1214 nostrae,

313 1235 379 1282 Et
403 1236 543 1283 labor
566 1243 644 1283 est
667 1251 795 1282 unus
819 1243 1047 1299 tempora
1072 1235 1232 1299 prima
1255 1234 1377 1298 pati.

247 1313 501 1377 Adspicis,
529 1320 583 1360 ut
608 1328 816 1376 prensos
842 1319 988 1360 urant
1005 1313 1132 1375 juga
1155 1311 1316 1376 prima
1334 1312 1605 1375 juvencos?

316 1390 387 1437 Ut
410 1406 538 1438 nova
560 1390 784 1438 velocem
810 1390 1011 1453 cingula
1034 1390 1184 1437 laedat
1208 1390 1428 1453 equum?
1543 1393 1640 1437 236

248 1466 476 1516 Forsitan
502 1484 531 1515 a
557 1467 767 1515 Laribus
792 1467 966 1532 patriis
992 1467 1129 1515 exire
1153 1466 1363 1530 pigebit.

313 1544 415 1593 Sed
438 1552 608 1593 tamen
633 1546 823 1593 exibis:
863 1545 1046 1593 deinde
1071 1544 1235 1593 redire
1259 1545 1414 1593 voles.

249 1621 358 1669 Nec
382 1629 432 1670 te
459 1622 554 1670 Lar
577 1622 784 1686 patrius,
811 1622 901 1670 sed
927 1638 1064 1670 amor
1088 1622 1341 1670 revocabit
1364 1622 1554 1679 amicae,

314 1698 641 1747 Praetendens
667 1700 828 1764 culpae
855 1701 1119 1765 splendida
1142 1700 1296 1748 verba
1320 1716 1438 1748 suae.
1544 1704 1642 1748 240

250 1776 381 1824 Cum
407 1777 563 1825 semel
589 1777 787 1834 exieriS,
815 1786 1018 1826 centum
1044 1778 1221 1826 solatia
1247 1793 1379 1825 curae

312 1853 378 1901 Et
396 1871 494 1911 rus,
522 1862 572 1902 et
596 1855 823 1911 comites,
852 1863 903 1902 et
925 1855 1006 1903 via
1028 1856 1180 1918 longa
1201 1855 1410 1902 dabunt.

246 1930 356 1979 Nec
381 1933 503 1980 satis
529 1949 641 1981 esse
661 1940 785 1997 puta
808 1933 1094 1981 discedere:
1135 1933 1299 1980 lentus
1321 1933 1521 1990 abesto;

316 2008 451 2056 Dum
476 2010 653 2074 perdat
675 2010 820 2067 vires,
849 2010 1015 2074 sitque
1041 2011 1146 2058 sine
1171 2011 1303 2074 igne,
1330 2009 1472 2058 cinis.

252 2085 306 2133 Si
332 2087 426 2134 nisi
450 2087 646 2135 firmata
672 2090 963 2152 properabis
988 2097 1156 2137 mente
1181 2088 1376 2144 reverti,
1547 2090 1644 2136 245

321 2163 508 2212 Inferet
533 2181 670 2213 arma
693 2166 784 2213 tibi
811 2183 942 2215 saeva
966 2167 1166 2215 rebellis
1192 2166 1363 2213 Amor.

294 2298 370 2328 224.
393 2298 530 2339 Adhuc]
558 2299 629 2330 Hoc
652 2298 740 2330 addit
760 2300 793 2330 in
808 2300 917 2331 adula»
1030 2300 1070 2330 Ea
1078 2306 1125 2331 eat
1141 2311 1156 2330 e
1169 2301 1274 2341 stygiis
1290 2305 1323 2330 ut
1340 2310 1403 2330 mea
1419 2300 1504 2329 navis
1517 2300 1613 2339 aquis.

251 2344 369 2376 tionem
383 2346 532 2387 Augusti,
549 2347 624 2389 quia
640 2347 778 2379 instabat
797 2349 918 2380 bellum
987 2349 1050 2380 Ubi
1064 2356 1096 2380 et
1111 2362 1130 2380 a
1145 2349 1273 2391 quidam
1288 2348 1424 2379 codices.
1469 2348 1586 2379 Buxffl.

252 2405 324 2426 cum
340 2396 475 2427 Parthis.
485 2397 556 2428 vide
573 2407 656 2439 supr.
668 2408 747 2429 vers.
767 2399 838 2431 155.
853 2404 884 2430 et
897 2398 917 2429 i.
1029 2399 1103 2429 240.
1129 2397 1298 2429 Praetencles
1307 2400 1402 2437 culpae
1415 2398 1572 2437 splendida
1584 2409 1650 2429 ver-

252 2444 322 2475 Art.
340 2446 411 2476 177.
986 2448 1023 2477 ba
1038 2447 1124 2488 tuan]
1154 2447 1346 2478 Praetentlens
1358 2446 1456 2488 primo
1466 2457 1538 2478 cum
1550 2447 1651 2489 prima

296 2494 372 2525 237.
395 2497 421 2525 A
441 2494 598 2535 Laribus]
633 2495 656 2524 E
682 2494 813 2526 Laribus
827 2506 918 2527 unus.
986 2496 1122 2528 editione
1147 2503 1180 2527 et
1201 2496 1324 2538 scriptis
1347 2496 1517 2537 legendum
1541 2496 1650 2538 pleris-

253 2554 287 2572 ετ
302 2543 392 2574 alter.
416 2544 459 2575 sic
476 2556 509 2575 ex<
523 2556 634 2586 aggere
644 2546 704 2575 mit
721 2545 918 2577 xii.Metam.
987 2558 1065 2588 que;
1099 2546 1226 2583 deinde,
1255 2548 1349 2586 culpae
1367 2547 1463 2588 jin-ta
1489 2558 1549 2577 suae
1578 2556 1649 2577 cum

254 2593 327 2623 524.
357 2599 389 2624 et
423 2604 506 2636 saepe
534 2594 659 2625 easdem
689 2595 920 2637 praepositiones
987 2596 1281 2638 Sarraviano.sacta
1303 2603 1361 2626 tmc
1382 2602 1514 2637 quatuor
1535 2595 1599 2632 alii,
1615 2604 1651 2627 ut

254 2641 369 2672 addere
395 2649 501 2674 amant
525 2649 644 2675 veteres
667 2644 770 2675 verbis
794 2655 831 2676 ex
857 2645 919 2675 illis
988 2645 1071 2686 apud
1087 2644 1262 2681 Horatium,
1278 2645 1332 2676 lib.
1348 2645 1381 2676 ii.
1396 2645 1497 2687 Epist.
1512 2644 1533 2676 i.

256 2691 443 2731 compositis.
468 2692 579 2723 eadem
605 2693 738 2725 varietas
762 2694 802 2724 iv.
829 2695 918 2724 Pont.
1201 2695 1364 2734 Scriptores
1378 2695 1603 2737 carmirwfoedo

254 2739 297 2770 ix.
315 2740 364 2770 74.
1031 2743 1291 2785 Splendida-sacta
1310 2746 1423 2776 linunt.
1470 2745 1586 2776 HHNS.
