1760 3172
415 166 724 210 TRISTIUM
757 165 878 207 LIB.
912 164 967 206 V.
1003 164 1182 207 ELEG.
1217 167 1282 207 X.
1463 167 1549 208 335

625 355 954 404 ELEGIA
1006 355 1069 402 X.

160 516 239 562 UT
266 530 437 562 sumus
464 513 513 559 in
539 512 720 567 Ponto,
748 518 824 558 ter
848 510 1029 572 frigore
1054 508 1280 557 constitit
1306 510 1450 567 Ister,

225 590 381 639 Facta
405 596 484 637 est
510 587 696 635 Euxini
721 587 846 634 dura
868 593 944 634 ter
968 586 1103 633 unda
1125 586 1293 634 maris.

157 669 225 716 At
249 668 368 715 mihi
388 668 493 730 jam
518 665 688 713 videor
713 664 876 728 patria
898 655 1071 727 procul
1097 679 1208 710 esse
1234 670 1309 711 tot
1333 666 1492 722 anniS‚
1519 728 1525 733 .

225 745 462 791 Dardana
486 749 610 807 qupt
635 741 788 788 Graio
813 740 963 803 Troja
988 740 1082 786 sub
1103 740 1247 787 hoste
1272 739 1381 788 fuit.
1526 739 1569 782 τὲ*

161 822 305 869 Stare
330 828 494 885 puteS‚
522 820 647 868 adeo
673 819 952 883 procedunt
976 826 1204 882 tempora
1229 821 1386 878 tarde,
1524 826 1552 870 5

226 898 294 946 Et
318 898 513 962 peragit
536 897 683 945 lentis
708 896 942 960 passibus
969 913 1126 944 annus
1152 897 1262 944 iter.

161 976 207 1022 N
213 993 270 1024 ec
296 976 418 1022 mihi
437 975 706 1022 solstitium
726 974 1006 1037 quidquam
1025 975 1088 1021 de
1110 975 1342 1022 noctibus
1363 975 1521 1024 aufert
1539 995 1549 1033 ;

228 1051 394 1099 Efficit
418 1058 656 1113 angustos
678 1067 770 1120 nec
796 1050 916 1097 mihi
941 1051 1119 1098 bruma
1139 1051 1245 1098 dies
1265 1069 1274 1099 :

162 1130 369 1177 Scilicet
392 1130 441 1175 in
467 1129 610 1176 nobis
636 1144 800 1176 rerum
826 1134 1004 1174 natura
1028 1136 1211 1175 novata
1234 1137 1327 1184 est,

227 1206 463 1269 Cumque
489 1205 613 1254 meis
639 1206 771 1252 curis
798 1205 964 1252 omnia
989 1206 1140 1268 longa
1162 1205 1298 1253 facit.
1412 1218 1416 1224 ·
1496 1211 1555 1253 10

162 1282 297 1329 Num
323 1290 571 1346 peragunt
596 1282 769 1330 solitos
796 1283 1083 1330 communia
1106 1291 1333 1346 tempora
1357 1291 1537 1340 motus,

229 1360 460 1422 Suntque
484 1360 644 1421 magis
669 1360 782 1407 vitae
809 1367 1038 1424 tempora
1063 1360 1188 1407 dura
1212 1362 1371 1408 meae?

161 1436 325 1491 Quem
349 1443 488 1484 tenet
513 1435 698 1482 Euxini
725 1437 943 1484 mendax
968 1437 1264 1500 cognomine
1288 1438 1421 1494 litus,

230 1513 296 1560 Et
323 1513 552 1577 Scythici
576 1529 690 1560 vere
717 1520 848 1561 terra
873 1514 1076 1561 sinistra
1098 1514 1227 1561 freti.

163 1590 444 1637 Innumerae
470 1590 604 1637 circa
629 1598 806 1652 gentes
832 1591 935 1638 fera
959 1592 1092 1638 bella
1116 1591 1383 1647 minantur,
1500 1595 1557 1639 15

229 1666 354 1721 Quae
381 1667 475 1714 sibi
500 1683 599 1714 non
623 1674 765 1730 rapto
790 1667 953 1714 vivere
979 1675 1125 1731 turpe
1150 1675 1347 1731 putant.

164 1744 249 1791 Nil
274 1751 418 1792 extra
440 1751 604 1792 tutum
630 1751 708 1791 est
726 1738 998 1815 :stumulus
1023 1744 1311 1792 defenditur
1337 1761 1469 1808 aegre

230 1821 483 1868 Moenibus
510 1815 1055 1886 exiguisfingenioque
1082 1823 1195 1869 loci.

163 1897 332 1952 Quum
357 1898 560 1956 minime
585 1898 777 1955 credas,
806 1907 861 1946 ut
889 1916 1021 1954 aves,
1049 1899 1378 1947 densissimus
1405 1899 1561 1947 hostis

230 1973 477 2031 Advolat,''
489 1982 540 2023 et
564 1976 785 2039 praedam
810 1976 894 2022 vix
920 1977 1049 2023 bene
1070 1976 1205 2023 visus
1232 1976 1360 2038 agit:
1497 1981 1562 2024 20

166 2052 315 2115 Saepe
340 2052 469 2100 intra
494 2070 660 2101 muros
687 2054 870 2100 clausis
895 2053 1146 2100 venientia
1169 2054 1326 2118 portis

231 2129 331 2177 Per
355 2130 546 2178 medias
570 2131 786 2193 legimus
812 2131 963 2178 noxia
986 2132 1088 2178 tela
1111 2131 1232 2178 vias.
1296 2182 1312 2199 f

167 2204 261 2254 Est
285 2206 437 2268 igitur
462 2223 618 2263 rarus,
647 2209 732 2271 qui
758 2225 840 2256 rus
866 2210 1029 2257 colere
1056 2209 1239 2256 audeat
1257 2208 1441 2270 ;·‘isque

234 2283 344 2331 Hac
366 2291 475 2331 arat
498 2284 689 2341 infelix,
717 2287 811 2334 hac
836 2294 977 2334 tenet
1001 2302 1138 2333 arma
1162 2301 1311 2332 manu
1332 2302 1341 2332 :

213 2428 262 2457 13.
279 2427 413 2458 Mendax
432 2429 632 2470 cognomina]
651 2430 716 2467 Qui
732 2431 834 2473 potius
901 2432 1058 2463 Thracum
1083 2429 1232 2464 moribus,
1256 2428 1346 2459 docet
1367 2438 1420 2459 eos
1443 2439 1460 2458 e
1483 2429 1567 2459 bello

166 2481 214 2506 est
226 2475 432 2518 inhospitalis.
904 2486 999 2521 atque
1024 2484 1112 2520 rapto
1136 2478 1251 2513 vivere,
1276 2477 1371 2518 idque
1396 2477 1568 2519 pulcherri-

213 2525 266 2555 14.
286 2525 360 2555 Vere
373 2531 454 2556 terra
467 2526 620 2567 sinistra]
641 2528 724 2559 Vere
741 2533 833 2560 terra.
904 2539 990 2559 mum
1011 2528 1140 2558 ducere.
1179 2527 1242 2556 Sibi
1266 2538 1324 2556 non
1346 2532 1443 2565 rapto,
1461 2537 1569 2557 omnes

167 2578 203 2603 ut
221 2572 254 2603 in
272 2573 398 2604 sinistra
418 2580 506 2615 parte
525 2574 596 2611 sita,
615 2575 659 2606 sic
675 2576 770 2607 etiam
785 2576 831 2607 in-
903 2578 1061 2608 meliores.
1094 2577 1214 2607 mes.

168 2621 258 2653 felix.
947 2628 997 2657 18.
1015 2625 1198 2667 Ingenioqzoe
1215 2625 1299 2665 [0012]
1326 2624 1394 2655 Situ
1411 2631 1442 2655 et
1457 2630 1570 2656 natura

216 2671 266 2702 16.
287 2671 360 2706 Quat
381 2673 439 2702 nisi
462 2674 499 2702 de
519 2679 606 2711 rapto
629 2675 727 2704 vivere
747 2681 834 2713 turpe
902 2675 976 2706 loci.

168 2721 309 2760 putam]
349 2720 537 2755 Herodotus,
568 2722 599 2751 in
637 2723 835 2753 recensendis
946 2724 998 2753 23.
1019 2723 1070 2753 Est
1094 2724 1192 2762 igitur
1212 2733 1309 2755 rae-ux,
1325 2723 1375 2761 qui
1390 2724 1458 2761 jam
1477 2723 1571 2753 colere
