1760 3172
418 179 733 222 TRISTIUM
765 179 886 221 LIB.
921 178 960 219 Ι.
993 178 1175 221 ELEG.
1209 179 1301 221 XI.

1477 179 1561 221 183

162 294 515 359 Fuscabatque
531 295 664 343 diem
679 301 848 342 custos
867 293 1259 358 Erymanthidos
1279 294 1447 351 Ursae3
1497 297 1555 341 15

230 372 336 420 Aut
359 371 569 436 Hyadas
594 372 716 419 seris
743 377 953 418 auxerat
977 370 1164 417 Auster
1188 371 1333 433 aquis
1357 388 1367 418 z

167 449 314 514 Saepe
339 451 487 497 maris
513 467 628 514 pars
654 450 789 497 intus
815 455 922 497 erat
939 436 1160 505 3:³tamen
1185 447 1294 511 ipse
1319 448 1553 495 trementi

230 527 467 576 Carmina
489 529 736 576 ducebam
763 518 1150 591 qualiacumque
1175 541 1343 572 manu.

166 604 314 652 Nunc
334 622 539 669 quoque
558 605 780 653 contenti
800 605 1018 652 stridunt
1032 602 1284 666 Aquilone
1305 603 1558 659 rudentes,

231 681 393 746 Inque
419 684 621 737 modum
643 682 823 730 tumuli
848 696 1066 729 concava
1090 680 1248 743 surgit
1272 694 1433 743 aqua:
1496 685 1560 728 20

165 758 283 823 Ipse
308 761 625 822 gubernator,
651 760 832 807 tollens
859 759 922 806 ad
948 758 1113 805 sidera
1136 758 1346 821 palmas,

230 836 477 901 Exposcit
500 837 644 893 votis,
670 838 931 885 immemor
956 836 1090 891 artis,
1118 851 1282 899 opem.

160 912 497 977 Quocumque
522 914 761 978 adspicio,
788 913 911 960 nihil
936 920 1029 968 est,
1057 912 1152 959 nisi
1179 912 1352 960 mortis
1377 913 1558 975 imago,

231 990 396 1045 Quam
421 991 574 1038 dubia
596 992 748 1039 timeo
774 997 958 1046 mente,
984 990 1271 1053 timensque
1297 1005 1501 1053 precor:

163 1066 404 1131 Adtigero
430 1075 645 1132 portum,
673 1075 818 1132 portu
843 1067 1067 1114 terrebor
1092 1067 1154 1114 ab
1181 1066 1291 1130 ipso
1313 1084 1323 1120 ;
1496 1069 1559 1113 25

232 1145 354 1193 Plus
379 1146 535 1193 habet
557 1145 738 1193 infesta
761 1153 894 1192 terra
918 1144 1109 1192 timoris
1135 1161 1282 1207 aqua.

165 1221 297 1269 Nam
322 1223 469 1270 simul
494 1223 685 1270 insidiis
709 1222 965 1269 hominum
991 1222 1259 1285 pelagique
1285 1221 1471 1275 laboro,

230 1298 297 1347 Et
319 1299 509 1348 faciunt
531 1300 755 1362 geminos
781 1299 913 1346 ensis
940 1307 990 1346 et
1015 1299 1150 1346 unda
1174 1306 1355 1345 metus.

164 1549 294 1571 occasus
309 1544 512 1582 tempestates
526 1540 724 1581 gravissimas
740 1539 827 1570 facit.

164 1589 317 1620 Oriuntur
339 1595 446 1620 autem
462 1588 622 1631 (vesperi)
643 1599 716 1620 cum
738 1589 827 1620 Scor-

163 1638 257 1680 pione
271 1649 378 1670 mense
390 1639 532 1670 Octobri.
563 1637 690 1669 Servius
703 1637 743 1668 ad
755 1637 827 1668 Vir-

162 1687 218 1728 gil.
234 1688 309 1719 AEn.
322 1687 365 1718 ix.
379 1688 452 1718 668.
506 1687 552 1718 At
570 1687 704 1718 Ovidius
723 1698 827 1718 eorum

164 1742 265 1768 ortum
279 1736 429 1778 intelligit
449 1736 650 1772 matutinum,
673 1736 726 1778 qui
750 1746 825 1766 cou-

163 1786 306 1828 tingebat
327 1786 393 1817 viii.
419 1786 490 1817 Cal.
513 1786 604 1817 Maii.
633 1785 714 1817 Plin.
741 1786 827 1817 xviii.

163 1837 218 1867 26.
262 1837 457 1868 szpoom.

210 1887 261 1918 14.
282 1886 363 1926 Soepe
376 1888 475 1916 mina-1·
494 1886 654 1926 Steropes]
683 1884 828 1916 Pleiades

164 1935 324 1977 intelligit.
372 1935 446 1966 Fuit
474 1940 580 1966 autem
608 1936 737 1976 Sterope
765 1944 829 1966 una

165 1997 204 2017 ex
225 1990 345 2027 septem
367 1984 560 2020 Pleiadibus‚
582 1995 653 2026 quae
678 1985 766 2014 fuere
788 1983 825 2013 fi-

164 2035 216 2066 liae
244 2034 390 2066 Pleiones
415 2039 447 2065 et
471 2033 623 2065 Atlantis.
668 2033 728 2064 Hae
756 2033 827 2063 Ver-

163 2086 247 2127 giliae
276 2095 295 2115 a
315 2083 428 2115 nostris
453 2083 663 2126 appellantur,
687 2082 771 2125 quod
796 2083 828 2113 in

164 2145 237 2167 vere
253 2133 406 2166 oriuntur.

209 2186 260 2215 15.
300 2184 403 2214 Custos
438 2183 674 2223 Erymanthidos
715 2181 825 2221 Ursam]

165 2232 401 2274 Arctophylaca
420 2231 579 2272 intelligit,
595 2231 628 2262 in
647 2230 735 2272 cujus
751 2241 828 2265 zona

166 2288 213 2313 est
226 2281 318 2312 stella
334 2281 496 2316 Arcturus,
512 2281 601 2322 cujus
620 2286 704 2310 ortus
727 2284 758 2309 et
777 2289 827 2309 oc-

165 2342 255 2362 casus
269 2336 471 2372 tempestates
485 2329 684 2370 gravissimas
698 2328 785 2359 facit.

211 2381 261 2411 16.
285 2381 349 2409 Aut
368 2379 496 2419 Hyadas
516 2381 587 2409 seris
606 2379 748 2408 hauserat
764 2381 828 2408 Au-

165 2437 226 2460 ster
248 2429 362 2470 aquis]
390 2429 546 2459 Hauserat
570 2430 677 2468 aquis,·
701 2438 756 2469 pro
775 2439 827 2465 ex-

166 2478 324 2514 hauserat,
341 2483 373 2508 et
387 2477 477 2519 quasi
499 2481 708 2508 evacuaverat
722 2476 824 2518 aquis,

165 2527 397 2570 ὑπερβολικῶς.
424 2526 491 2557 Aut
513 2532 597 2557 certe
623 2525 693 2557 καθ’
719 2525 826 2557 ὑπαλ-

165 2578 291 2618 λαγὴν,
318 2581 354 2606 ut
381 2576 422 2606 sit
450 2575 580 2612 dictum,
606 2586 671 2618 pro,
698 2575 827 2617 Hyades

166 2625 348 2660 hauserant,
377 2623 436 2655 hoc
466 2630 522 2660 est,
554 2625 766 2660 adtraxerant,
796 2630 828 2654 et

166 2674 359 2705 concitarant
372 2673 523 2704 Austrum
536 2680 567 2704 et
582 2674 715 2716 pluvias.
742 2674 826 2704 Mic.

168 2723 248 2754 Seris
262 2730 400 2755 amer-at.
434 2723 486 2754 Ita
502 2723 596 2754 nostri
612 2723 704 2754 codd.
720 2722 825 2763 Regg.

897 1539 924 1569 A
942 1545 973 1569 et
989 1540 1016 1569 B
1031 1551 1039 1577 3
1066 1538 1150 1580 quod
1165 1548 1254 1568 servo
1269 1549 1274 1566 z
1299 1539 1382 1572 seris,
1404 1536 1561 1578 gravibuS,

896 1588 990 1619 diris:
1025 1594 1165 1624 (curerat,
1192 1586 1267 1628 quia
1294 1586 1421 1622 Auster,
1449 1593 1561 1617 ventus

895 1637 1032 1678 pluvius,
1058 1637 1237 1680 pluviarum
1269 1635 1417 1677 Hyadum
1446 1635 1562 1667 imbres

897 1694 1002 1729 auget.

954 1735 1109 1777 Hyadas]
1145 1735 1196 1766 Ab
1229 1735 1293 1766 ’ύειν
1328 1735 1435 1774 pluere
1469 1734 1561 1765 dictae

896 1792 969 1817 sunt
996 1785 1096 1817 stellae
1122 1785 1154 1816 in
1183 1785 1287 1826 capite
1312 1783 1404 1820 tauri,
1430 1795 1563 1826 quarum

895 1841 1021 1868 exortus
1035 1841 1067 1866 et
1082 1845 1211 1866 occasus
1221 1834 1360 1876 pluviam
1377 1834 1562 1875 nimbosque

894 1886 1017 1919 efficere
1048 1884 1247 1915 credebatur.
1308 1884 1427 1914 Saculae
1464 1882 1561 1914 etiam

895 1934 1055 1965 dicuntur.
1094 1933 1187 1965 Couf.
1201 1933 1371 1964 Columell.
1388 1933 1430 1963 xi.
1446 1934 1476 1964 2.
1489 1932 1560 1972 (ubi

896 1983 936 2014 de
951 1983 1052 2015 stellis
1072 1989 1103 2014 et
1124 1983 1196 2014 inde
1211 1982 1350 2013 oriundis
1366 1981 1563 2023 tempestati-

895 2033 956 2064 bus
979 2032 1061 2074 agit)
1084 2044 1115 2063 n.
1133 2033 1186 2063 34.
1201 2033 1253 2063 36.
1269 2033 1322 2063 39.
1337 2037 1368 2064 et
1389 2033 1442 2062 88.
1457 2042 1493 2062 ac
1509 2032 1561 2062 89.

895 2082 979 2113 unde
1001 2082 1096 2113 etiam
1119 2084 1191 2113 seris
1214 2087 1343 2113 auam-at
1360 2081 1432 2122 (pro
1448 2080 1562 2122 quibus

896 2132 1047 2163 Heinsius
1058 2131 1170 2162 maluit
1181 2131 1383 2167 substituere,
1394 2132 1473 2160 scenis
1486 2131 1562 2160 hau-

897 2189 987 2217 serat,
1012 2181 1058 2212 uti
1084 2181 1151 2223 jam
1180 2180 1309 2211 Merula
1334 2179 1477 2215 dederat,
1505 2185 1562 2219 aut

893 2233 1007 2272 pluuiis
1018 2230 1162 2270 parerat)
1179 2230 1293 2272 poterit
1313 2228 1447 2269 intelligi
1467 2234 1561 2269 atque

896 2281 1058 2323 explicari.
1105 2280 1254 2309 ernLEs.

943 2331 992 2361 19.
1019 2330 1159 2359 Contenti
1175 2329 1305 2358 strideat
1332 2327 1480 2366 Aquilone
1504 2337 1560 2356 >ru-

897 2379 1028 2419 dentes]
1054 2378 1197 2408 Stridant
1213 2376 1356 2407 meliores
1376 2375 1561 2417 ἀρχαϊκῶς;

898 2430 982 2459 Fast.
998 2428 1041 2459 vi.
1059 2428 1100 2457 40
1117 2439 1122 2456 :

943 2478 1041 2508 Causa
1071 2478 1147 2516 qzrod
1172 2476 1320 2505 horrenda
1344 2475 1472 2504 stridere
1496 2484 1563 2504 voce

980 2528 1075 2558 solent
1090 2538 1097 2555 .-

895 2578 1016 2607 distenti
1035 2575 1129 2606 etiam
1148 2576 1290 2604 radentes
1308 2578 1355 2602 est
1374 2571 1406 2601 iu
1428 2571 1561 2601 Barber.

895 2631 925 2656 et
950 2636 1022 2656 mox
1052 2631 1114 2654 tres
1143 2622 1268 2653 codices
1292 2621 1406 2653 cumuli
1431 2630 1486 2662 pro
1512 2625 1562 2649 tu-

895 2675 983 2704 muli.
1030 2673 1150 2703 Hfflxs.

978 2774 1045 2804 N4
