1760 3172
221 167 306 210 380
608 168 657 208 Ρ.
691 167 902 209 OVIDII
938 168 1214 210 NASONIS

227 283 354 346 Spes
380 282 525 344 igitur
549 283 703 329 menti
729 299 902 346 poenae,
932 283 1176 338 Graecine‚
1204 284 1420 330 levandae

291 358 404 405 Non
430 365 506 405 est
529 375 591 406 ex
617 365 721 405 toto
746 359 879 405 nulla
904 359 1074 406 relicta
1099 375 1238 406 meae.

224 434 346 481 Haec
365 434 488 489 Dea,
509 451 663 497 quum
678 435 903 496 fugerent
923 436 1188 482 sceleratas
1208 436 1410 483 numina
1425 443 1594 489 terras,

292 510 350 556 In
377 510 466 556 Dis
492 511 648 558 invisa
672 511 778 557 sola
802 511 1038 558 remansit
1062 513 1210 559 humo
1233 529 1242 560 ε
1535 515 1598 558 30

225 585 347 634 Haec
368 586 501 642 facit,
525 594 579 633 ut
594 587 723 633 vivat
736 587 928 633 vinctus
946 603 1146 650 quoque
1167 589 1407 652 compede
1426 588 1596 643 fossor,

292 663 569 726 Liberaque
595 679 623 710 a
645 663 771 710 ferro
797 678 940 709 crura
963 663 1127 711 futura
1151 673 1319 728 putet:

226 738 348 786 Haec
373 739 505 795 facit,
533 747 602 795 ut,
630 739 795 786 videat
821 755 974 802 quum
999 748 1153 789 terras
1177 743 1396 805 undique
1421 742 1596 796 nullas,

291 815 572 878 Naufragus
597 817 646 861 in
672 816 845 862 mediis
872 817 1072 865 brachia
1090 819 1246 880 jactet
1271 819 1430 881 aquiS.

229 893 373 956 Saepe
398 893 615 955 aliquem
641 893 810 940 sollers
837 894 1139 941 medicorum
1165 911 1282 942 cura
1306 895 1532 958 reliquit;

294 969 401 1016 Nec
427 986 541 1032 spes
566 970 679 1016 huic
704 985 828 1017 vena
853 970 1113 1018 deficiente
1139 972 1288 1018 cadit.
1537 974 1598 1018 36

228 1046 439 1094 Carcere
466 1046 696 1093 (licuntur
721 1047 875 1094 clausi
901 1064 1097 1111 sperare
1124 1049 1364 1105 salutem3

292 1122 459 1185 Atque
485 1123 664 1185 aliquis
690 1123 911 1186 pendens
937 1125 985 1170 in
1011 1141 1156 1172 cruce
1180 1133 1295 1172 vota
1318 1125 1450 1172 facit.

227 1199 349 1245 Haec
378 1199 487 1246 Dea
511 1216 660 1262 quam
687 1201 867 1247 multos
893 1202 1071 1264 laqueo
1098 1218 1186 1249 sua
1210 1203 1338 1250 colla
1359 1202 1570 1265 ligantes

295 1275 407 1322 Non
433 1283 510 1324 est
533 1277 788 1340 proposita
812 1293 959 1340 passa
983 1278 1141 1341 perire
1168 1279 1314 1326 nece!
1537 1282 1601 1324 40

229 1351 314 1399 Me
341 1369 541 1416 quoque
566 1360 829 1400 conantem
855 1355 1017 1416 gladio
1041 1354 1179 1402 finire
1205 1356 1425 1402 dolorem

293 1428 482 1485 Arcuit,
509 1430 691 1493 injecta
715 1431 1057 1495 continuitque
1083 1448 1247 1479 manu.

228 1504 460 1568 Quidque
488 1506 642 1554 facis?
679 1507 909 1571 lacrymis
938 1525 1061 1571 opus
1090 1516 1182 1564 est,
1218 1525 1315 1555 non
1345 1508 1599 1570 sanguine,

294 1581 439 1646 Saepe
463 1599 551 1646 per
575 1584 663 1631 has
688 1585 821 1632 flecti
847 1585 1082 1649 principis
1108 1586 1179 1633 ira
1203 1586 1343 1633 solet.
1423 1586 1598 1648 [dixit;

229 1659 464 1713 Quamvis
491 1669 568 1708 est
592 1661 740 1723 igitur
764 1663 950 1710 meritis
976 1664 1197 1710 indebita
1222 1664 1416 1719 nostris,
1540 1666 1603 1710 45

293 1737 480 1800 Magna
503 1745 674 1786 tamen*
694 1756 809 1803 spes
835 1747 911 1787 est
935 1741 983 1788 in
1009 1741 1229 1789 bonitate
1252 1741 1363 1789 Dei.

228 1966 259 1991 et
277 1960 331 1990 Dii
348 1960 447 2002 iniqui
458 1967 489 1991 et
507 1961 647 1993 crudeles
668 1963 785 1994 nullam
800 1964 880 1994 inter

226 2009 349 2051 culpam
365 2016 396 2040 et
410 2010 510 2040 scelus
522 2010 727 2041 differentiam
744 2023 810 2042 esse
826 2023 879 2054 pa-

227 2057 356 2089 tiuntur.
381 2058 470 2089 Conf.
487 2058 622 2089 'frist-ii.
641 2061 710 2090 108.
735 2061 881 2091 IIAiuAEs.

268 2108 320 2137 30.
344 2107 498 2138 Remansit
513 2108 601 2148 sola]
629 2109 720 2144 Quod
737 2109 806 2140 ideo
823 2110 879 2140 fin-

225 2161 303 2196 gunt
327 2161 440 2196 poetae,
466 2156 541 2197 quia
565 2157 719 2188 neminem
745 2169 882 2200 unquam

226 2203 365 2235 destituit
383 2215 463 2246 spes.
509 2206 610 2236 Locus
634 2206 682 2237 hic
705 2218 742 2237 ex
761 2208 881 2249 Theog-

226 2252 297 2284 nide
311 2253 478 2284 translatus
492 2253 614 2284 videtur
628 2267 634 2284 :

268 2302 386 2339 Ἐλπὶς
413 2302 449 2333 ἐν
473 2302 673 2345 ἀνθρώποισι
701 2305 785 2346 μόνη
814 2306 884 2342 Θεὸς

311 2350 410 2389 ἐσθλὴ
427 2351 564 2383 ἔνεστιν.

260 2399 379 2432 Ἀλλοι
395 2399 422 2430 δ’
438 2401 620 2443 Οὔλυμπον
633 2401 657 2433 δ’
669 2402 881 2444 ἐκπρολιπόν-

310 2460 361 2486 τες
376 2448 469 2489 ἔβαν,

261 2497 393 2539 Ὠιχετο
422 2499 482 2539 μὲν
506 2497 630 2536 Πίστις,
653 2498 778 2541 μεγάλη
802 2500 881 2536 Θεὸς,

310 2545 414 2588 ᾤχετο
429 2546 453 2578 δ’
468 2546 596 2589 ἀνδρῶν

270 2596 475 2638 Σωφροσύνη,
506 2596 642 2639 Χάριτές
671 2597 709 2631 τ’,
741 2598 765 2628 ὦ
795 2598 878 2639 φίλε,

311 2647 377 2685 γῆν
390 2645 516 2676 ἔλιπον.

990 1961 1042 1990 31.
1067 1959 1258 2000 Iscstrjitcit]

989 2007 1091 2045 Οὗτος
1101 2007 1124 2038 δ’
1135 2008 1219 2049 ἀνὴρ
1231 2009 1369 2049 ἄριστος,
1377 2007 1464 2045 ὅστις
1473 2007 1604 2039 ἐλπίσιν

992 2057 1151 2089 Πέποιθεν
1166 2057 1237 2088 αἰεί.

948 2106 1056 2147 Eurip.
1073 2107 1148 2136 Iler.
1168 2106 1238 2136 Fur.
1265 2106 1332 2136 Cic.
1349 2106 1387 2136 ad
1408 2106 1517 2136 Famil.
1543 2106 1603 2145 Op-

950 2161 1014 2185 tare
1031 2157 1150 2195 optima,
1166 2157 1297 2197 cogitare
1315 2155 1604 2197 ‹lg'fficillinmsevre

949 2216 1127 2245 quaecunque
1142 2212 1242 2235 erunt.

993 2255 1046 2284 33.
1078 2254 1149 2284 Ilaec
1167 2254 1265 2296 facit,
1289 2261 1335 2291 ut,
1365 2255 1491 2295 videtin]
1527 2255 1603 2296 Spes

949 2302 1041 2333 etiam
1072 2302 1155 2339 facit,
1186 2309 1220 2333 ut
1245 2304 1412 2345 naufragus
1442 2303 1473 2334 in
1502 2302 1604 2333 medio

951 2351 1026 2382 mari
1041 2351 1217 2388 destitutus,
1232 2353 1373 2393 quamvis
1386 2352 1487 2384 nullas
1501 2352 1605 2383 videat

951 2406 1057 2437 terras,
1074 2407 1175 2442 speret
1191 2412 1222 2433 se
1239 2412 1414 2432 evasurum.

992 2450 1043 2480 36.
1076 2450 1151 2480 Vena
1176 2451 1360 2491 dqficz'ente]
1389 2450 1515 2481 Viribus
1540 2450 1603 2480 col—

950 2498 1054 2539 lapsis.
1107 2498 1144 2529 Id
1172 2499 1253 2529 enim
1277 2499 1356 2529 inter
1380 2498 1470 2539 signa
1498 2498 1604 2528 mortis

950 2552 1110 2577 enumerat
1130 2548 1209 2578 l‘lin.
1226 2547 1258 2578 in
1273 2548 1324 2578 vii.
1340 2558 1411 2589 cap.
1429 2548 1481 2578 51.

992 2596 1045 2625 46.
1071 2594 1109 2624 1η,
1134 2597 1262 2626 bonitate
1288 2596 1372 2636 Dei.]
1402 2596 1438 2626 In
1468 2596 1602 2637 Augusti

949 2643 1123 2674 clementia.
1170 2645 1261 2675 Men.
