1760 3172
412 170 722 213 TRISTIUM
754 170 874 213 LIB.
904 171 942 213 Ι.
976 172 1157 216 ELEG.
1191 174 1229 216 Ι.

1434 179 1519 220 139

129 286 363 333 Protinus
390 286 673 334 admonitus
695 293 890 349 repetet
914 302 1027 334 mea
1051 288 1258 338 crimina
1281 291 1466 353 lector3

193 363 260 411 Et
283 380 491 427 peragar
514 365 687 428 populi
712 365 944 428 publicus
970 381 1053 412 ore
1078 382 1207 414 reus.

127 440 257 497 Neu,
284 458 419 498 cave,
447 442 704 498 defendas,
732 442 960 504 quamvis
986 443 1278 492 mordebere
1304 446 1479 495 dictis:

194 518 362 565 Causa
385 518 661 582 patrocinio
687 534 785 564 non
812 519 943 566 bona
966 521 1107 583 pejor
1132 521 1240 568 erit.

1453 528 1515 572 26

125 593 355 642 Invenies
382 595 617 658 aliquem,
646 594 732 657 qui
758 611 837 641 me
866 596 1086 659 suspiret
1110 598 1381 656 ademtum,

191 671 429 719 Carmina
452 687 544 737 nge
572 670 717 718 siccis
745 671 970 734 perlegat
994 672 1092 720 ista
1116 675 1285 737 genis3

125 746 192 795 Et
214 749 397 796 tacitus
423 765 610 805 secum,
639 765 700 795 ne
727 748 840 811 quis
866 750 1026 797 malus
1053 752 1238 808 audiat,
1266 760 1422 818 optet,

191 825 269 873 Sit
291 842 418 882 mea,
445 826 599 873 lenito
627 825 845 880 Caesare,
874 843 1022 890 poena
1046 829 1221 877 minor.

1449 836 1514 879 30

123 901 230 949 Nos
256 919 474 967 quoque,
503 904 734 967 quisquis
767 903 875 960 erit,
903 921 964 952 ne
997 905 1060 953 sit
1093 907 1243 955 miser
1274 908 1372 964 ille,
1400 926 1511 972 pre-

189 979 423 1028 Placatos
448 981 629 1028 misero
655 980 742 1044 qui
766 980 900 1027 volet
923 998 1035 1029 esse
1061 982 1226 1032 Deos:

122 1054 348 1120 Quaeque
371 1059 520 1115 volet,
548 1065 655 1106 rata
678 1044 805 1115 's'int3

1301 986 1510 1047 [camur‚

847 1058 1117 1123 ablataque
1141 1061 1382 1126 principis
1407 1064 1479 1111 ira

189 1133 406 1182 Sedibus
431 1135 482 1183 in
508 1135 680 1200 patriis
707 1135 795 1181 det
818 1134 938 1182 mihi
964 1153 1112 1200 posse
1137 1139 1278 1186 mori.

120 1252 217 1293 Atque
231 1254 276 1284 ita
296 1261 344 1291 tu,
361 1255 412 1286 vel
431 1262 474 1286 te.-
499 1255 597 1287 codex
617 1254 780 1286 Barberin.

118 1307 280 1343 praeterea,
291 1305 345 1346 qui
356 1304 435 1336 inter
447 1305 591 1336 meliores
604 1310 661 1341 est,
673 1310 780 1335 cautus

118 1353 279 1393 agnoscit3
311 1354 350 1385 de
379 1365 442 1397 quo
476 1365 547 1386 mox
584 1354 776 1385 videbimus:

118 1404 227 1433 tacitus
240 1403 324 1434 enim
339 1404 401 1435 dici
416 1404 471 1435 vix
492 1410 604 1447 potest,
620 1415 714 1445 quem
729 1404 776 1434 lo-

118 1457 265 1492 quentem
280 1453 419 1493 inducit,
434 1460 465 1485 et
480 1454 591 1485 eadem
607 1464 665 1484 vox
681 1453 777 1494 paulo

117 1506 188 1542 post
202 1501 330 1534 iteratur
344 1504 448 1535 minus
462 1503 625 1535 concinne.
658 1503 776 1533 HmNs.

117 1551 215 1591 Atque
229 1553 274 1582 ita
290 1559 323 1583 tu
339 1556 462 1584 tacitus.
510 1553 554 1584 Ut
566 1552 656 1583 ordo:
682 1558 777 1594 atque

116 1597 162 1630 ita
183 1601 298 1633 tacitus
323 1603 476 1644 quaerenti
499 1603 600 1645 plura,
618 1608 649 1633 te
670 1602 776 1644 legen—

117 1648 191 1680 dum
209 1650 315 1681 dabis:
341 1662 381 1683 ne
401 1652 478 1683 forte
495 1652 623 1693 loquare
643 1662 691 1688 ea,
707 1662 776 1693 quae

116 1708 178 1729 non
192 1705 240 1730 est
254 1710 332 1742 opus
346 1701 444 1742 loqui.
472 1701 581 1732 Innuit
596 1706 700 1732 autem
714 1706 778 1732 tres

116 1747 155 1779 de
169 1748 247 1780 Arte
262 1750 389 1781 amandi
406 1751 515 1782 libros.
562 1751 622 1787 Ne,
640 1762 702 1791 ‹111oe
718 1763 778 1782 uon

115 1808 187 1836 opus
208 1805 263 1835 est,
283 1799 372 1841 forte
397 1801 531 1841 loquare,
559 1801 652 1831 dubis.
700 1801 778 1831 Cave

117 1851 239 1878 veteres
264 1848 381 1887 nostri3
404 1854 436 1880 et
459 1848 602 1890 plerique
624 1852 701 1890 quod
721 1861 776 1892 pro

116 1907 194 1935 qnae:
217 1896 325 1938 primae
348 1898 510 1935 editiones,
534 1899 582 1930 Ne
606 1901 682 1939 quod
705 1911 777 1939 opus

115 1952 238 1976 nonest.
283 1947 384 1978 Puto:

157 1996 257 2037 Atque
278 1998 323 2027 ita
345 2003 374 2028 te
394 2004 504 2029 cautus
522 2000 666 2038 quaerenti
682 2000 775 2039 plura

242 2045 411 2087 legendum,

203 2095 263 2131 Ne,
287 2098 364 2136 quod
382 2109 442 2128 non
464 2099 503 2128 sit
523 2108 605 2137 opus,
621 2098 709 2139 forte
733 2100 774 2129 lo-

241 2156 345 2185 quare,
360 2148 441 2178 dato.
613 2148 732 2179 HE1Ns.

114 2193 181 2234 Ego
202 2199 311 2235 putem
335 2198 446 2227 tacitus
467 2207 534 2227 esse
557 2196 774 2237 retinendum;

115 2252 187 2272 nam
210 2243 269 2273 etsi
294 2244 474 2286 loquentem
495 2245 659 2276 induceret
681 2252 775 2288 poeta

114 2289 238 2328 librum,
250 2298 333 2324 recte
345 2298 450 2324 tamen
466 2296 576 2325 tacitus
587 2294 649 2325 dici
661 2301 773 2337 potest,

114 2351 211 2382 quum
225 2341 282 2372 illa
292 2353 350 2373 vox
366 2354 448 2386 saepe
459 2349 547 2375 notet
561 2344 627 2375 sine
639 2345 772 2382 arbitris,

113 2390 180 2421 sine
200 2396 289 2422 teste.
334 2392 435 2430 Dicit,
452 2393 477 2424 si
494 2393 586 2435 plura
601 2395 671 2436 quis
686 2406 772 2436 quae-

113 2445 172 2476 rat,
188 2445 222 2471 tu
233 2441 362 2478 tacebis,
375 2442 430 2473 sed
445 2442 536 2474 dabis
545 2449 576 2474 te
590 2444 771 2485 legendum,

113 2499 152 2520 ne
169 2490 246 2521 forte
266 2490 412 2532 loquaris,
433 2492 517 2534 quod
536 2503 614 2535 opus
633 2504 695 2525 non
714 2501 770 2531 est,

111 2538 144 2569 id
159 2544 217 2576 est,
227 2539 309 2581 quod
326 2551 435 2572 nocere
447 2548 551 2583 posset
565 2542 622 2574 tibi
637 2550 668 2575 et
683 2544 770 2581 mihi,

110 2587 235 2620 domino
245 2594 309 2620 tuo.
354 2590 470 2621 Bumvr.

155 2639 208 2669 23.
226 2639 296 2669 Mea
305 2640 467 2680 carmina]
483 2641 677 2673 Meoslibros
687 2653 772 2673 ama-

114 2685 221 2718 torios:
247 2687 302 2718 sed
326 2687 458 2730 legimus
481 2700 554 2720 cum
580 2691 689 2722 Oberl.
709 2703 772 2723 mea

113 2737 260 2767 crimina.-
289 2735 448 2779 scripsisse
475 2739 636 2776 amatoria,
659 2746 691 2771 et
716 2751 770 2772 ne-

848 1254 912 1285 scio
937 1256 1013 1298 quid
1040 1256 1166 1294 vidisse,
1191 1257 1254 1289 duo
1279 1265 1352 1290 sunt
1374 1260 1511 1292 Nasonis

847 1310 991 1344 peccata.

891 1354 942 1384 24.
969 1354 1008 1384 Et
1023 1366 1153 1397 peragar
1166 1357 1443 1399 pluribus—reus]
1468 1359 1509 1389 Et

846 1412 908 1433 non
931 1408 1052 1435 tantum
1072 1415 1091 1436 a
1115 1406 1252 1441 Caesare,
1275 1406 1330 1438 sed
1353 1408 1447 1439 etiam
1468 1409 1508 1440 ab

844 1452 987 1484 omnibus
1014 1455 1256 1486 condemnabor.
1302 1458 1401 1499 Agere
1425 1458 1508 1488 enim

843 1511 940 1538 reum,
955 1509 1002 1534 est
1016 1515 1103 1535 reum
1119 1516 1279 1543 accusare,
1289 1518 1377 1537 reum
1392 1508 1508 1545 facere,

842 1548 923 1582 inter
945 1562 1013 1583 reos
1037 1554 1161 1585 referre.
1208 1555 1364 1587 Publicus.
1388 1557 1433 1588 Ut
1454 1558 1507 1599 qui

843 1598 875 1629 in
891 1602 1075 1644 rempublic.
1091 1604 1317 1635 commiserim:
1342 1606 1422 1637 male
1437 1609 1507 1647 plu-

843 1650 937 1679 ribus.

880 1700 933 1729 29.
947 1699 1079 1741 Malus]
1095 1701 1157 1738 Qui
1169 1702 1327 1739 continuo,
1339 1704 1427 1745 quasi
1440 1705 1506 1735 offi-

845 1748 885 1779 eii
895 1760 978 1791 ergo,
987 1751 1096 1782 audita
1103 1752 1142 1782 ad
1149 1751 1367 1793 imperatorem
1375 1753 1506 1786 deferat.

887 1800 940 1829 33.
966 1800 1096 1840 Quoeque
1117 1802 1210 1837 volem
1230 1808 1299 1832 <rata
1316 1803 1405 1843 sint]
1434 1803 1520 1842 Ma-,

842 1847 897 1878 lim
923 1849 996 1884 Qua:
1012 1857 1118 1887 vovet3
1143 1862 1158 1880 0
1177 1858 1247 1881 ruta
1269 1853 1341 1887 sint,
1360 1853 1422 1888 vel,
1445 1855 1506 1884 ah!

841 1904 911 1928 *rata
922 1901 992 1929 sint.
1017 1900 1127 1929 Ablata
1145 1902 1191 1930 ἱνα
1206 1900 1359 1932 immerito
1374 1902 1506 1934 offendit

842 1946 1021 1984 Ciofanum,
1040 1954 1075 1979 ut
1094 1960 1204 1990 parum
1224 1949 1335 1981 Latine
1358 1951 1502 1990 dictum3

841 2007 914 2027 nam
929 1998 1052 2039 anferre
1072 2000 1147 2029 iram
1171 1999 1299 2041 elegans
1321 2011 1381 2031 non
1402 2000 1506 2033 minus

841 2052 899 2083 est,
913 2058 1008 2089 quam
1021 2049 1145 2091 auferre
1149 2052 1297 2091 jurgium
1309 2050 1392 2092 apud
1409 2051 1505 2082 Plau-

841 2102 920 2133 tum,
949 2103 981 2128 et
1009 2099 1094 2140 apud
1116 2099 1285 2140 Virgilium
1309 2107 1419 2130 metum
1447 2113 1503 2131 αιι-

831 2147 933 2187 ferre.
982 2148 1091 2179 Posset
1118 2154 1224 2179 tamen
1255 2154 1287 2179 et
1311 2151 1429 2180 sublata
1456 2153 1504 2181 ira

841 2196 916 2238 legi,
941 2198 990 2228 vel
1012 2200 1125 2233 sedata,
1151 2198 1201 2229 vel
1224 2199 1359 2240 denique
1380 2208 1502 2239 pacata,

842 2257 939 2287 quum
948 2248 1071 2286 placata
1086 2247 1126 2278 sit
1140 2247 1172 2278 in
1187 2247 1356 2284 nonnullis,
1372 2249 1455 2289 quod
1471 2250 1503 2280 in

842 2296 989 2338 superiori
1006 2308 1096 2328 versu
1111 2304 1322 2339 praecesserat.
1362 2298 1481 2330 Hnms.

891 2346 1000 2386 wien]
1041 2346 1072 2376 h.
1097 2357 1125 2377 e.
1156 2346 1247 2377 valde
1274 2346 1390 2388 cupiet.
1428 2350 1504 2380 velle

841 2393 925 2424 enim
939 2395 1067 2426 verbum
1082 2395 1236 2437 proprium
1248 2395 1337 2436 quasi
1348 2406 1415 2427 esse
1431 2408 1502 2438 pre-

842 2444 931 2475 cibus
952 2450 983 2475 et
1002 2445 1273 2481 obtestationibus,
1291 2446 1344 2476 ubi
1363 2446 1501 2477 favorem

842 2498 874 2524 et
897 2493 1035 2524 studium
1061 2494 1240 2535 quaerimuS‚
1263 2494 1356 2525 docet
1381 2495 1503 2526 Curtius

841 2543 880 2574 ad
900 2543 967 2574 Cic.
983 2543 1003 2573 i.
1020 2554 1069 2585 ep.
1088 2545 1113 2573 l.
1138 2554 1233 2585 quare
1251 2543 1337 2574 irrita
1354 2544 1411 2574 erit
1427 2556 1500 2576 con—

836 2593 962 2635 jectura
971 2592 1106 2628 Heinsii,
1118 2604 1180 2632 qme
1192 2599 1285 2629 vovet,
1298 2605 1313 2623 0
1323 2600 1403 2623 rata.
1424 2594 1501 2626 Deos

840 2648 945 2673 autem
970 2642 1117 2682 intelligit
1142 2642 1299 2673 Caesarem
1321 2648 1353 2674 et
1372 2643 1499 2675 domum

840 2692 1026 2723 Caesaream.
1070 2692 1220 2723 HAans.

883 2741 935 2772 34.
959 2741 1057 2771 Extra
1074 2741 1206 2783 patriam
1229 2741 1318 2778 mori,
1344 2742 1500 2774 veteribus
