1760 3172
342 166 434 207 EX
467 165 678 208 PONTO
713 166 832 207 LIB.
867 167 949 208 IV.
983 167 1175 210 EPIST.
1208 169 1318 212 XV.

1435 173 1522 214 529

133 279 296 334 Quam
320 288 422 337 tua,
449 298 531 329 rus
556 282 711 328 oculis
733 282 936 338 domini,
963 283 1253 346 Campania,
1282 293 1495 347 gratum,

199 357 427 421 Quaeque
451 359 624 406 relicta
647 358 753 415 tibi,
785 359 956 415 Sexte,
983 361 1060 407 vel
1086 369 1219 409 emta
1244 370 1401 419 tenes,

133 434 256 482 Tam
281 442 394 482 tuus
421 452 482 482 en
507 452 599 498 ego
625 452 761 492 sum3
803 437 944 499 cujus
970 443 1018 483 te
1043 454 1246 486 munere
1273 440 1401 486 tristi

197 512 311 559 Non
336 519 481 577 potes
506 513 556 559 in
588 513 752 560 Ponto
777 513 941 561 dicere
967 514 1150 562 habere
1177 516 1314 563 nihil.

1454 522 1518 564 20

127 589 297 653 Atque
321 591 509 638 utinam
534 591 712 654 possiS,
739 598 790 638 et
814 592 958 639 detur
983 592 1189 638 amicius
1215 594 1413 640 arvum!

196 667 427 730 Remque
451 675 587 715 tuam
613 684 768 731 ponas
795 668 845 714 in
872 668 1073 715 meliore
1098 670 1234 716 loco!

126 743 273 798 Quod
298 745 531 808 quoniam
557 744 606 790 in
632 744 722 791 Dis
748 751 840 800 est,
868 751 1005 791 tenta
1029 745 1181 792 lenire
1207 748 1458 809 precando

198 821 432 878 Numina,
460 829 703 886 perpetua
725 838 838 885 quae
860 822 1046 885 pietate
1071 823 1209 870 colis.

126 899 317 946 Erroris
343 915 457 947 nam
480 907 550 955 tu,
576 900 659 946 vix
685 906 762 947 est
785 900 1081 955 discernere,
1111 901 1264 948 nostri
1448 905 1511 948 25

193 975 274 1022 Sis
300 983 646 1039 argumentum
670 977 848 1039 majus,
877 993 938 1023 an
965 977 1221 1024 auxilium.

128 1053 236 1101 Nec
261 1053 496 1101 dubitans
518 1070 629 1102 oro:
670 1054 758 1100 sed
783 1053 984 1101 flumine
1012 1070 1145 1118 saepe
1172 1055 1392 1102 secundo

191 1132 418 1194 Augetur
441 1132 590 1179 remis
615 1147 789 1179 cursus
815 1130 977 1178 euntis
1005 1147 1164 1194 aquae.

113 1303 215 1346 form]
242 1305 404 1341 Quantum
424 1303 517 1334 etiam
534 1304 643 1335 domus
657 1310 703 1335 est
720 1310 784 1341 tua,

122 1363 217 1394 quam
232 1353 329 1384 habes
349 1353 549 1395 conjunctam
572 1354 634 1384 foro
650 1354 786 1395 Augusti

123 1402 271 1434 Caesaris.

168 1453 216 1483 17.
250 1453 348 1487 Quam.
377 1459 443 1489 tua,
470 1464 521 1483 ras
545 1453 664 1493 oculis]
699 1453 785 1484 Ordo

120 1507 185 1533 est:
210 1503 313 1540 Quam
339 1512 393 1544 pro
419 1507 582 1544 quantum,
610 1502 786 1544 Campania

123 1551 304 1593 adpositive‚
326 1562 377 1582 rus
399 1557 522 1592 gratum
545 1551 644 1583 oculis
667 1551 784 1582 domini

119 1606 166 1632 est
182 1606 246 1632 tua.
288 1602 349 1632 Per
366 1601 561 1640 Campaniam
575 1606 679 1631 autem
695 1600 784 1631 intel-

119 1649 245 1691 ligimus
278 1661 330 1681 rus
368 1649 496 1692 aliquod
533 1649 616 1691 quod
648 1649 785 1680 habebat

121 1699 288 1741 Pompeius
309 1699 343 1730 in
365 1699 558 1741 Campania:
584 1699 713 1730 fortasse
737 1700 784 1730 in-

120 1748 241 1780 tellexit
261 1760 315 1791 per
342 1749 545 1785 Trinacriam,
563 1759 626 1785 rus,
652 1756 705 1780 aut
729 1760 782 1790 op-

119 1799 229 1840 pidum
249 1798 377 1841 aliquod
396 1798 510 1830 Siciliae
530 1798 670 1840 ejusdem
690 1794 781 1828 Pom-

118 1848 199 1891 peii:
236 1849 379 1880 similiter
406 1859 460 1891 per
488 1855 600 1879 terram
637 1848 782 1888 Philippi,

117 1910 168 1930 rus
202 1898 236 1929 in
265 1898 466 1930 Macedonia„
524 1898 629 1928 Oculis
656 1899 781 1929 domini.

119 1948 230 1979 Oculis
244 1947 317 1979 tuis.

165 1999 214 2029 18.
240 1998 369 2038 Quaeque
390 1997 529 2038 relicta]
565 1998 605 2027 Et
628 2002 780 2038 quantum

117 2057 157 2078 ea
171 2052 244 2078 sunt
257 2045 314 2077 tibi
330 2057 348 2077 a
362 2046 532 2088 majoribus
545 2045 606 2077 tuis
620 2046 740 2076 relicta.

165 2097 214 2127 19.
239 2097 310 2127 Tam
332 2103 412 2133 tuus,
427 2096 503 2136 &c.]
528 2096 607 2126 Tam
630 2106 687 2136 ego
704 2095 780 2126 Ovi-

115 2146 186 2177 dius
208 2156 278 2177 sum
301 2145 512 2177 numerandus
534 2145 566 2175 in
590 2151 643 2176 tuo
667 2156 727 2175 aere
752 2150 783 2175 et

116 2206 221 2227 censu.
269 2195 365 2235 Cujus
400 2201 440 2226 te.
487 2195 585 2237 Cujus
616 2194 661 2225 tui
697 2194 782 2226 Sexti

117 2243 259 2286 Pompeii
282 2249 394 2275 moesto
417 2244 513 2275 dono:
540 2254 612 2274 nam
637 2249 690 2274 tuo
714 2254 781 2274 mu-

118 2305 190 2325 nere
205 2299 237 2325 et
252 2294 398 2336 precibus
410 2293 497 2325 vivo:
523 2293 597 2335 quia
619 2299 649 2324 te
668 2300 781 2334 agente

118 2343 280 2385 Augustus
302 2354 353 2375 me
374 2355 435 2375 non
456 2343 623 2379 interfecit,
640 2343 694 2374 sed
710 2350 778 2374 tan—

117 2400 182 2424 tum
198 2393 231 2424 in
247 2393 390 2425 exsilium
403 2393 569 2424 Ponticum
585 2392 679 2423 misit.
708 2393 778 2423 Hoc

116 2449 221 2474 autem
239 2443 427 2474 beneficium
451 2448 545 2485 poeta
564 2442 650 2473 triste
668 2453 781 2473 munus

114 2492 266 2534 adpellat‚
291 2498 455 2535 propterea
480 2491 563 2534 quod
586 2491 618 2522 in
642 2502 674 2522 re
702 2491 781 2522 tristi

116 2548 148 2573 et
176 2548 291 2573 moesta
313 2541 502 2573 beneficIum
531 2546 578 2572 est
605 2541 781 2572 adsecutus.

113 2591 174 2622 Sed
187 2591 366 2622 Harlesius:
395 2591 487 2621 Tristi
504 2591 613 2626 Ponto,
630 2589 660 2620 h.
674 2600 703 2620 e.
721 2595 781 2620 ste-

113 2640 173 2671 rili.
188 2642 227 2672 P.
238 2640 282 2671 iii.
295 2642 326 2672 8.
340 2642 389 2672 15.
419 2642 526 2678 Quum
539 2639 658 2681 ego'me
671 2638 727 2669 tibi
739 2638 782 2669 ita

114 2690 206 2726 dono,
218 2690 322 2721 dicere
335 2700 396 2721 non
411 2696 509 2732 potes,
526 2695 556 2720 te
573 2689 648 2720 nihil
664 2687 778 2730 proprii

112 2739 227 2770 habere
239 2739 271 2769 in
286 2740 388 2770 Ponto
405 2738 536 2770 horrido.
584 2738 731 2768 HARLES.

150 2789 251 2821 VOL.
269 2789 315 2819 ΙΙ.

895 1305 946 1334 20.
972 1304 1041 1334 Non
1069 1304 1175 1344 potes]
1203 1304 1275 1334 Non
1303 1310 1389 1346 potes
1413 1304 1516 1335 dicere

851 1360 881 1384 te
897 1353 974 1384 nihil
997 1354 1154 1395 possidere
1177 1353 1209 1383 in
1225 1354 1358 1384 Pontica
1380 1355 1516 1395 regione,

851 1414 946 1445 quum
963 1403 1082 1444 aliquid
1100 1403 1216 1433 habeas
1232 1402 1375 1433 habendo
1391 1414 1451 1434 me.

894 1455 946 1484 21.
976 1453 1017 1483 Ut
1046 1455 1136 1483 detur
1161 1455 1285 1483 amicius
1310 1453 1444 1493 arvium]
1474 1453 1516 1483 Et

851 1504 940 1532 detai-
955 1502 1109 1533 meliores.
1139 1502 1257 1532 Hfflxs.
1282 1501 1334 1531 An
1356 1513 1417 1532 non
1433 1513 1513 1543 prae-

851 1558 946 1583 staret
961 1551 1057 1582 etiarn
1074 1553 1217 1582 amoenius
1232 1562 1338 1581 arvam
1352 1553 1363 1581 ?
1387 1562 1458 1582 nam
1475 1552 1514 1582 de

851 1601 990 1632 amicitia
1028 1602 1180 1632 Getarum
1218 1600 1367 1642 gloriatur
1404 1601 1516 1643 Elegia

850 1650 1039 1693 praecedenti
1068 1657 1099 1681 et
1128 1650 1223 1681 alibi:
1262 1661 1320 1681 nec
1352 1649 1515 1682 inimicum

850 1700 943 1732 fuisse
966 1706 1066 1743 potest
1092 1700 1241 1742 Pompeio
1262 1710 1388 1732 arvum:
1414 1702 1517 1731 mitius

852 1761 962 1781 arvum
976 1756 1038 1781 tres
1053 1749 1134 1780 liori.
1181 1750 1298 1780 Bmm.

893 1801 945 1831 26.
978 1799 1025 1830 Sis
1058 1799 1298 1841 argumentum]
1338 1797 1516 1839 Ambiguus

850 1849 900 1880 hic
917 1850 1004 1880 locus
1018 1854 1076 1885 est,
1092 1859 1191 1890 eoque
1206 1847 1360 1878 difficilior
1375 1857 1512 1889 quoque,

849 1904 882 1929 et
904 1898 1080 1929 obscurior:
1105 1897 1190 1928 varie
1215 1897 1297 1928 enim
1323 1895 1436 1938 exponi
1460 1907 1515 1938 po-

849 1953 919 1979 test.
965 1948 1036 1984 Vel,
1047 1953 1082 1978 ut
1097 1946 1288 1988 accipiamus
1303 1952 1515 1987 argumentum

849 2008 903 2039 pro
929 2002 1013 2028 certo
1038 1996 1155 2027 indicio
1176 2007 1212 2026 ac
1237 1995 1336 2036 signo,
1353 2006 1414 2036 quo
1438 1995 1514 2037 quid

848 2048 996 2089 probatur
1011 2052 1043 2077 et
1058 2045 1264 2081 convincitur,
1281 2056 1339 2076 ceu
1356 2050 1428 2075 sunt
1443 2056 1513 2086 quae

850 2097 973 2134 πίστεις
988 2095 1119 2132 Graecis,
1133 2102 1163 2126 et
1180 2094 1332 2137 τεκμήρια
1348 2094 1512 2132 dicuntur3

851 2152 884 2177 ut
905 2146 944 2176 sit
969 2144 1142 2176 sententia:
1168 2144 1312 2175 Dubium
1336 2149 1393 2179 est,
1409 2149 1513 2174 utrum

850 2196 949 2237 majus
978 2194 1129 2224 auxilium
1154 2193 1229 2223 mihi
1259 2194 1412 2234 rebusque
1439 2192 1516 2223 meis

849 2245 902 2279 sis,
915 2254 953 2274 an
968 2244 1068 2285 majus
1083 2242 1244 2278 indicium,
1256 2241 1430 2282 certiorque
1445 2252 1515 2282 pro-

848 2293 933 2324 batio
962 2303 998 2323 ac
1028 2292 1104 2323 fides
1129 2291 1238 2322 erroris
1265 2290 1344 2322 mei:
1371 2291 1428 2321 hoc
1456 2296 1514 2327 est,

850 2342 933 2385 quod
963 2353 1073 2377 errore,
1103 2352 1164 2371 non
1199 2341 1314 2371 scelere
1344 2339 1513 2381 peccarim.

847 2393 909 2424 Vel
926 2402 1058 2426 rursum,
1075 2396 1110 2421 ut
1130 2390 1212 2421 idern
1234 2400 1347 2419 nomen
1370 2399 1423 2430 pro
1446 2400 1511 2419 ma-

848 2440 937 2476 teria,
963 2446 994 2470 et
1024 2438 1114 2481 quasi
1139 2438 1274 2480 quodam
1304 2437 1444 2478 subjecto
1470 2434 1513 2468 rei

850 2489 1052 2531 accipiamus,
1075 2488 1158 2519 unde
1182 2493 1291 2529 postea
1315 2486 1434 2527 aliquid
1459 2498 1515 2516 ex-

850 2539 1032 2572 aedificatur,
1047 2543 1101 2568 aut
1116 2537 1258 2568 efficitur.
1302 2536 1384 2572 Sive,
1397 2541 1431 2566 ut
1447 2536 1511 2578 pla-

850 2588 920 2619 nius
947 2587 1061 2623 dicam,
1085 2597 1139 2628 pro
1169 2597 1259 2628 opere
1286 2586 1449 2616 informato
1475 2596 1512 2616 ac

851 2637 1020 2668 delineato.
1064 2637 1145 2666 Mic.
1188 2636 1274 2667 Prior
1302 2633 1514 2677 interpretatio

850 2685 991 2717 Harlesio
1007 2686 1163 2727 probatur.

980 2785 1015 2814 M
1034 2796 1057 2814 M
