1760 3172
423 165 611 208 ARTIS
645 164 1002 207 AMATORIAE
1034 163 1154 205 LIB.
1188 164 1252 205 ΙΙ.

162 279 242 326 Sis
267 279 384 328 licet
408 281 613 344 antiquo
640 279 822 327 Nireus
848 280 1106 327 adamatus
1133 278 1380 334 Homero3

225 356 576 421 Naiadumque
603 364 742 404 tener
767 356 972 403 crimine
998 363 1168 419 raptus
1195 354 1384 419 Hylas;

1455 357 1545 401 110

162 432 232 480 Ut
255 434 506 480 dominam
532 441 719 488 teneaS,
748 449 840 480 nec
866 440 916 480 te
942 433 1118 479 mirere
1143 432 1385 486 relictum,

225 510 420 573 Ingenii
445 512 587 558 dotes
613 511 832 574 corporis
859 511 987 558 adde
1012 509 1171 557 bonis.

156 587 332 635 Forma
352 589 538 635 bonum
562 588 734 651 fragile
760 595 863 645 est;
906 594 1249 651 quantumque
1269 584 1463 632 accedit
1481 584 1543 631 ad

223 664 302 712 Fit
325 665 483 711 minor
503 683 512 721 ;
554 672 604 712 et
628 665 790 728 spatio
815 663 1032 728 carpitur
1057 665 1167 727 ipsa
1191 678 1296 709 suo.

156 739 263 787 Nec
288 741 428 788 violae
454 757 666 805 semper,
694 758 785 789 nec
811 742 999 789 hiantia
1021 741 1123 788 lilia
1147 741 1339 793 florent,

1365 663 1542 723 [annos

1451 742 1469 784 1
1485 740 1540 784 15

220 816 287 864 Et
310 817 437 879 riget
461 819 644 865 amissa
667 819 812 882 spina
835 819 1006 866 relicta
1030 819 1160 865 rosa.

155 893 221 941 Et
244 893 334 940 tibi
352 895 458 957 jam
484 895 594 941 cani
617 895 833 951 venient,
862 895 1090 950 formose,
1119 895 1314 958 capilli:

217 970 248 1016 J
253 986 333 1017 am
356 971 556 1019 venient
581 987 731 1034 rugae,
760 988 871 1034 quae
896 971 985 1019 tibi
1011 987 1191 1035 corpus
1217 976 1372 1018 arent.

150 1046 180 1092 J
186 1062 264 1093 am
288 1048 460 1096 molire
486 1049 721 1104 animum,
747 1048 833 1111 qui
858 1049 1018 1104 duret,
1041 1055 1091 1095 et
1115 1048 1315 1095 adstrue
1340 1047 1508 1093 formae
1528 1062 1536 1093 :

220 1124 367 1172 Solus
393 1125 456 1172 ad
482 1132 732 1172 extremos
758 1132 1016 1188 permanet
1041 1125 1122 1172 ille
1147 1141 1309 1187 rogos.

1448 1127 1540 1169 120

154 1200 262 1248 Nec
287 1202 409 1249 levis
435 1203 675 1265 ingenuas
701 1209 878 1266 pectus
904 1202 1119 1249 coluisse
1144 1218 1232 1265 per
1257 1209 1388 1249 artes

219 1279 354 1327 Cura
377 1280 441 1327 sit
463 1298 473 1337 3
514 1288 564 1328 et
583 1281 777 1343 linguas
804 1280 1071 1327 edidicisse
1097 1280 1238 1326 duas.

154 1355 269 1403 Non
293 1356 538 1404 formosus
564 1364 685 1413 erat,
713 1358 802 1405 sed
828 1364 933 1404 erat
957 1357 1201 1404 facundus
1230 1355 1408 1402 Ulixes
1432 1372 1440 1402 :

218 1433 284 1481 Et
307 1441 474 1482 tamen
499 1451 756 1498 aequoreas
783 1435 926 1482 torsit
951 1450 1117 1482 amore
1145 1433 1298 1480 Deas.

198 1615 270 1645 109.
296 1614 346 1645 Sic
368 1616 437 1646 licet
459 1617 584 1656 antiqno
604 1616 718 1647 Nireus
737 1617 811 1646 ‹nla-

151 1670 248 1694 umens
262 1664 417 1705 Homero]
445 1665 566 1695 Scilicet
578 1665 716 1707 quinque
731 1665 811 1695 libri.

150 1723 241 1748 unus,
256 1715 281 1743 .ςὶ
301 1714 380 1749 licet,
396 1713 486 1749 alius,
502 1716 543 1744 sic
566 1715 646 1744 licet.
691 1713 810 1749 Scribe,

151 1762 189 1791 sis
205 1762 284 1798 licet,
301 1767 394 1803 atque
410 1761 455 1792 ita
469 1763 584 1793 Moreti
602 1762 714 1793 codex.
759 1763 811 1793 Li-

149 1815 210 1846 cet,
230 1809 342 1851 inquit,
367 1810 499 1841 Nireum
521 1813 560 1842 ab
585 1812 720 1842 Homero
741 1817 810 1842 tan-

150 1864 255 1900 topere
270 1859 433 1890 laudatum
449 1871 555 1901 aeques
566 1860 810 1903 pulchritudine,

150 1913 205 1938 aut
218 1907 337 1949 Hylan.
354 1909 491 1950 respexit
504 1909 577 1940 illa:

199 1958 328 1998 Νιρεὺς,
357 1958 394 1994 ὃς
425 1957 599 1996 κάλλιστος
627 1958 712 2000 ἀνὴρ
741 1958 807 1990 ὑπὸ

233 2004 342 2038 Ἰλιον
357 2006 440 2044 ἦλθε

191 2058 265 2087 Τῶν
278 2056 393 2088 ἄλλων
408 2059 563 2088 Δαναῶν.

149 2104 256 2140 Quare
282 2104 445 2136 Thersiten
469 2105 626 2136 Lucianus
653 2106 733 2147 apud
760 2105 808 2136 in-

149 2153 229 2183 feros
245 2164 316 2184 cum
332 2153 429 2184 Nireo
447 2154 678 2195 colloquentem
693 2154 737 2185 sic
761 2154 807 2185 in-

149 2201 248 2238 ducit,
262 2204 299 2234 ἓν
309 2203 369 2244 μὲν
382 2201 444 2242 ἤδη
456 2202 541 2234 τοῦτ’
553 2203 629 2244 ἔχω,
638 2203 687 2235 ὅτι
701 2203 809 2245 ὅμοιος

147 2250 210 2292 εἰμί
229 2262 291 2287 σοι,
308 2253 362 2283 καὶ
383 2251 478 2284 οὐδὲν
497 2253 688 2290 τηλικοῦτον
705 2252 808 2294 διαφέ-

149 2311 225 2341 ρεις,
242 2300 359 2339 ἡλίκον
374 2313 406 2333 σε
421 2301 564 2344 Όμηρος
582 2302 701 2340 ἐκεῖνος
719 2303 735 2334 ὁ
754 2314 808 2334 τυ-

148 2350 231 2390 φλὸς
244 2349 417 2388 ὲπὴνεσεν,
427 2350 590 2382 ἁπάντων
605 2352 808 2393 εὐμορφώτα·

151 2409 211 2429 τον
224 2400 424 2441 προσειπών.
441 2399 514 2430 hinc
524 2399 644 2442 Νιρέως
654 2401 806 2442 εὐμορφό-

149 2458 239 2489 τερος
260 2447 408 2488 adagium
430 2449 514 2490 apud
533 2449 673 2486 Graecos,
695 2456 728 2482 et
751 2454 810 2481 Νι·

148 2495 227 2537 ρέως
241 2496 400 2529 καλλίων.
447 2498 568 2528 HmNs.

195 2546 266 2576 115.
291 2546 355 2577 Nec
379 2558 490 2587 semper
508 2548 603 2583 violae,
627 2558 680 2577 nec
698 2558 809 2588 semper

149 2594 217 2624 lilia
229 2594 376 2635 florent-J
426 2595 533 2626 Cincin
558 2597 625 2626 lilia
654 2596 807 2627 Bernens.

147 2652 238 2679 unus,
264 2655 318 2674 nec
346 2655 457 2684 semper
487 2646 553 2675 lilia
572 2646 689 2686 florent
719 2645 808 2682 alter,

143 2693 261 2723 hiantia
274 2692 412 2724 habebat
426 2699 457 2724 et
479 2693 625 2724 francof.
646 2704 701 2735 pro
721 2693 808 2724 varia

879 1615 1025 1646 lectione.
1051 1625 1145 1656 quam
1171 1615 1333 1646 confirmat
1350 1619 1382 1644 et
1399 1614 1540 1644 Martial.

880 1665 923 1695 xi.
941 1664 1042 1706 Epist.
1059 1666 1108 1695 19.

924 1714 988 1744 Nec
1006 1713 1126 1744 Baletus
1142 1714 1236 1748 hiare,
1252 1724 1311 1743 uon
1329 1714 1459 1743 nmriscae

926 1764 1047 1799 Ridere,
1064 1769 1118 1792 ιιιιῖ
1133 1763 1213 1792 violae
1227 1768 1330 1802 patere
1342 1768 1474 1801 possunt.

1377 1811 1496 1840 Bnnm.

925 1862 996 1892 119.
1019 1861 1089 1891 Jam
1103 1862 1204 1891 molire
1214 1861 1360 1895 animum,
1376 1862 1427 1900 qui
1439 1862 1540 1896 duret,

875 1918 903 1943 et
918 1910 1192 1951 aso-zcef0r711am.]
1221 1910 1321 1939 Recte
1338 1910 1537 1951 ‹zdstruesor-

876 1972 926 1991 711oe
941 1960 1077 2001 optimus
1092 1959 1214 2000 Regius
1227 1969 1299 1989 cum
1315 1958 1465 1999 Scaligeri
1481 1970 1538 1989 ex-

875 2009 990 2051 cerptis
1014 2015 1045 2039 et
1070 2015 1190 2050 septem
1216 2008 1295 2038 aliis.
1320 2008 1379 2038 hoc
1404 2014 1462 2044 est,
1488 2020 1538 2039 su—

873 2060 1017 2098 peradde,
1036 2058 1080 2088 sic
1103 2069 1210 2088 novum
1232 2058 1326 2087 ‘veteri
1344 2057 1469 2097 ‹rdzficio
1484 2060 1538 2087 ad-

875 2115 991 2138 struere
1007 2107 1087 2137 dixit
1107 2106 1297 2137 Columella.
1322 2117 1424 2147 neque
1448 2107 1539 2138 aliter

876 2156 985 2198 optimi
998 2155 1177 2186 Latinitatis
1193 2166 1344 2186 auctores.
1389 2155 1508 2186 Hfflxs.

922 2206 994 2236 120.
1013 2205 1205 2244 Permanet]
1222 2204 1359 2235 Pertinet
1369 2215 1449 2235 unus
1460 2205 1538 2235 Ber-

875 2254 991 2290 nensis,
1009 2253 1048 2284 de
1069 2264 1132 2294 quo
1153 2252 1367 2294 cogitandum,
1387 2263 1459 2284 nam
1483 2265 1538 2295 pro

872 2305 1055 2344 pertingere,
1071 2313 1132 2344 quo
1155 2302 1248 2332 hodie
1263 2312 1426 2343 perperam
1445 2309 1538 2333 utun-

878 2357 940 2388 tur,
957 2357 1079 2382 veteres
1098 2362 1168 2382 usos
1187 2351 1244 2381 hoc
1267 2352 1360 2382 verbo
1375 2350 1538 2382 docuimus

877 2401 918 2431 ad
948 2400 1105 2437 Quinctil.
1140 2400 1175 2430 ii.
1205 2400 1244 2431 de
1274 2400 1352 2430 Inst.
1381 2400 1472 2430 Orat.
1503 2400 1536 2430 4.

879 2450 997 2480 Burni.

924 2499 996 2528 124.
1026 2498 1189 2537 AEquoreus
1212 2499 1297 2527 torsit
1319 2508 1417 2527 amore
1440 2497 1536 2537 deas]

877 2547 996 2584 Scribe,
1011 2558 1174 2587 oequoreum
1194 2546 1300 2577 Deam.
1317 2546 1374 2577 nisi
1391 2552 1423 2577 et
1444 2547 1536 2578 Circe

877 2596 997 2627 deabus
1021 2595 1172 2636 aequoreis
1195 2595 1404 2627 accensenda.
1430 2596 1537 2627 Hem-

877 2656 960 2676 srus.
979 2646 1072 2675 tra-rit
1087 2655 1185 2674 amore
1200 2643 1350 2675 Vatican.

938 2748 999 2777 B4
