1760 3172
254 173 339 213 446

649 171 696 211 Ρ.
721 170 933 213 OVIDII
969 169 1247 213 NASONIS

259 287 382 342 Quae
408 287 496 333 tibi
524 303 583 333 ue
608 286 789 341 desint,
809 287 935 333 bene
958 302 1045 349 per
1066 287 1194 334 mala
1214 294 1380 334 nostra
1405 297 1634 342 cavetur;

326 363 513 426 Meque
538 363 639 409 viro
665 363 815 409 flendi
841 362 986 426 copia
1011 363 1147 410 dives
1173 363 1330 411 adest.

264 440 430 503 thue
450 455 572 487 meae
598 455 675 486 res
701 447 831 494 sunt,
851 442 1000 495 omni,
1021 449 1156 504 puto,
1180 450 1402 505 tempore
1428 443 1572 490 flebis
1592 460 1601 490 :

326 517 431 564 Has
457 517 651 564 fortuna
675 516 763 563 tibi
790 525 958 563 nostra
982 517 1225 565 ministrat
1249 534 1386 581 opes.

260 595 312 641 Si
329 610 441 642 mea
459 610 591 641 mors
613 594 901 641 redimenda
921 601 1022 650 tua,
1041 595 1178 658 quod
1199 595 1471 652 abominor,
1489 604 1638 651 esset,

324 671 524 720 Admeti
549 672 751 734 conjux,
769 686 919 733 quam
945 672 1240 735 sequereris,
1269 680 1389 720 erat.

1549 676 1638 720 106

258 749 455 796 AEmula
480 748 760 811 Penelopes
785 747 946 803 fieres,
975 749 1015 795 si
1040 748 1210 797 fraude
1235 750 1420 812 pudica

325 827 578 873 Instantes
601 826 751 872 velles
776 825 945 873 fallere
970 834 1127 890 nupta
1150 842 1344 890 procos.

260 905 312 951 Si
338 920 504 952 comes
531 903 764 951 exstincti
788 920 960 951 manes
986 920 1252 967 sequerere
1277 904 1455 960 mariti,

326 982 473 1030 Esset
497 983 600 1029 dux
625 980 741 1029 facti
769 982 1039 1029 Laodamia
1061 981 1151 1029 tui.

1550 984 1641 1027 llO

260 1059 428 1123 Iphias
454 1066 569 1106 ante
595 1059 765 1106 oeulos
790 1059 880 1106 tibi
906 1066 1012 1106 erat
1036 1059 1283 1122 ponenda,
1311 1058 1490 1106 volenti

327 1137 522 1200 Corpus
547 1136 596 1183 in
623 1153 859 1185 accensos
885 1137 1081 1185 mittere
1106 1136 1229 1184 forte
1255 1153 1416 1200 rogos.

261 1214 305 1260 N
313 1215 344 1261 il
369 1231 493 1278 opus
520 1223 598 1262 est
621 1216 735 1272 leto,
764 1216 831 1262 nil
858 1216 1124 1264 Icariotide
1149 1218 1277 1275 tela3

326 1291 540 1339 Caesaris
565 1300 616 1340 at
637 1295 821 1357 conjux
847 1311 930 1343 ore
955 1295 1207 1359 precanda
1231 1303 1343 1353 tuo;

259 1369 382 1424 Quae
409 1378 615 1434 praestat
639 1371 817 1419 virtute
843 1389 948 1430 sua,
976 1389 1037 1420 ne
1063 1374 1228 1437 prisca
1251 1380 1473 1421 vetustas

1550 1376 1640 1421 115

325 1446 495 1494 Laude
517 1447 769 1511 pudicitiae
796 1450 980 1496 saecula
1004 1458 1175 1498 nostra
1199 1458 1420 1514 premat;

259 1524 383 1579 Quae
408 1524 617 1572 Veneris
643 1525 866 1582 formam,
895 1543 1058 1575 mores
1082 1527 1112 1574 J
1117 1528 1293 1575 unonis
1318 1528 1566 1584 habendo,

327 1601 445 1649 Sola
469 1609 545 1649 est
569 1603 759 1650 coelesti
785 1603 936 1666 digna
960 1611 1157 1668 reperta
1180 1612 1303 1652 toro.

259 1678 391 1734 Quid
408 1679 658 1742 trepidas?
675 1680 795 1743 quid
814 1681 948 1728 adire
959 1681 1134 1729 times?
1151 1698 1249 1729 non
1264 1681 1417 1745 impia
1427 1681 1640 1744 Progne,

326 1756 511 1804 Filiave
537 1757 693 1805 AEetae
720 1775 839 1806 voce
867 1760 1110 1807 movenda
1134 1766 1221 1806 tua
1245 1766 1349 1806 est:

304 1891 374 1920 101.
401 1890 473 1924 Qaae
494 1891 547 1920 tibi
572 1902 609 1921 ne
632 1891 756 1932 desinh]
783 1892 833 1923 Ne
855 1892 917 1923 illae

258 1940 402 1980 lacrymae
431 1939 590 1970 deficiant.
636 1940 715 1971 Bene
749 1953 803 1981 per
838 1943 919 1972 mala

258 1995 356 2019 nostra
390 1996 524 2019 cauetur.
561 1990 641 2026 Quae
667 1989 692 2020 si
715 1990 746 2021 in
772 1990 919 2022 memoria

257 2038 412 2075 habueris,
439 2044 470 2069 et
503 2043 575 2069 ante
603 2039 720 2075 oculos,
750 2041 918 2082 subpeteut

258 2087 314 2117 tibi
332 2087 540 2128 lacrymarum
554 2087 694 2118 flumina.

303 2137 373 2167 106.
389 2137 508 2166 Admeti
532 2138 651 2176 conjux,
672 2136 749 2176 δια]
770 2136 916 2174 Alcestis,

258 2185 355 2216 Peliae
373 2185 449 2221 filia,
467 2196 607 2227 uxorque
624 2186 753 2217 Admeti
768 2186 858 2228 regis,
875 2187 917 2219 ita

258 2237 402 2268 maritum
424 2236 551 2272 amavit,
568 2242 601 2267 ut
624 2248 679 2279 pro
702 2248 738 2268 eo
759 2237 835 2268 mori
856 2249 916 2269 non

258 2286 418 2317 dubitarit.

303 2336 374 2365 107.
391 2335 514 2365 AEmula
540 2335 697 2375 Penelopes
708 2336 828 2376 fieres]
849 2336 916 2367 Fie-

260 2395 305 2415 res
334 2384 474 2426 ejusdem
502 2385 544 2415 rei
571 2384 719 2420 studiosa,
745 2385 834 2427 cujus
860 2386 918 2416 fuit

260 2433 427 2475 Penelope.
466 2433 589 2464 Fraude
605 2435 727 2474 pudiea.
749 2434 834 2465 'relae
849 2434 917 2465 scil.

305 2484 376 2514 108.
393 2482 554 2519 Instantes,
570 2483 646 2524 δια]
666 2484 782 2514 Procos
794 2489 825 2514 te
839 2495 916 2515 uxo-

259 2544 320 2563 rem
348 2538 499 2574 petentes,
526 2533 790 2574 quemadmodum
819 2534 918 2565 Pene-

258 2583 360 2624 Iopen.

306 2633 377 2664 109.
390 2632 494 2664 Manes
509 2634 646 2663 exstincti
661 2633 791 2673 marim]
805 2633 918 2663 Manes

259 2682 369 2712 mortui
386 2681 560 2712 Protesilai.

305 2732 376 2762 111.
402 2731 502 2770 Iphias
527 2739 597 2762 ante
624 2732 749 2772 oculum]
777 2731 918 2766 Evadne,

1551 1761 1643 1805 120

986 1893 1086 1935 Iphiae
1108 1892 1183 1929 filia,
1201 1903 1233 1924 se
1258 1893 1291 1922 in
1317 1892 1476 1924 ardentem
1502 1891 1643 1934 Capanei

985 1941 1088 1972 mariti
1115 1952 1235 1983 rogum,
1263 1942 1301 1972 ob
1338 1941 1466 1972 nimium
1496 1951 1644 1977 amorem,

986 1990 1202 2033 praecipitavit.

1032 2041 1104 2071 113.
1118 2040 1282 2070 Icariotide
1297 2039 1381 2079 tela.]
1398 2039 1475 2070 Tela
1489 2044 1521 2070 et
1535 2038 1643 2070 fraude

986 2088 1169 2130 Penelopes,
1184 2089 1276 2120 Icarii
1291 2088 1374 2119 filiae.

1032 2139 1102 2169 114.
1120 2138 1243 2169 Caesaris
1257 2137 1393 2178 carrinam]
1419 2136 1518 2173 Livia,
1533 2137 1642 2178 Augu-

988 2187 1027 2219 sti
1043 2198 1130 2218 uxor.

1032 2237 1103 2267 116.
1123 2236 1247 2267 Premat
1262 2243 1362 2267 nostra
1377 2234 1513 2276 saecula.]
1526 2233 1645 2265 Vincat

986 2291 1123 2315 nostrum
1138 2295 1250 2315 aevum.

1031 2336 1103 2365 118.
1120 2334 1194 2365 Toro
1208 2334 1343 2375 caelesti]
1371 2334 1468 2365 Lecto
1488 2333 1552 2364 divi
1574 2333 1643 2364 Au-

985 2383 1081 2425 gusti.

1031 2434 1102 2464 119.
1118 2432 1216 2473 Impia
1232 2433 1378 2475 Progne]
1406 2431 1550 2464 Crudelis
1570 2431 1645 2462 Pro—

985 2493 1056 2524 gne,
1070 2482 1160 2514 Terei
1174 2493 1262 2517 uxor,
1277 2493 1346 2523 quae
1358 2482 1456 2512 fllium
1467 2481 1551 2522 Itym
1563 2481 1643 2522 patri

985 2531 1176 2574 epulandum
1196 2531 1351 2573 adposuit,
1367 2531 1399 2561 in
1419 2530 1571 2561 ultionem
1593 2540 1642 2561 so-

986 2580 1060 2611 roris
1075 2579 1269 2615 Phssomelae,
1286 2589 1381 2621 quam
1395 2578 1448 2610 ille
1462 2578 1644 2609 violaverat.

1032 2630 1103 2660 120.
1124 2629 1203 2660 Filia
1222 2629 1341 2669 AEetae.]
1359 2628 1476 2659 Medea
1489 2627 1554 2658 filia
1567 2629 1644 2659 AEe-

987 2687 1038 2715 tae,
1062 2678 1143 2721 regis
1165 2678 1365 2710 Colchorum.
1421 2678 1490 2708 Non
1514 2684 1556 2708 est
1584 2689 1643 2707 mo-

989 2732 1079 2761 venda
1109 2736 1160 2759 tua
1188 2740 1265 2759 voce.
1303 2727 1401 2764 Quasi
1422 2727 1520 2764 dicat,
1543 2726 1640 2758 Adlo-
