1760 3172
211 185 297 229 178

616 185 668 226 Ρ.
703 182 918 226 OVIDII
952 182 1234 226 NASONIS

216 301 474 350 Fleximus
500 300 550 347 in
576 301 754 348 laevum
779 292 1069 361 cursusffet,
1097 300 1159 347 ab
1186 298 1419 348 Hectoris
1445 301 1585 356 urbe,

282 379 524 426 Venimus
550 379 613 426 ad
637 385 826 442 portuS‚
855 363 1042 424 Imbria
1064 384 1210 434 terra,
1236 386 1366 426 tuos,

217 456 360 512 Inde,
386 455 481 504 levi
506 462 654 503 vento
681 453 955 517 Zerynthia
977 454 1121 502 litora
1144 456 1320 511 nactis,

282 532 562 580 Threiciam
587 532 751 594 tetigit
774 530 908 578 fessa
931 530 1098 578 carina
1125 531 1327 579 Samon.

1544 535 1610 578 20

217 610 386 657 Saltus
412 611 475 657 ab
500 611 593 657 hac
618 616 751 656 terra
773 607 937 655 brevis
963 615 1042 654 est
1065 607 1318 673 Tempyra
1341 608 1562 673 petenti:

284 685 394 734 Hac
419 687 675 734 dominum
698 692 845 733 tenus
871 689 951 730 est
975 683 1060 732 illa
1084 692 1258 733 secuta
1282 701 1444 733 suurn.

216 808 273 845 dit,
296 808 455 849 Propontis
478 808 613 848 dicitur;
636 807 689 839 ubi
713 807 825 838 iterum
851 816 884 837 se

216 858 338 899 pressit,
349 858 496 889 Thracius
510 858 677 898 Bosporum
701 857 755 888 ubi
771 857 884 887 iterum

218 918 250 938 se
269 907 414 943 effundit,
431 908 547 938 Pontus
566 907 722 944 Eminus5
747 916 810 947 qua
824 915 881 947 pa-

217 956 284 987 ludi
300 956 514 993 committitur,
533 958 711 987 Cimmerius
725 956 883 995 Bosporus.

263 1006 316 1036 17.
342 1006 494 1036 Flea'z'mus
508 1008 540 1036 in
553 1007 658 1036 laevum
673 1005 806 1045 cursus]
833 1005 880 1035 Ex

218 1056 434 1099 Hellesponto,
456 1057 489 1087 in
508 1055 704 1098 Proponditis
723 1055 880 1087 sinistram

217 1112 337 1148 partem
371 1105 602 1148 navigationem
632 1105 788 1136 fleximus.
835 1106 881 1135 Ab

219 1155 360 1185 Hectoris
381 1157 467 1186 urbe.
514 1155 552 1185 Id
572 1160 629 1191 est,
652 1154 722 1190 Ilio,
748 1164 818 1195 quae
841 1164 880 1184 ex

219 1204 331 1245 ngaeo
343 1203 588 1245 Hellespontum
598 1202 801 1245 ingredientis
815 1208 882 1234 erat

219 1263 238 1283 a
261 1252 382 1289 dextra,
409 1258 444 1283 ut
473 1253 514 1283 sit
539 1262 663 1283 sensus:
697 1262 794 1293 quum
819 1251 882 1293 pri-

219 1312 316 1337 mum,
338 1301 370 1331 in
388 1302 500 1342 AEgaeo
522 1300 625 1332 adhuc
641 1300 805 1342 navigans,
825 1300 882 1331 ha-

221 1350 273 1381 bui
290 1350 384 1381 Ilium
400 1361 418 1382 a
433 1351 546 1387 fronte,
561 1350 634 1381 flexi
649 1350 707 1381 iter
722 1350 754 1381 in
768 1350 883 1381 laevam

219 1405 351 1442 partem,
367 1401 421 1431 ubi
444 1405 534 1431 erant
555 1399 626 1431 loca
646 1399 714 1436 illa,
730 1410 800 1441 quae
821 1405 883 1430 sta-

220 1449 274 1480 tim
291 1450 464 1492 subjungit.
510 1449 668 1481 Caeterum
686 1448 767 1480 illud
783 1447 884 1479 ausim

221 1499 396 1535 adfirmare,
413 1504 467 1530 aut
483 1498 622 1530 carmina
643 1498 748 1540 aliqua
763 1497 884 1534 deesse,

222 1555 277 1580 aut
302 1549 384 1580 hanc
409 1548 619 1590 navigationis
642 1547 884 1590 descriptionem

223 1598 335 1629 falsam
350 1609 429 1629 esse.
475 1599 570 1629 Mm.

272 1647 442 1688 Hectoris]
478 1647 582 1678 Valde
615 1645 805 1677 dissentiunt
835 1645 882 1677 in-

221 1702 386 1739 terpretes.
446 1697 653 1738 Verpoorten,
684 1706 779 1737 quem
811 1695 883 1727 vide

221 1746 253 1777 in
269 1747 390 1788 praefat.
407 1745 560 1786 intelligit
573 1745 776 1785 Ophrunium,
787 1745 883 1776 Troa-

221 1795 269 1827 dis
284 1795 432 1838 oppidum
445 1795 526 1826 inter
538 1794 733 1825 Dardaniam
745 1800 776 1825 et
787 1795 884 1826 Rhae-

220 1844 310 1881 tium,
347 1845 438 1875 urbes
473 1843 656 1880 maritimas,
690 1843 795 1880 situm,
828 1844 883 1875 ubi

220 1894 367 1925 Hectoris
380 1893 470 1924 lucus
485 1899 562 1924 erat.
595 1892 640 1923 At
655 1893 737 1924 enim
754 1903 790 1924 eo
805 1904 881 1925 non-

221 1942 298 1973 dum
327 1947 453 1973 venerat
479 1941 624 1978 Ovidius,
651 1947 683 1972 et
713 1953 788 1973 num
811 1943 884 1974 urbs

222 1991 368 2023 Hectoris
391 1990 452 2022 dici
471 1991 582 2027 soleat,
599 1991 781 2022 subdubito.
825 1993 885 2023 Ac-

223 2043 308 2077 toris,
332 2040 394 2082 (ita
420 2039 503 2071 enim
527 2051 652 2082 quoque
676 2040 810 2082 legitur)
834 2052 884 2072 ur-

221 2091 292 2121 bem
319 2090 431 2132 quaerit
455 2090 607 2131 Micyllus
634 2089 668 2120 in
692 2091 811 2122 Lemno
837 2091 881 2122 in-

221 2141 300 2176 sula,
331 2140 421 2182 cujus
449 2150 555 2181 regem
588 2139 759 2181 aliquando
789 2140 883 2172 fuisse

222 2189 381 2226 Actorem,
413 2189 535 2231 Hygin.
571 2190 634 2220 sab.
672 2191 742 2221 102.
777 2189 883 2228 tradit,

222 2239 352 2281 ejusque
376 2238 528 2281 expositio
547 2238 780 2270 verosimillima
796 2239 883 2271 vide-

222 2293 272 2319 tur
289 2289 482 2319 Burmanno.
527 2288 643 2318 Sensus
665 2288 765 2320 foret:
794 2289 883 2320 Post-

223 2348 318 2380 quam
327 2338 368 2369 ad
378 2338 621 2380 Hellespontum
630 2337 773 2369 venimus
785 2338 816 2369 in
830 2339 884 2370 lae-

224 2399 294 2419 vam
316 2387 459 2419 fleximus
480 2390 617 2424 cursum,
637 2393 669 2418 et
691 2388 730 2418 ab
749 2387 884 2425 Actoris,

223 2438 301 2469 urbe
331 2437 362 2467 in
389 2436 493 2468 insula
523 2437 652 2472 Lemno,
679 2436 712 2467 in
743 2437 883 2469 Imbrum

227 2486 341 2528 [quam
361 2486 458 2516 Ovid.
481 2486 630 2517 Imbriam
650 2485 727 2517 dicit
750 2487 880 2528 terram]

224 2534 364 2576 proxime
382 2534 612 2576 navigavimus,
636 2534 708 2565 inde
732 2534 763 2565 in
778 2536 886 2567 Samo-

224 2583 387 2615 thraciam.
402 2595 431 2614 v.
445 2585 555 2615 Burm.
602 2585 754 2615 HAnLEs.

270 2634 319 2664 18.
337 2632 452 2663 Imbria.
465 2634 576 2674 terrm]
593 2634 720 2665 Terram
736 2634 885 2665 Imbriam

224 2692 294 2712 eam
309 2682 396 2718 dicit,
411 2692 506 2724 quam
526 2682 721 2714 Selimbriam
747 2683 883 2720 Plinius,

224 2730 423 2767 Ptolemaeus,
438 2731 607 2772 caeterique
625 2731 804 2773 appellant:
831 2732 885 2764 illa

951 805 1046 843 enim,
1062 813 1093 840 et
1109 807 1276 839 Perinthus
1299 807 1332 839 in
1354 807 1554 850 Propontidis
1574 807 1612 838 li-

951 861 1015 888 tore
1036 857 1144 895 fuere3
1168 857 1228 888 nisi
1252 856 1343 888 malis
1367 857 1555 898 intelligere,
1573 856 1611 887 il-

949 906 1015 936 lum
1031 916 1093 936 non
1111 905 1286 947 ingressum
1307 906 1402 938 fuisse
1422 905 1610 948 Hellespon-

950 961 1027 991 tum,
1044 955 1099 986 sed
1122 956 1271 997 AEgaeum
1289 955 1318 986 ei
1342 955 1480 986 vicinum
1503 955 1612 998 appel-

948 1004 1029 1035 lasse
1046 1004 1300 1046 Hellespontum,
1313 1010 1348 1035 ut
1365 1004 1511 1035 diximus.

1008 1054 1059 1084 19.
1101 1053 1296 1094 Zerynthia]
1339 1054 1378 1085 Id
1415 1060 1473 1091 est,
1511 1054 1611 1097 ipsius

945 1101 1087 1133 Thraciae
1102 1114 1108 1132 :
1133 1113 1206 1133 nam
1222 1102 1254 1133 in
1269 1102 1406 1134 Thracia
1419 1104 1610 1145 Zerynthum

946 1152 1054 1187 fuisse,
1072 1151 1180 1183 scribit
1196 1152 1390 1194 Lycophron,
1406 1163 1528 1183 sacram
1545 1153 1612 1185 He-

947 1206 1026 1231 catae
1039 1212 1046 1238 ;
1063 1200 1120 1232 suit
1133 1206 1164 1231 et
1175 1201 1349 1242 Zerynthus
1364 1201 1397 1231 in
1409 1201 1611 1233 Samothrace

948 1250 1061 1287 insula,
1086 1250 1170 1281 unde
1194 1250 1323 1282 sortasse
1348 1251 1467 1293 regioni
1496 1261 1611 1283 nomen

949 1299 1038 1331 dedit
1053 1299 1148 1331 Ovid.

992 1350 1045 1380 20.
1073 1349 1241 1380 Threiciam
1265 1348 1405 1390 Sumam]
1432 1348 1611 1380 Samothra-

950 1398 1033 1430 ciam
1061 1397 1195 1429 insulam
1224 1397 1257 1429 in
1286 1398 1364 1429 mari
1390 1399 1502 1439 AEgaeo
1527 1398 1612 1430 circa

948 1447 1128 1478 Thraciam.
1425 1474 1431 1477 s

994 1498 1049 1528 21.
1077 1496 1251 1538 Tempyra]
1277 1495 1395 1533 Livius,
1411 1495 1466 1527 lib.
1481 1496 1614 1529 xxxviii.

951 1555 979 1576 c.
1008 1546 1068 1576 41:
1102 1545 1180 1577 Inde
1204 1547 1365 1577 AEniorum
1383 1547 1476 1587 fines,
1502 1554 1613 1586 proeter

952 1595 1112 1634 Apollinis,
1128 1596 1329 1636 Zerynthium
1345 1606 1428 1635 quem
1444 1602 1548 1627 vocant
1564 1598 1613 1627 in-

951 1645 1031 1681 coloe,
1047 1646 1188 1685 templum
1207 1651 1363 1684 superant.
1408 1646 1484 1675 Aliae
1499 1656 1612 1687 angus-

952 1695 1000 1723 tioe
1021 1695 1104 1724 circa
1122 1693 1269 1734 Tempyra
1285 1695 1447 1733 acipiunt,
1463 1694 1533 1735 (hoc
1553 1695 1615 1726 loco

950 1753 1056 1774 nomen
1090 1742 1161 1783 est,)
1192 1755 1252 1774 non
1285 1744 1385 1773 minus
1417 1744 1612 1786 confragosae.

950 1792 1070 1824 HEINS.
1115 1792 1219 1823 Saltus
1240 1794 1345 1824 brevis.
1367 1792 1530 1834 Trajectus
1550 1804 1613 1825 non

949 1841 1071 1883 longus.
1118 1841 1211 1873 Mna.

996 1891 1168 1933 Tempyra]
1198 1890 1374 1923 Diversitas
1399 1897 1447 1923 est
1470 1891 1614 1924 lectionis

950 1946 982 1972 et
1003 1941 1264 1984 conjecturarum,
1281 1952 1360 1983 quas
1380 1942 1414 1972 in
1434 1942 1510 1973 edit.
1533 1943 1614 1974 Bur-

950 1990 1058 2021 manni
1079 1996 1181 2032 potest
1201 1991 1317 2032 Iegere,
1338 1991 1389 2022 cui
1411 1992 1525 2034 volupe
1544 1992 1615 2024 erit.

950 2039 1072 2071 Aldina
1107 2039 1186 2071 edit.
1221 2040 1316 2071 habet
1348 2040 1492 2081 Tentyra.
1551 2041 1614 2073 Sed

951 2100 1026 2121 vera
1048 2094 1105 2126 est,
1120 2095 1156 2120 ut
1177 2090 1328 2121 Heinsius
1344 2101 1361 2121 e
1376 2090 1466 2121 Livio
1484 2090 1615 2133 xxxyiii.

953 2140 1007 2170 41.
1023 2140 1171 2176 ostendit,
1186 2140 1281 2171 lectio
1299 2140 1456 2182 Tempyra,
1473 2140 1506 2171 in
1516 2141 1615 2173 Thra-

952 2189 1002 2220 cia
1033 2190 1090 2220 sub
1115 2189 1272 2231 Rhodope
1301 2189 1383 2221 inter
1411 2190 1547 2221 Nestum
1583 2197 1615 2223 et

952 2238 1108 2270 Hebrum.
1154 2240 1305 2271 HARLEs.

995 2290 1048 2320 22.
1065 2289 1256 2330 Dominum]
1278 2289 1386 2331 Ipsum
1402 2289 1553 2321 Ovidium
1566 2290 1614 2322 in·

952 2338 1067 2380 telligit
1090 2339 1300 2375 Burmannus,
1328 2339 1394 2369 sive
1421 2338 1531 2370 emerit
1559 2350 1615 2371 na-

952 2397 1033 2424 vem,
1049 2387 1115 2419 sive
1130 2387 1294 2430 improprie
1310 2399 1343 2419 se
1359 2387 1405 2419 ita
1419 2393 1522 2424 vocet,
1537 2389 1614 2430 quia

953 2443 1051 2470 totam
1077 2447 1132 2468 suo
1156 2437 1319 2468 comitatui
1344 2443 1376 2469 et
1398 2437 1614 2470 instrumentis

953 2486 1189 2518 transvehendis
1234 2486 1440 2518 conduxerat.
1504 2487 1613 2529 Atque

952 2538 1060 2568 Burni.
1084 2536 1247 2567 sententiae
1264 2536 1432 2567 subscribit
1447 2536 1613 2573 Massonii,

953 2585 1005 2628 qui
1033 2585 1154 2622 statuit,
1182 2585 1253 2616 navi
1277 2585 1377 2628 prima
1401 2596 1419 2616 a
1444 2585 1614 2617 Cenchreis

953 2634 1103 2665 Ovidium
1140 2633 1172 2664 in
1201 2634 1448 2666 Samothraciam
1478 2633 1612 2670 venisse,

954 2683 1026 2715 inde
1056 2693 1136 2714 nova
1165 2683 1236 2714 navi
1266 2683 1424 2726 trajecisse
1455 2683 1486 2714 in
1514 2683 1612 2714 Thra-

953 2733 1044 2764 ciam.
1090 2732 1240 2764 Himmzs.
