1760 3172
204 128 288 168 520

603 127 652 167 P.
687 126 796 167 OVI
807 126 897 166 DII
933 126 1209 167 NASONIS

207 242 421 304 Dignam
449 241 676 289 Maeoniis
703 241 969 288 Phaeacida
993 242 1204 288 condere
1229 242 1411 288 chartis

273 319 440 373 Quum
464 327 513 366 te
540 319 764 366 Pierides
790 319 1091 382 perdocuere
1112 327 1224 365 tuae.

207 396 302 443 Hic
327 404 483 453 tenor,
511 397 616 443 haec
642 397 784 443 viridi
809 396 1073 443 concordia
1097 403 1261 459 coepta
1279 397 1486 458 juventa

270 473 421 520 Venit
444 475 507 521 ad
533 475 758 522 albentes
784 473 1066 521 illabefacta
1090 489 1273 520 comas.

1527 478 1590 519 30

207 550 330 604 Quae
356 551 450 597 nisi
475 558 525 598 te
551 544 944 608 moveant,·duro
970 550 1058 595 tibi
1085 557 1288 611 pectora
1312 549 1436 596 ferro

272 626 428 686 Esse„
440 628 517 674 vel
542 627 723 674 invicto
748 627 917 674 clausa
942 627 1203 674 adamante
1228 634 1414 689 putem.

209 704 309 751 Sed
330 703 467 767 prius
492 704 605 750 huic
633 703 797 751 desint
821 711 872 751 et
896 703 1081 750 bellum
1107 710 1158 750 et
1182 702 1361 765 frigora
1384 711 1543 758 terrae,

273 780 465 827 Invisus
492 780 632 827 nobis
659 796 770 843 quae
791 781 889 827 duo
916 780 1108 826 Pontus
1134 780 1312 837 liabet;
1523 802 1550 849 „⁷

206 856 271 903 Et
295 857 493 920 tepidus
521 856 725 910 Boreas,
747 863 797 903 et
823 856 886 903 sit
910 856 1219 919 praefrigidus
1245 857 1451 913 Auster;
1527 861 1589 904 30

1564 860 1587 879 t.

272 933 338 980 Et
362 934 520 997 possit
542 933 698 980 fatum
723 933 919 979 mollius
942 949 1051 980 esse
1077 949 1258 988 meum,

205 1010 367 1064 Quam
392 1018 479 1058 tua
504 1010 602 1057 sint
626 1010 767 1073 lapso
792 1010 1065 1073 praecordia
1089 1010 1212 1057 dura
1236 1011 1391 1057 sodali
1413 1029 1421 1058 :

271 1087 368 1135 Hic
394 1088 621 1135 cumulus
647 1088 828 1135 nostris
854 1087 1000 1142 absit,
1029 1088 1286 1150 abestque,
1314 1088 1472 1134 malis.

203 1164 278 1212 Tu
303 1165 450 1212 modo
474 1181 563 1228 per
585 1164 819 1228 SuperOS,
842 1180 1052 1227 quorum
1072 1164 1377 1211 certissimus
1399 1165 1479 1212 ille
1499 1173 1592 1221 est,

271 1241 382 1296 Quo
407 1250 523 1289 tuus
550 1242 757 1289 adsidue
783 1242 1008 1305 principe
1033 1241 1186 1288 crevit
1209 1241 1389 1297 honor;

1529 1245 1593 1288 40

205 1319 375 1375 Effice,
402 1321 648 1368 constanti
674 1319 934 1384 profugum
959 1319 1141 1383 pietate
1167 1319 1369 1374 tuendo,

271 1396 349 1444 Ne
375 1404 573 1461 sperata
596 1413 758 1444 meam
784 1397 982 1445 deserat
1005 1412 1124 1443 aura
1152 1404 1322 1443 ratem.

203 1473 335 1527 Quid
355 1474 603 1530 mandem,
622 1490 839 1537 quaeras:
869 1490 1084 1537 peream,
1103 1474 1196 1521 nisi
1212 1473 1376 1521 dicere
1392 1474 1473 1520 vix
1489 1481 1588 1526 est;

270 1550 323 1597 Si
348 1551 513 1607 modo,
542 1552 627 1614 qui
653 1552 813 1615 periit,
842 1552 923 1599 ille
949 1552 1107 1615 perire
1132 1558 1312 1615 potest.

203 1627 312 1675 Nec
335 1628 455 1690 quid
472 1645 615 1691 agam
632 1629 840 1684 invenio,
859 1645 948 1676 nec
970 1628 1091 1691 quid
1110 1628 1338 1682 nolimve,
1355 1628 1588 1680 velimve;

268 1704 378 1752 Nec
406 1706 526 1752 satis
553 1706 740 1753 utilitas
767 1714 843 1754 est
865 1723 976 1754 mea
1000 1713 1119 1753 nota
1143 1706 1278 1752 mihi.

1527 1708 1590 1751 46

205 1781 367 1829 Crede
393 1782 529 1838 mihi,
556 1783 762 1831 miseros
787 1784 1050 1847 prudentia
1075 1784 1233 1848 prima
1258 1783 1509 1846 relinquit,

269 1857 336 1906 Et
361 1876 536 1907 sensus
561 1877 676 1907 cum
702 1877 752 1907 re
778 1861 1137 1923 consiliumque
1163 1860 1304 1923 fugit.

243 1983 296 2013 28.
317 1984 418 2017 Quum
430 1984 500 2014 Deae
513 1984 647 2015 Pierides
655 1986 861 2026 perdocuere]

201 2031 335 2068 Delesti,
358 2032 469 2074 inquit.
496 2039 527 2064 et
556 2040 589 2064 tu
619 2035 764 2076 quaedam
795 2046 863 2065 meo

201 2080 362 2112 admonitu
387 2082 418 2112 in
433 2082 600 2113 Phaeacide
623 2089 688 2120 tua,
704 2094 773 2125 quae
799 2090 862 2114 erat

201 2129 297 2170 digna
312 2136 436 2172 propter
450 2131 674 2163 sublimitatem
691 2134 861 2174 comparari

200 2178 340 2209 versibus
365 2179 503 2215 Homeri,
520 2186 551 2210 et
575 2180 668 2211 scribi
693 2180 724 2211 in
751 2181 861 2212 iisdem

197 2227 323 2263 chartis,
351 2227 383 2258 in
411 2228 526 2270 quibus
556 2229 678 2271 scripsit
707 2231 859 2262 Homerus

197 2287 274 2317 opus
288 2288 389 2314 suum,
405 2289 445 2309 ex
459 2289 520 2320 quo
534 2289 648 2320 magna
669 2285 715 2310 est
730 2279 857 2310 Tutica-

198 2326 229 2355 ni
246 2325 324 2363 laus,
338 2327 425 2368 cujus
442 2328 578 2358 carmina
593 2328 768 2359 Homericis
790 2339 855 2359 car-

197 2374 332 2406 minibus
346 2376 432 2417 paria
447 2375 541 2407 fuisse
557 2377 645 2407 dicit.
692 2378 816 2407 Mrerr„

240 2424 292 2454 32.
309 2424 426 2455 Invicto
437 2426 539 2455 clausa
554 2428 714 2456 “clamante
722 2427 851 2467 putem]

197 2472 280 2502 Libri
297 2474 436 2504 nonnulli
447 2481 575 2510 vetereS,
588 2477 680 2505 invito
694 2482 725 2506 et
741 2478 854 2506 invecto

194 2523 371 2553 adamante.-
406 2523 488 2553 unde
521 2523 580 2554 suit
607 2535 703 2565 quum
733 2527 856 2555 inducto

194 2572 353 2601 adamante
368 2583 524 2603 censerem
545 2584 610 2603 esse
631 2574 853 2614 reponendum,

195 2629 276 2650 nunc
294 2625 396 2651 tamen
412 2622 570 2662 vulgatam
589 2622 771 2662 scripturam
795 2632 855 2652 nou

194 2678 261 2698 esse
292 2670 473 2701 mutandam
499 2671 616 2712 opinor.
643 2677 676 2701 ut
707 2672 853 2702 adluserit

932 1987 1045 2017 Noster
1061 1985 1099 2016 ad
1116 1985 1260 2017 Graecam
1275 1984 1425 2025 originem
1441 1982 1588 2013 adaman-

930 2035 979 2065 tis.
1025 2035 1142 2065 mes.
1191 2033 1307 2064 Invicto
1322 2042 1384 2063 non
1400 2037 1447 2062 est
1462 2042 1587 2062 moven-

929 2083 1003 2114 dum
1018 2096 1026 2121 3
1051 2094 1122 2114 nam
1138 2082 1303 2113 vincuntur
1325 2081 1440 2116 omnia,
1455 2091 1524 2122 quae
1542 2080 1589 2111 vel

929 2133 1002 2163 vitio
1013 2132 1158 2173 quodam,
1170 2131 1219 2162 vel
1233 2130 1378 2172 temporis
1387 2129 1590 2160 diuturnitate

929 2182 1142 2213 diminuuntur
1158 2187 1187 2212 et
1202 2186 1345 2223 pereunt.
1391 2180 1508 2210 Burni.

971 2233 1023 2262 38.
1041 2232 1102 2262 Hic
1111 2230 1276 2270 cumulus]
1294 2230 1433 2270 Magnus
1445 2229 1589 2259 cumulus

927 2280 966 2311 ad
983 2281 1121 2311 miserias
1136 2290 1220 2310 meas
1233 2279 1408 2314 accederet,
1425 2278 1449 2308 si
1466 2284 1495 2309 te
1513 2278 1588 2308 ami-

927 2340 998 2361 cum
1014 2329 1185 2371 perderem.
1232 2329 1333 2359 Pom,

968 2380 1020 2409 43.
1047 2379 1114 2408 Nisi
1144 2380 1241 2408 (licere
1268 2379 1316 2407 vix
1345 2376 1414 2417 esu]
1452 2375 1589 2406 Difficile

922 2434 968 2458 est
983 2437 1147 2469 exponere.

965 2477 1016 2506 48.
1036 2476 1074 2506 Et
1084 2486 1182 2506 sensus
1192 2487 1257 2506 cum
1270 2472 1579 2514 reconsiliumquesu-

924 2524 1000 2564 gin]
1029 2524 1103 2554 Cum
1117 2535 1164 2564 spe
1179 2523 1377 2554 scribendum
1392 2535 1399 2561 ;
1425 2533 1495 2553 uam
1512 2532 1591 2552 unus

927 2573 1028 2604 vossii
1053 2585 1119 2604 cum
1147 2581 1183 2609 te,
1200 2572 1340 2604 Medonii
1364 2583 1444 2603 unus
1463 2584 1527 2602 rum
1551 2583 1590 2602 se.

927 2623 1043 2653 [hams.
1088 2623 1222 2653 Minime
1245 2622 1429 2653 mutandum
1452 2633 1516 2651 cum
1540 2632 1587 2650 re.-

925 2671 966 2701 ita
982 2671 1064 2702 enim
1079 2673 1204 2703 Terent.
1222 2671 1428 2702 Eunuch.11.
1447 2671 1495 2700 ΙΙ.
1513 2671 1532 2701 9
1546 2683 1551 2699 ;
