1760 3172
236 153 322 194 474

617 152 668 193 Ρ.
702 151 915 193 OVIDII
950 150 1227 193 NASONIS

240 268 387 322 Quod
412 267 539 314 bene
564 268 626 315 de
650 268 790 314 vobis
816 267 1024 331 speravi,
1051 267 1311 329 ignoscite,
1335 267 1506 315 amici:

307 344 446 391 Talia
471 345 711 408 peccandi
731 346 835 407 jam
863 345 980 391 mihi
1006 345 1116 391 finis
1144 345 1250 392 erit.
1567 349 1624 392 lO

242 422 349 469 Nec
376 422 536 484 gravis
562 422 702 469 uxori
729 422 893 468 dicar:
924 438 1035 484 quae
1063 422 1259 469 scilicet
1285 422 1333 468 in
1359 438 1437 469 me

307 499 470 553 Quam
499 499 669 562 proba,
691 506 793 546 tam
821 498 996 545 timida
1023 506 1116 554 est,
1144 499 1510 562 experiensque
1538 514 1623 562 pa-

438 592 562 623 I'Ulss.

240 652 362 700 Haec
389 669 608 716 quoque,
632 653 784 709 Naso,
812 652 970 709 feres3
1000 652 1183 700 etenim
1208 653 1379 716 pejora
1402 652 1586 700 tulisti:

305 730 334 776 J
341 746 419 777 am
444 731 534 777 tibi
560 730 730 778 sentiri
757 730 950 777 sarcina
974 731 1111 777 nulla
1134 737 1316 794 potest.

241 807 437 854 Ductus
464 809 526 854 ab
553 815 775 855 armento
801 815 971 855 taurus
997 809 1245 855 detrectat
1271 814 1516 864 aratrum3
1568 809 1624 854 15

310 884 571 931 Subtrahit
597 892 646 931 et
670 885 792 931 duro
818 885 948 932 colla
972 885 1166 932 novella
1185 886 1325 947 jugo.

241 961 364 1017 Nos,
392 950 573 1024 quibus
600 961 827 1008 adsuevit
850 961 1005 1009 fatum
1031 962 1299 1009 crudeliter
1324 961 1412 1016 uti,

306 1039 385 1085 Ad
411 1040 541 1086 mala
559 1040 662 1102 jam
687 1039 879 1102 pridem
905 1056 1002 1087 non
1029 1055 1199 1086 sumus
1226 1039 1327 1085 ulla
1352 1038 1516 1085 rudes.

238 1116 479 1164 Venimus
504 1116 554 1162 in
582 1117 787 1164 Geticos
812 1116 965 1173 fines3
996 1116 1263 1163 moriamur
1288 1115 1337 1161 in
1362 1114 1474 1170 illis,

307 1194 569 1258 Parcaque
588 1196 650 1242 ad
668 1202 963 1250 extremum,
983 1210 1084 1257 qua
1101 1209 1214 1241 mea
1232 1192 1400 1256 coepit,
1417 1198 1513 1239 eat.
1563 1194 1627 1238 20

241 1272 274 1318 S
282 1288 395 1335 pem
404 1273 547 1334 juvet
561 1272 796 1336 amplecti
815 1291 824 1329 ;
855 1288 966 1335 quae
984 1288 1082 1318 non
1094 1271 1237 1334 juvat
1252 1269 1391 1317 irrita
1405 1284 1623 1333 semper;

308 1348 388 1404 Et,
412 1348 516 1396 fieri
541 1349 713 1413 cupias
739 1349 780 1396 si
807 1365 921 1412 qua,
948 1348 1114 1396 futura
1138 1355 1301 1412 putes.

239 1426 506 1473 Proximus
528 1426 643 1473 huic
660 1426 842 1488 gradus
862 1432 953 1482 est,
970 1426 1100 1473 bene
1115 1425 1380 1488 desperare
1397 1423 1624 1480 salutem,

310 1504 478 1566 Seque
505 1504 659 1551 semel
678 1519 796 1551 vera
820 1502 947 1550 scire
972 1504 1161 1566 perisse
1185 1501 1300 1548 fide.

240 1580 475 1627 Curando
499 1580 603 1627 fieri
629 1580 859 1644 quaedam
884 1581 1073 1643 majora
1095 1578 1320 1625 videmus
1563 1579 1626 1624 25

304 1657 539 1713 Vulnera,
567 1673 679 1720 quae
704 1657 881 1704 melius
907 1673 1006 1703 non
1029 1655 1253 1718 tetigisse
1275 1655 1383 1702 fuit.

240 1735 415 1782 Mitius
440 1735 522 1783 ille
546 1735 689 1798 perit,
717 1735 883 1782 subita
903 1735 988 1798 qui
1014 1734 1252 1796 mergitur
1276 1734 1424 1789 unda,

308 1812 471 1866 Quam
496 1829 587 1860 sua
611 1813 695 1876 qui
720 1813 922 1860 tumidis
948 1812 1152 1860 brachia
1174 1813 1327 1859 lassat
1351 1811 1512 1875 aquis,

239 1981 304 2004 tum
335 1974 490 2005 scribendi
519 1985 627 2016 genus,
657 1987 718 2018 quo
747 1976 898 2008 hactenus

240 2034 314 2054 usus
330 2034 408 2054 sum.

283 2074 313 2103 8.
332 2073 378 2102 Ne
394 2074 478 2103 toties
487 2079 602 2109 contra,
618 2073 693 2113 Sem]
712 2075 800 2116 Πρὸς
815 2075 899 2115 κῦμα

237 2123 411 2158 λακτίζειν.
439 2123 548 2164 Eurip.
562 2122 652 2164 Yirg.
666 2124 779 2165 Georg.
790 2124 811 2153 i.
825 2125 898 2154 201.

286 2173 336 2202 11.
365 2172 429 2202 Nec
453 2175 555 2213 gravis
575 2174 662 2202 uim-z·
688 2174 801 2214 dicatu]
829 2173 898 2203 Nec

239 2232 290 2252 ero
306 2221 434 2252 ulterius
447 2222 595 2252 molestus
611 2221 697 2252 uxori
710 2233 799 2259 meae,
816 2222 899 2253 idem

239 2270 333 2301 etiam
349 2270 522 2301 scribendo.

285 2321 333 2350 12.
352 2319 568 2359 Erperiensque
581 2320 717 2361 parum]
734 2321 774 2351 Et
789 2331 898 2362 parum

240 2369 357 2406 solers3
383 2380 451 2410 quae
478 2380 539 2399 non
563 2375 663 2400 tentat
685 2376 716 2400 et
741 2369 898 2411 experitur

239 2417 355 2453 omnia,
373 2419 576 2449 utCaesarem
600 2418 677 2448 mihi
697 2425 814 2450 exoret.
838 2419 898 2449 Te-

240 2472 319 2498 rent.
329 2466 465 2508 Adelph.
479 2466 524 2497 iii.
538 2469 567 2497 5.
584 2468 834 2509 enitar,faciam‚
850 2478 899 2497 ex-

236 2526 350 2555 perlar.

284 2566 334 2594 14.
352 2564 448 2594 Nulla
463 2565 609 2605 sarcina]
628 2565 758 2596 Nullum
775 2576 862 2595 onus.

286 2616 334 2645 15.
370 2615 490 2645 Ductus
519 2616 555 2645 ab
588 2622 721 2645 armento
759 2615 894 2655 taurus-J

237 2664 358 2695 Taurus
384 2664 551 2695 indomitus
576 2670 677 2695 aratro
701 2665 898 2695 admotus.—

240 2714 400 2755 Verpoort.
425 2713 535 2745 laudat
558 2715 682 2745 Festum
709 2714 768 2745 sub
786 2725 814 2744 v.
838 2714 896 2745 Ar-

966 1982 1116 2012 mentum,
1142 1974 1233 2017 quasi
1255 1980 1453 2009 aramentum,
1469 1971 1552 2014 quod
1572 1972 1627 2003 bo-

966 2036 1020 2056 ves
1034 2025 1168 2056 maxime
1188 2023 1342 2065 eligerunt
1358 2022 1396 2053 ad
1418 2021 1579 2052 arandum.
1595 2032 1626 2052 v.

968 2075 1100 2105 Gesner.
1130 2074 1269 2103 thesaur.
1296 2073 1333 2103 L.
1349 2073 1385 2102 L.
1410 2071 1466 2102 sub
1492 2070 1522 2101 h.
1542 2082 1571 2100 v.
1597 2075 1629 2100 et

970 2125 1143 2155 Armenium
1181 2133 1326 2164 pecorum
1362 2121 1511 2163 majorum
1547 2119 1628 2150 mul-

966 2173 1089 2212 titudo3
1125 2184 1197 2215 gret
1236 2170 1356 2214 proprie
1389 2170 1541 2200 minorum
1571 2176 1628 2201 est.

967 2223 1115 2253 HARLES.

1008 2273 1060 2302 22.
1080 2271 1272 2313 Quafuturn
1288 2268 1399 2310 putes]
1425 2270 1540 2298 Sensus
1559 2273 1625 2298 est:

965 2322 1057 2363 Spem
1094 2321 1181 2351 illam
1217 2317 1465 2361 amplectendam
1503 2327 1627 2353 censeo,

965 2381 1036 2412 quae
1060 2381 1120 2401 non
1146 2375 1192 2400 est
1219 2369 1314 2405 irrita,
1332 2373 1363 2398 et
1385 2377 1446 2408 qua
1467 2376 1628 2408 speramus

965 2420 996 2450 id
1010 2419 1152 2461 adsequi,
1168 2418 1253 2460 quod
1269 2425 1412 2459 optamus
1429 2415 1508 2446 fieri.

1008 2470 1063 2500 23.
1083 2470 1241 2499 Proiimus
1257 2469 1325 2497 huic
1338 2468 1454 2508 gradus
1468 2465 1539 2505 εει]
1559 2464 1627 2496 Pri-

966 2529 1034 2549 mus
1062 2518 1143 2549 enim
1173 2518 1288 2559 gradus
1318 2522 1364 2547 est
1395 2525 1529 2556 sperare,
1555 2524 1624 2555 quae

966 2567 1095 2609 adsequi
1119 2574 1282 2609 optamus:
1308 2564 1465 2596 secundus
1482 2574 1565 2598 vero,
1589 2573 1628 2593 ea

965 2617 1129 2658 desperare
1147 2627 1217 2657 quae
1235 2615 1362 2645 minime
1379 2612 1509 2653 adsequi
1530 2612 1625 2643 confi-

965 2666 1079 2697 dimus.
1110 2666 1191 2696 Bene
1206 2667 1360 2705 desperare
1375 2664 1512 2694 salutem.
1539 2664 1624 2694 Bene

966 2715 1122 2757 deponere
1137 2725 1223 2756 spem
1240 2712 1349 2745 salutis
1364 2711 1491 2742 irritam.
