1760 3172
557 168 855 211 REMEDIA
881 167 1144 210 AMORIS.
1463 171 1552 213 127

158 285 402 340 DauniUS‚
430 299 493 331 an
519 282 723 347 Libycis
748 283 932 330 bulbus
958 283 1049 331 tibi
1070 283 1253 330 missus
1280 286 1342 332 ab
1368 286 1483 343 oris,

220 362 302 409 An
324 360 492 409 veniat
516 360 756 423 Megaris,
780 360 959 407 noxius
986 360 1146 407 omnis
1173 360 1280 408 erit.

156 438 265 486 Nec
290 438 453 485 minus
479 453 654 485 erucas
680 444 853 501 aptum
878 437 1032 485 vitare
1058 438 1277 494 salaces;

225 515 293 562 Et
317 514 566 578 quidquid
590 513 774 560 Veneri
795 529 1004 577 corpora
1028 520 1198 561 nostra
1222 522 1381 578 parat.
1457 519 1553 563 800

160 591 347 639 Utilius
374 607 541 638 sumas
568 597 804 638 acuentes
829 590 1019 650 lumina
1042 598 1205 648 rutas;

226 667 294 715 Et
318 667 567 731 quidquid
591 667 776 714 Veneri
802 683 1012 731 corpora
1035 674 1204 714 nostra
1228 676 1394 730 negat.

158 743 293 799 Quid
317 744 409 791 tibi
433 744 722 808 praecipiam
747 744 810 791 de
838 743 1027 791 Bacchi
1053 761 1274 801 munere,
1303 746 1519 809 quaeris?

228 821 331 885 Spe
355 822 555 869 brevius
581 821 782 869 monitis
808 822 1077 886 expediere
1102 822 1243 870 meis.

160 899 290 947 Vina
314 906 492 964 parant
517 900 737 947 animum
761 900 961 956 Veneri,
988 900 1082 947 nisi
1116 900 1330 964 plurima
1354 918 1549 959 sumas3

225 976 293 1024 Et
317 984 554 1041 stupeant
577 979 735 1025 multo
759 978 913 1025 corda
938 978 1134 1044 sepulta
1158 994 1309 1026 mero.
1457 982 1552 1026 806

159 1053 390 1101 Nutritur
412 1061 576 1111 vento,
603 1061 751 1102 vento
778 1055 1101 1118 restinguitur
1125 1055 1271 1117 ignis.

227 1129 376 1178 Lenis
402 1131 491 1178 alit
514 1132 783 1187 flammam,
811 1132 1045 1194 grandior
1071 1148 1192 1178 aura
1216 1138 1379 1179 necat.

158 1205 262 1254 Aut
285 1207 422 1254 nulla
444 1208 675 1261 ebrietas,
703 1215 790 1255 aut
807 1215 950 1256 tanta
973 1208 1052 1264 sit,
1080 1216 1135 1255 ut
1158 1208 1248 1255 tibi
1275 1225 1419 1256 curas

226 1281 448 1346 Eripiat:
489 1285 530 1330 si
554 1300 657 1347 qua
682 1291 760 1332 est
783 1285 912 1332 inter
936 1291 1216 1348 utramque,
1244 1293 1407 1334 nocet.
1457 1290 1554 1333 810

161 1357 274 1407 Hoc
300 1376 425 1424 opus
452 1361 615 1423 exegi.
654 1360 798 1408 fessae
824 1362 939 1410 date
965 1369 1098 1410 serta
1121 1364 1319 1411 carinae.

226 1436 544 1501 Contigimus
569 1446 784 1502 portum,
813 1456 912 1502 quo
940 1440 1058 1487 mihi
1085 1456 1258 1487 cursus
1285 1449 1405 1489 erat.

158 1512 434 1561 Postmodo
460 1515 680 1563 reddetis
706 1531 846 1563 sacro
873 1517 956 1580 pia
979 1524 1094 1564 vota
1118 1518 1295 1581 poetae,

228 1590 462 1639 Carmine
487 1593 649 1640 sanati
673 1592 859 1641 femina
882 1594 1055 1658 virque
1076 1611 1204 1643 meo.

200 1735 274 1766 797.
299 1735 444 1767 Daunius
466 1738 601 1778 bulbus]
636 1738 759 1769 Bulbus
782 1750 820 1769 ex
891 1751 960 1781 quae
977 1740 1166 1771 notavimus.

157 1782 288 1824 Apulia,
301 1795 394 1826 quem
413 1791 483 1826 post
498 1785 676 1823 Africanos,
693 1798 747 1818 seu
770 1788 820 1818 Li·
933 1791 1009 1820 811.
1044 1790 1110 1820 Hoc
1132 1801 1204 1830 opus
1233 1790 1346 1832 exegi]
1386 1791 1462 1822 Ecce
1487 1803 1558 1831 opus

157 1832 254 1874 bycos
268 1833 379 1864 laudat
393 1834 525 1871 Plinius,
541 1835 597 1867 lib.
612 1836 677 1867 xix.
703 1837 821 1868 Ama.
890 1839 1008 1870 malim.
1055 1840 1175 1870 mes.

203 1883 279 1913 810.
306 1883 337 1913 Si
355 1895 415 1924 qua
434 1891 474 1915 est
489 1886 569 1916 inter
584 1892 756 1926 utrumque,
772 1899 823 1917 ⁷10-
936 1890 1010 1919 813.
1049 1889 1204 1919 Postmodo
1233 1890 1394 1930 reddatis]
1442 1889 1555 1932 Scripti

158 1932 232 1973 cet.]
259 1932 347 1964 Inter
358 1940 516 1975 utramque
529 1935 610 1965 bene
626 1935 732 1977 scripti
745 1947 824 1978 qua·
892 1938 956 1968 fere
978 1948 1086 1969 omnes
1109 1949 1181 1969 cum
1203 1938 1333 1969 vetustis
1356 1938 1556 1976 editionibus,

158 1987 239 2012 tuor.
272 1982 392 2014 Hnms.
422 1983 484 2014 Sed
507 1990 538 2014 et
561 1984 642 2015 inter
664 1992 826 2026 utrumque
892 1988 1034 2018 reddetis.
1080 1989 1182 2025 Forte,
1215 1988 1267 2018 Vos
1296 1991 1379 2019 modo
1414 1991 1558 2020 reddatis.

158 2029 286 2062 defendi
297 2031 367 2073 jure
382 2037 493 2075 potest.
509 2032 573 2065 vid.
586 2034 626 2065 ad
641 2033 664 2065 i.
676 2035 757 2067 Met.
773 2036 826 2066 50.
893 2036 1011 2067 HmNs.
