1760 3172
220 176 247 214 4
613 172 662 212 Ρ.
696 170 907 213 OVIDII
942 167 1220 211 NASONIS

229 288 356 334 A'tira
380 304 475 334 non
501 287 662 350 potuit
688 285 880 339 Minos;
921 284 1016 331 alia
1040 283 1204 330 omnia
1228 283 1421 329 clausit.

294 363 454 418 Quem
482 364 613 417 licet,
634 363 842 409 inventis
868 362 978 408 acra
1003 376 1175 423 rumpe
1201 360 1339 406 meis.

230 441 330 488 Sed
356 440 443 487 tibi
472 456 561 486 nec
587 440 721 501 virgo
747 437 975 499 Tegeaea,
1002 452 1270 499 comesque
1299 435 1471 482 Bootae

296 516 506 578 Ensiger
533 515 685 561 Orion
712 513 1061 577 adspiciendus
1087 513 1194 560 erit.

230 591 314 640 Me
340 593 513 656 pennis
539 599 727 638 sectare
752 590 897 637 datis.
926 605 1019 651 ego
1044 589 1255 652 praevius
1281 589 1377 634 ibo.

295 669 372 716 Sit
395 677 480 716 tua
504 685 622 716 cura
646 668 815 730 sequi:
856 682 935 713 me
961 667 1087 712 duce
1113 673 1248 711 tutus
1274 665 1385 711 eris.

231 746 359 793 Nam
386 746 487 792 sive
514 745 739 792 aetherias
765 743 924 790 vicino
951 743 1053 788 sole
1079 757 1166 804 per
1192 757 1334 787 auras

293 823 500 877 Ibimus,
529 822 791 885 impatiens
818 835 933 867 cera
956 818 1131 866 caloris
1157 818 1264 865 erit.
1543 820 1606 863 (Ξῖ)

230 900 343 946 Sive
369 900 578 946 humiles
605 899 831 962 propiore
857 897 980 965 freto
999 896 1300 958 jactabimus
1327 895 1445 949 alas,

295 975 495 1022 Mobilis
521 976 762 1038 aequoreis
788 990 951 1038 penna
975 974 1229 1020 madescet
1254 973 1414 1035 aquis.

230 1052 363 1098 Inter
384 1059 648 1114 utrumque
668 1051 800 1098 vola:
830 1058 1001 1097 ventos
1022 1065 1238 1112 quoque,
1260 1059 1390 1104 nate,
1408 1049 1602 1103 timeto;

291 1127 503 1190 Quaque
528 1128 686 1175 ferent
710 1143 857 1183 aurae,
885 1128 993 1174 vela
1017 1127 1236 1174 secunda
1260 1127 1392 1174 dato.

231 1204 363 1251 Dum
392 1212 576 1260 monet,
605 1211 743 1267 aptat
778 1220 903 1267 opus
936 1219 1105 1266 puero,
1133 1210 1474 1266 monstratque
1504 1219 1604 1249 mo-

423 1282 550 1329 veri:
1545 1283 1606 1326 65

295 1357 471 1405 Erudit
495 1359 710 1405 infirmas
738 1367 791 1405 ut
815 1375 906 1405 sua
930 1366 1085 1405 mater
1111 1375 1240 1406 aves.

228 1433 350 1481 Inde
376 1435 469 1481 sibi
495 1435 650 1482 factas
675 1436 892 1483 humeris
919 1436 1268 1483 adcommodat
1292 1436 1422 1482 alas:

292 1510 451 1573 Inque
477 1528 655 1558 novum
680 1512 851 1560 timide
877 1529 1083 1577 corpora
1107 1514 1253 1560 librat
1276 1513 1383 1560 iter.

223 1586 438 1650 Jamque
463 1589 710 1636 volaturus
737 1606 886 1653 parvo
911 1590 1050 1637 dedit
1074 1591 1244 1637 oscula
1268 1598 1382 1637 nato
1403 1607 1411 1637 :

292 1663 400 1710 Nec
426 1665 597 1727 patriae
622 1666 848 1714 lacrimas
873 1667 1159 1714 continuere
1185 1683 1342 1729 genae.
1544 1671 1606 1714 70

225 1738 399 1787 Monte
426 1741 583 1788 minor
606 1743 761 1797 collis,
788 1743 978 1806 campis
1003 1751 1109 1790 erat
1133 1743 1275 1790 altior
1299 1744 1455 1806 aequis
1475 1761 1483 1790 :

291 1816 420 1863 Hinc
446 1818 563 1864 data
587 1825 703 1865 sunt
726 1819 915 1866 miserae
941 1835 1147 1882 corpora
1172 1820 1288 1866 bina
1311 1819 1455 1881 fugae.

225 1892 291 1940 Et
316 1902 479 1940 movet
502 1895 609 1957 ipse
635 1911 766 1951 suas,
793 1902 843 1942 et
867 1896 968 1942 nati
994 1896 1198 1959 respicit
1221 1896 1323 1943 alas

292 1970 556 2028 Daedalus3
597 1978 646 2019 et
671 1988 844 2019 cursus
870 1974 1082 2020 sustinet
1107 1988 1266 2035 usque
1293 1989 1424 2019 suos,

222 2046 437 2110 Jamque
457 2064 637 2095 novum
662 2050 879 2097 delectat
898 2050 1018 2097 iter:
1058 2049 1321 2113 positoque
1339 2049 1514 2097 timore
1541 2054 1602 2097 75

289 2123 460 2170 Icarus
486 2125 662 2172 audaci
688 2125 860 2173 fortius
886 2133 989 2173 arte
1014 2126 1160 2173 volat.

225 2199 329 2248 Hos
356 2200 550 2264 aliquis,
578 2203 787 2248 tremula
812 2203 930 2249 dum
957 2209 1126 2265 captat
1153 2202 1391 2250 arundine
1419 2203 1600 2266 pisces,

287 2275 456 2333 Vidit;
496 2284 547 2323 et
570 2277 823 2341 inceptum
847 2279 1025 2326 dextra
1048 2278 1247 2342 reliquit
1270 2296 1412 2342 opus.

1544 437 1605 480 55

264 2399 318 2429 55.
343 2398 400 2428 Sed
416 2400 468 2428 tibi
483 2409 536 2429 nec
550 2401 635 2441 virgo
652 2399 780 2441 Tegean,
795 2401 873 2440 δια]
945 2401 1056 2442 sychii,
1074 2401 1216 2439 Βοώτης,
1232 2400 1249 2431 ὁ
1263 2400 1390 2442 Ὠρίων.
1405 2408 1435 2432 et
1452 2405 1603 2438 Βοωτεῖν,

223 2446 342 2477 Calisto
362 2446 515 2488 Lycaonis
535 2447 679 2479 Arcadiae
702 2448 783 2489 regis
805 2449 877 2485 fllia,
944 2449 1115 2492 ἀροτριᾷν.
1129 2449 1180 2481 ὅτε
1194 2450 1338 2491 ὁὨρίων
1347 2449 1430 2490 δύνη
1446 2451 1603 2490 Λάκωνες.

222 2495 308 2526 dicta
331 2495 374 2526 sic
401 2506 419 2526 a
441 2496 545 2538 Tegea
571 2497 657 2528 urbe.
680 2497 788 2528 Fabul.
813 2498 876 2528 vid.
948 2498 1009 2529 Ubi
1039 2498 1135 2528 Orion
1167 2509 1238 2529 cum
1269 2498 1363 2529 Βυυιᾶ
1392 2500 1603 2532 confunditur.

222 2543 305 2585 apud
320 2544 480 2580 Nostrum,
499 2546 632 2577 Metam.
647 2545 678 2577 ii.
694 2553 725 2577 et
742 2547 825 2577 Fast.
842 2547 875 2577 ii.
946 2547 1099 2589 quomodo
1128 2547 1180 2578 alii
1207 2557 1278 2578 cum
1308 2547 1409 2579 Icario
1436 2560 1532 2580 unum
1558 2550 1604 2581 fa-

226 2593 296 2623 156.
311 2593 459 2624 Meminit
470 2605 593 2636 quoque
610 2595 743 2626 Pausan.
759 2595 875 2626 Arcad.
945 2596 1042 2627 ciunt.
1088 2596 1205 2627 Hans.

223 2640 266 2671 iii.
281 2642 338 2672 sub
354 2642 458 2673 finem.
505 2642 623 2674 Ama.
988 2645 1040 2675 78.
1066 2644 1220 2684 Inceptum
1236 2646 1341 2676 deJtra
1360 2647 1482 2687 ⁷·eliquit
1497 2647 1600 2687 opus]

267 2691 420 2731 Omnesque
452 2691 583 2732 Bootes]
615 2692 695 2722 Novi
729 2693 782 2723 illa
812 2693 876 2722 lle·
949 2693 1103 2734 Relinquit
1119 2694 1279 2729 nonnulli;
1303 2705 1382 2725 unus
1395 2695 1605 2726 Vatican.re-
