1760 3172
422 180 512 220 EX
546 180 754 221 PONTO
790 179 907 221 LIB.
942 181 977 221 I.
1012 181 1202 223 EPIST.
1237 183 1325 224 III.

1471 184 1555 225 369

183 294 396 356 Smyrna
409 294 564 340 virum
582 295 754 349 tenuit,
768 312 864 341 non
880 295 1070 342 Pontus
1092 304 1141 342 et
1161 297 1353 344 hostica
1373 299 1521 345 tellus
1541 318 1549 353 ;

243 370 395 418 Paene
420 371 581 417 minus
606 371 739 417 nullo
767 371 981 434 Smyrna
1005 373 1220 434 petenda
1238 374 1363 420 loco.
1490 378 1550 421 <36

176 445 289 493 Non
313 447 469 494 doluit
493 447 652 510 patria
668 447 889 510 Cynicus
914 449 1085 511 procul
1106 465 1216 495 esse
1245 450 1520 513 Sinopeus3

245 523 388 586 Legit
411 524 541 571 enim
562 524 722 578 sedes,
744 524 912 571 Attica
935 531 1080 579 terra,
1107 531 1217 572 tuas
1236 543 1245 572 :

176 599 328 647 Arma
353 599 618 648 Neoclides
645 601 730 669 qui
756 600 958 648 Persica
981 602 1207 658 contudit
1231 603 1394 657 armis,

241 675 473 739 Argolica
497 677 704 740 primam
730 678 884 724 sensit
908 678 957 723 in
982 679 1103 725 urbe
1128 678 1323 741 fugam:

1489 684 1551 726 70

180 752 361 800 Pulsus
388 753 630 801 Aristides
652 754 811 817 patria
837 754 1194 801 Lacedaemona
1212 755 1361 818 fugit;

245 830 381 878 Inter
406 847 529 894 quas
555 832 776 886 dubium,
799 847 909 893 quae
936 832 1068 894 prior
1093 841 1241 888 esset,
1270 840 1402 880 erat:

179 906 329 955 Caede
354 924 476 971 puer
500 908 630 955 facta
654 908 914 955 Patroclus
943 909 1147 972 Opunta
1172 910 1386 972 reliquit,

243 984 652 1049 Thessaliamque
677 986 814 1040 adiit,
837 986 1019 1048 hospes
1041 986 1265 1041 Achillis,
1284 988 1487 1033 humum
1506 1005 1514 1034 :

178 1060 336 1109 Exsul
361 1063 421 1110 ab
448 1062 709 1110 Haemonia
734 1062 970 1108 Pirenida
994 1062 1144 1109 cessit
1169 1064 1231 1110 ad
1256 1064 1455 1119 undam,
1491 1068 1551 1111 75

242 1138 352 1193 Quo
377 1140 503 1187 duce
526 1140 660 1187 trabs
688 1138 902 1186 Colchas
928 1155 1067 1186 sacra
1090 1140 1306 1187 cucurrit
1325 1157 1477 1203 aquas
1501 1158 1510 1188 :

176 1259 250 1285 tunc
267 1255 388 1296 judicia
402 1257 577 1293 exercebat,
594 1255 830 1298 repetundarum

176 1303 352 1339 damnatus,
383 1304 416 1335 in
444 1305 588 1336 exsilium
619 1305 730 1336 missus
759 1311 828 1335 est:

176 1363 272 1393 quum
284 1359 390 1395 postea
405 1353 433 1384 ei
448 1355 486 1384 ob
502 1354 661 1395 Syllanam
673 1353 830 1384 victoriam

175 1401 208 1432 in
232 1402 364 1443 patriam
391 1403 490 1434 redire
519 1403 638 1439 liceret,
662 1403 771 1434 maluit
799 1404 831 1434 in

176 1450 285 1481 exsilio
300 1462 377 1488 esse,
388 1462 482 1493 quam
494 1452 611 1494 aliquid
625 1458 732 1484 contra
746 1452 831 1493 leges

176 1498 285 1530 fecisse
300 1499 406 1531 videri.

218 1549 270 1579 65.
290 1549 421 1590 Virum]
447 1549 613 1581 Rutilium.
660 1550 701 1580 Ec
720 1551 827 1581 hostica

175 1599 273 1629 tellus.
311 1599 408 1630 Multi
436 1598 505 1630 libri
534 1606 562 1630 et
589 1601 720 1639 hospita:
751 1600 827 1631 forte

174 1646 340 1688 scripserit,
355 1660 413 1679 ηοη
427 1649 549 1684 Pontus,
567 1649 712 1688 inhospita
728 1651 826 1685 tellus,

173 1706 228 1737 per
252 1696 487 1738 adpositionem,
510 1703 541 1728 et
569 1702 603 1728 ut
632 1697 761 1728 adludat
787 1698 826 1728 ad

172 1755 342 1786 cognomen
357 1749 453 1777 areni.
490 1747 606 1777 Bunm.

219 1795 270 1825 66.
286 1795 442 1836 Smyrna]
469 1796 600 1837 Smyrna
618 1797 691 1826 urbs
708 1796 766 1826 fuit
780 1797 828 1827 Io-

175 1842 246 1880 niae‚
263 1845 302 1875 ab
323 1845 481 1876 Amazone
504 1846 634 1887 Smyrna
658 1845 829 1887 adpellata,

175 1903 244 1933 quae
261 1893 419 1935 Ephesum
433 1896 551 1932 tenuit3
575 1905 612 1925 ea
626 1895 697 1925 urbs
707 1901 754 1925 est
768 1906 828 1925 una

176 1952 214 1972 ex
229 1941 276 1978 iis,
292 1953 362 1984 quae
377 1942 434 1973 sibi
450 1943 577 1973 Homeri
594 1944 714 1974 natales
726 1944 826 1974 vindi-

175 1997 295 2022 carunt.
341 1992 436 2022 Nullo
456 1993 525 2022 loeo.
548 1992 647 2022 Nulla
666 1993 727 2023 alia
742 1994 828 2023 urbe.

175 2040 316 2081 Smyrna,
339 2040 451 2082 inquit,
474 2051 569 2082 quum
594 2041 633 2071 sit
656 2042 728 2071 urbs
751 2053 827 2083 prae-

175 2088 355 2126 clarissima,
369 2089 517 2120 minorem
538 2089 671 2120 adferret
693 2090 827 2121 dolorem

174 2138 206 2168 in
234 2148 271 2168 ea
298 2138 462 2174 exsulanti,
492 2149 585 2180 quam
619 2139 688 2170 aliae
719 2141 826 2170 urbes:

175 2186 264 2228 quasi
282 2186 379 2222 dicat,
397 2186 422 2217 si
445 2186 514 2228 quis
535 2188 623 2218 exsul
641 2187 743 2218 locum
758 2199 823 2229 gra-

174 2241 241 2266 tum
263 2235 383 2277 quaerit,
400 2246 468 2266 eam
491 2237 599 2268 urbem
621 2247 683 2278 prae
708 2237 828 2267 caeteris

175 2284 282 2327 eligat.

218 2336 269 2366 67.
285 2335 354 2366 Non
370 2337 477 2372 doluit,
492 2336 569 2377 δια]
588 2337 762 2377 Diogenem
780 2336 825 2366 in-

175 2384 297 2426 telligit,
314 2385 367 2426 qui
381 2385 531 2427 Sinopeus
550 2386 618 2422 fuit,
635 2385 726 2416 Icesii
742 2396 826 2416 men-

174 2433 246 2464 sarii
260 2433 357 2464 filius:
382 2445 474 2476 quem
489 2434 604 2475 fugisse
620 2435 718 2469 aiunt,
733 2445 828 2475 quum

174 2483 241 2523 ejus
263 2489 353 2524 pater
374 2483 498 2524 publice
524 2494 663 2514 mensam
689 2484 826 2519 haberet,

174 2541 210 2562 ac
242 2531 319 2562 falso
354 2532 517 2573 pecuniam
548 2532 694 2573 signaret.
745 2532 823 2562 Inde

173 2579 314 2610 Athenas
337 2580 474 2617 veniens,
502 2580 709 2612 Antisthenen
737 2591 823 2611 secu—

173 2635 224 2660 tus
238 2635 295 2660 est.

218 2679 271 2709 69.
287 2679 380 2708 Arma
397 2678 577 2718 Neoclides]
603 2678 826 2709 Themistocles

174 2726 385 2762 Atheniensis,
407 2727 535 2757 Neoclis
559 2726 650 2763 filius,
675 2727 727 2768 qui
758 2727 825 2758 uni—

217 2776 317 2806 VOL.
333 2776 377 2806 II.

897 1265 991 1285 versae
1005 1255 1135 1286 Graeciae
1153 1265 1273 1295 magna:
1290 1254 1382 1285 saluti
1398 1254 1455 1285 fuit
1470 1254 1554 1285 bello

901 1304 1034 1335 Persico.
1068 1305 1117 1335 De
1131 1304 1339 1335 Themistocle
1356 1305 1444 1346 plura
1458 1304 1554 1346 legito

897 1354 980 1396 apud
996 1354 1198 1390 Herodotum,
1213 1354 1439 1395 Thucydidem,
1455 1354 1553 1385 Justi-

897 1414 981 1439 num,
998 1414 1032 1433 ac
1046 1403 1211 1434 AEmilium
1227 1404 1374 1433 Probum.

942 1453 991 1483 70.
1004 1453 1285 1494 Primamfugam]
1301 1453 1367 1482 Hoc
1382 1452 1468 1488 dicit,
1480 1453 1552 1493 quia

896 1501 1008 1543 saepius
1024 1501 1102 1542 fugit
1116 1513 1121 1531 :
1148 1502 1201 1531 sed
1221 1501 1316 1542 primo
1331 1500 1430 1541 Argos
1446 1512 1552 1542 perve-

895 1551 951 1586 nit,
967 1557 1000 1581 ut
1016 1550 1134 1581 dictum
1151 1557 1210 1580 est.

938 1601 988 1630 71.
1014 1600 1125 1629 Pulsus
1149 1601 1294 1629 Aristides
1311 1599 1441 1639 patria]
1477 1598 1549 1628 Ari-

894 1648 999 1684 stides,
1030 1648 1206 1690 Lysimachi
1236 1648 1317 1678 filius
1341 1647 1550 1683 Atheniensis,

894 1697 1022 1738 aequalis
1043 1698 1105 1728 fere
1121 1697 1333 1731 Themistocli,
1351 1696 1458 1737 itaque
1479 1707 1550 1726 cuin

893 1756 929 1776 eo
945 1747 983 1777 de
1000 1747 1173 1788 principatu
1190 1746 1359 1775 contendit.

940 1796 991 1826 72.
1023 1796 1094 1829 Quae
1120 1797 1204 1834 prior
1233 1794 1328 1833 essen]
1363 1795 1441 1831 Quae
1471 1800 1552 1824 esset

897 1844 1016 1879 clarior,
1042 1844 1192 1886 patriane,
1213 1853 1253 1873 an
1275 1842 1363 1873 sedes
1387 1843 1439 1872 ubi
1461 1853 1550 1873 exsu-

895 1893 1012 1924 labant.

939 1943 989 1972 73.
1003 1942 1165 1972 Patroclus
1176 1943 1304 1981 Opunte,
1316 1941 1454 1972 Locridis
1465 1943 1551 1977 urbe,

895 1992 927 2022 in
946 1992 1077 2023 talorum
1092 1991 1163 2021 lusu
1179 1992 1403 2033 Clysonymum
1420 1991 1552 2033 Amphi-

895 2040 1048 2071 damantis
1072 2040 1170 2070 filium
1191 2039 1371 2081 imprudens
1386 2039 1551 2070 occiderat.

896 2091 1009 2122 Confer
1023 2090 1113 2120 Trist.
1130 2090 1150 2120 i.
1162 2090 1192 2120 9.
1205 2091 1257 2120 29.
1290 2090 1435 2120 HAnLEs.

938 2140 988 2169 74.
1012 2139 1216 2178 Thessaliam]
1244 2139 1361 2169 Urbem
1381 2137 1548 2168 Thessalia:

895 2187 1052 2223 Phthiam,
1067 2187 1197 2228 patriam
1213 2185 1357 2216 Achillis.

939 2237 989 2267 75.
1012 2236 1105 2266 Exsul
1130 2238 1165 2265 ab
1189 2235 1369 2275 Haemonia.]
1395 2236 1466 2264 Mos
1491 2234 1550 2264 fuit

895 2286 976 2328 apud
1000 2287 1152 2325 antiquos,
1169 2291 1203 2314 ut
1226 2294 1296 2314 reus
1318 2282 1476 2314 homicidii
1495 2294 1547 2313 ex-

895 2336 1019 2366 sularet.
1068 2334 1106 2363 In
1142 2344 1248 2374 regum
1287 2338 1391 2363 tamen
1428 2332 1549 2372 legibus

894 2385 1008 2415 lectum
1036 2389 1092 2417 est,
1123 2382 1229 2412 noxios
1258 2381 1417 2412 homicidii
1444 2380 1548 2411 arietis

895 2434 1007 2463 damno
1022 2442 1147 2473 poenam
1163 2431 1258 2461 luere.
1307 2431 1463 2460 Pirenida.
1475 2430 1504 2458 h.
1521 2440 1548 2460 e.

894 2481 1088 2515 Corinthum,
1104 2480 1156 2510 ubi
1174 2486 1239 2510 erat
1252 2479 1319 2510 fons
1334 2479 1457 2514 Pirene,
1475 2478 1546 2508 lim-

890 2530 1076 2574 pidissimus,
1092 2535 1122 2559 et
1142 2529 1265 2558 diversa
1284 2528 1346 2558 duo
1365 2526 1462 2557 maria
1477 2537 1548 2568 pro—

891 2588 1045 2622 spectans.
1068 2578 1149 2608 Plin.
1161 2578 1203 2607 iv.
1215 2578 1245 2607 3.

936 2630 988 2660 76.
1005 2629 1069 2662 Quo
1089 2627 1190 2667 duca]
1215 2627 1340 2657 Jasone.
1390 2625 1481 2655 Trabs
1501 2635 1547 2654 sa-

893 2691 956 2709 cra.
978 2677 1074 2718 Argo,
1085 2675 1173 2706 navis
1186 2675 1307 2705 Palladi
1324 2679 1453 2704 sacrata.
1481 2673 1546 2703 Col-

894 2729 962 2757 chas
984 2736 1085 2766 aquas.
1109 2725 1168 2755 Per
1190 2733 1303 2765 aquam
1323 2722 1481 2753 Colchidis
1503 2732 1549 2755 re-

1022 2774 1049 2804 B
1067 2785 1082 2803 R
