1760 3172
346 166 535 208 ARTIS
567 165 925 208 AMATORIAE
958 166 1077 207 LIB.
1113 166 1204 209 III.
1418 168 1474 208 61

78 282 247 346 Atque
272 282 454 346 aliquis
479 282 631 338 dicet,
661 281 834 330 Nostri
861 282 972 344 lege
998 282 1135 331 culta
1159 283 1385 345 magistri

147 359 399 415 Carmina,
427 360 539 422 quis
565 365 733 422 partes
760 358 962 406 instruit
987 359 1071 407 ille
1097 360 1238 407 duas.

82 437 222 485 Deve
246 437 405 484 tribus
430 437 586 493 libris,
616 437 791 484 titulus
817 452 944 500 quos
970 435 1138 499 signat
1158 437 1415 494 Amorum,

149 514 310 577 Elige,
337 515 473 578 quod
498 513 648 561 docili
673 513 889 561 molliter
911 530 994 561 ore
1020 514 1174 576 legas.

82 591 175 639 Vel
199 591 289 639 tibi
313 591 592 656 composita
615 598 845 639 cantetur
871 590 1102 663 Epistola
1124 607 1274 649 voce,

1381 595 1479 639 345

152 669 387 732 Ignotum
412 669 505 717 hoc
528 669 638 717 aliis
664 669 748 716 ille
773 668 973 716 novavit
996 685 1138 732 opus.

88 746 131 793 O
158 746 245 803 ita,
272 746 481 803 Phoebe,
507 747 653 805 velis3
695 746 766 793 ita
788 763 893 802 vos,
921 745 1005 809 pia
1029 745 1234 792 numina
1257 752 1442 801 vatum,

155 823 373 887 Insignis
394 841 547 872 cornu
574 824 794 880 Bacche,
818 839 1099 886 novemque
1127 822 1276 871 Deae!

89 900 214 956 Quis
240 901 454 959 dubitet,
482 902 604 966 quin
631 902 759 950 scire
784 901 934 950 velim
962 903 1144 949 saltare
1170 901 1416 964 puellam3

158 978 230 1025 Ut
255 977 451 1026 meveat
476 979 639 1043 posito
664 979 868 1026 brachia
887 980 1030 1042 jussa
1054 978 1217 1026 mero?

1389 979 1488 1024 350

91 1055 324 1104 Artifices
349 1057 537 1114 lateris,
566 1074 730 1105 scenae
757 1057 1063 1120 spectacula,
1091 1062 1344 1103 amantur:

159 1133 376 1181 Tantum
402 1134 654 1183 mobilitas
681 1134 765 1182 illa
790 1133 985 1182 decoris
1011 1134 1180 1181 habet.

96 1210 255 1259 Parva
278 1228 480 1260 monere
506 1213 687 1276 pudet:
729 1213 943 1259 talorum
969 1212 1152 1259 ducere
1173 1211 1341 1273 jactus

164 1287 236 1334 Ut
260 1288 402 1345 sciat,
430 1297 482 1337 et
504 1290 649 1346 vires,
677 1296 870 1337 tessera
894 1289 1064 1345 missa,
1092 1296 1219 1336 tuas.

1395 1289 1491 1333 354

98 1364 164 1413 Et
187 1366 336 1413 modo
362 1374 462 1415 tres
482 1368 645 1430 jactet
669 1383 925 1415 numeros:
967 1367 1116 1413 modo
1142 1365 1347 1427 cogitet,
1376 1370 1494 1427 apte

163 1442 328 1498 Quam
354 1445 533 1493 subeat
557 1453 750 1509 partem
777 1444 973 1500 callida,
1002 1459 1258 1507 quamque
1279 1447 1441 1489 vocet.

100 1519 365 1584 Cautaque
390 1537 488 1569 non
514 1523 668 1586 stulte
694 1524 943 1570 latronum
970 1521 1144 1586 proelia
1168 1520 1333 1567 ludat:

168 1596 313 1644 Unus
338 1613 453 1645 cum
479 1599 678 1661 gemino
703 1600 928 1646 calculus
955 1599 1100 1646 hoste
1125 1597 1272 1662 perit.

104 1673 429 1738 Bellatorque
456 1677 548 1723 sua
575 1692 786 1740 prensus
814 1676 922 1724 sine
947 1690 1180 1738 compare
1206 1674 1384 1721 bellat:

170 1751 399 1799 AEmulus
423 1760 475 1801 et
495 1761 718 1818 coeptum
743 1770 877 1818 saepe
902 1752 1113 1802 recurrit
1138 1752 1246 1799 iter.

149 1935 225 1966 345.
267 1935 318 1966 Vel
356 1938 410 1967 tibi
446 1940 603 1977 composita
630 1945 771 1968 cantetur

107 1985 228 2023 epistola
255 1996 342 2016 voce.-
378 1985 522 2027 Ignotum
545 1988 597 2018 hoc
623 1988 694 2017 aliis
718 1989 772 2018 ille

108 2035 227 2064 novavit
251 2034 352 2075 opus-J
388 2035 552 2066 Sententia
575 2042 639 2067 est:
665 2036 772 2077 Atque

109 2081 221 2123 aliquis
233 2082 328 2119 dicet,
341 2083 426 2125 Lege
441 2084 580 2114 carmina
596 2084 690 2115 nostri
705 2095 772 2115 ma-

111 2130 209 2171 gistri,
228 2130 261 2162 id
282 2138 329 2162 est
345 2132 470 2163 Ovidii:
495 2143 533 2163 ea
557 2133 689 2170 scilicet,
706 2133 775 2175 qui-

111 2180 170 2210 bus
197 2180 251 2211 1116
278 2182 387 2212 ambas
408 2187 513 2224 partes
536 2183 680 2213 instruit:
718 2183 776 2214 hoc

113 2236 170 2266 est,
196 2235 261 2261 tam
284 2230 377 2267 viros,
406 2241 499 2272 quam
522 2231 646 2273 puellas
673 2242 778 2263 amare

116 2279 221 2310 docet.
266 2281 397 2311 Μιογι.

158 2329 233 2360 350.
260 2329 528 2371 Βι-αο]ιὶαι]1ιεεα.]
556 2330 627 2361 Scio
649 2341 777 2372 quomo-

115 2378 155 2409 do
169 2378 320 2421 explicari
332 2385 363 2410 et
378 2380 530 2422 exemplis
547 2379 677 2410 infinitis
691 2380 779 2411 illus-

116 2427 188 2459 trari
203 2427 308 2470 possit.
353 2429 416 2460 Sed
430 2429 583 2460 Schefferi
600 2429 699 2460 codex
724 2429 779 2460 ha-

117 2477 184 2513 bet,
195 2489 290 2517 passa,
304 2479 388 2520 quod
400 2479 588 2520 praeferrem‚
605 2484 639 2509 ut
653 2479 780 2520 elegan-

119 2527 181 2557 tius
197 2532 228 2557 et
241 2526 373 2558 doctius.
418 2528 536 2558 BnnM.

163 2577 237 2607 351.
260 2578 396 2618 Artificis
420 2578 533 2614 lateris,
557 2588 648 2608 scenae
670 2584 783 2617 specta-

121 2627 191 2656 cula
217 2627 389 2667 amantum]
430 2627 529 2664 Malo,
557 2633 712 2657 emuntur.
739 2625 783 2657 sic

123 2675 214 2706 Trist.
230 2674 251 2705 l.
267 2675 301 2705 ii.
318 2676 391 2706 507.

168 2725 240 2759 Quae
255 2726 351 2756 mimis
364 2728 492 2765 prodest,
510 2737 593 2757 scena
612 2733 652 2757 est
669 2727 784 2756 lucrosa

1404 1753 1502 1797 360

965 1939 1075 1976 po'c'tae:

929 1986 1084 2026 Tantaque
1099 1997 1159 2016 71071
1171 1996 1264 2024 parvo
1280 1986 1408 2015 crimina
1422 1984 1505 2014 Prae-

972 2042 1018 2065 tor
1033 2037 1114 2065 emit.

887 2085 1005 2124 Inspice
1036 2086 1175 2115 ludorum
1204 2090 1331 2119 5111111113,
1359 2084 1508 2124 Auguste,

974 2140 1107 2164 tuorum.

934 2183 1023 2214 Εηιίιι
1039 2185 1092 2214 tibi
1103 2194 1210 2223 magno
1226 2183 1302 2212 talia
1314 2183 1411 2212 multa
1425 2183 1512 2224 leges.

1347 2232 1468 2263 HEINs.

846 2282 935 2312 Nihil
952 2286 1048 2312 muto.
1064 2287 1096 2312 et
1107 2281 1152 2311 ita
1168 2280 1373 2322 interpret0r;
1397 2281 1515 2311 Mimos

846 2337 878 2363 et
905 2331 1078 2373 Magistros
1107 2331 1177 2360 illos
1205 2335 1348 2361 motuum
1373 2330 1514 2361 mimico-

848 2391 928 2415 rum,
941 2380 995 2421 qui
1012 2379 1151 2421 quotidie
1166 2378 1199 2408 in
1213 2389 1307 2409 scena
1322 2384 1516 2420 spectantur,

849 2429 943 2459 etiam
960 2439 978 2459 a
989 2428 1061 2459 viris
1078 2432 1109 2459 et
1124 2427 1308 2458 mulieribus
1320 2427 1428 2463 amari,
1440 2427 1517 2458 licet

849 2478 911 2509 sint
934 2477 1094 2509 vilissimi:
1119 2477 1158 2507 de
1182 2477 1240 2507 hoc
1264 2477 1378 2512 furore,
1402 2488 1464 2518 quo
1486 2484 1518 2508 et

851 2527 908 2557 viri
923 2533 954 2558 et
971 2527 1094 2557 feminae
1112 2526 1291 2556 ferebantur
1308 2525 1339 2555 in
1363 2526 1518 2566 pantomi-

853 2588 929 2612 mos,
943 2577 997 2617 qui
1021 2576 1126 2606 lateris
1148 2574 1284 2605 artifices
1300 2580 1397 2609 erant,
1413 2574 1444 2605 id
1461 2581 1519 2611 est,

853 2626 1009 2656 docebant
1037 2625 1149 2655 saltare
1179 2624 1301 2666 puellas
1325 2630 1357 2654 et
1377 2624 1520 2665 juvenes,

854 2686 935 2716 saepe
952 2674 1109 2705 invehitur
1125 2674 1259 2705 seneca.
1307 2673 1427 2705 Bunm.
