1760 3172
428 173 736 217 TRISTIUM
770 174 889 216 LIB.
925 175 961 215 I.
996 176 1175 218 ELEG.
1209 177 1265 219 V„

1462 180 1548 221 163

100 294 109 305 '
155 289 324 338 Causa
345 305 458 338 mea
481 297 558 337 est
581 290 769 346 melior,
798 291 884 353 qui
910 306 1008 337 non
1033 292 1279 339 contraria
1303 293 1397 340 fovi

220 366 374 415 Arma
394 385 405 425 ;
446 367 534 414 sed
559 367 686 414 hanc
711 366 869 413 merui
895 366 1217 429 simplicitate
1242 368 1427 431 fugam.

154 442 390 507 Invigiles
414 444 564 507 igitur
588 444 769 491 nostris
795 459 884 508 pro
909 444 1108 491 casibus
1134 460 1236 500 oro,

222 521 445 569 Diminui
471 521 512 568 si
539 537 640 584 qua
665 521 881 568 numinis
908 521 979 568 ira
1003 528 1187 584 potest.

156 596 295 646 Scire
320 614 457 646 meos
484 598 524 644 si
550 599 662 661 quis
689 614 835 645 casus
861 599 1114 650 desideret
1138 614 1328 653 omnes,

1481 603 1545 647 45

219 674 358 730 Plus,
387 691 539 738 quam
565 675 700 737 quod
725 674 830 721 fieri
856 691 933 722 res
960 675 1092 730 sinit,
1120 675 1202 722 ille
1228 682 1386 738 petat.

152 749 249 799 Tot
278 752 409 799 mala
444 767 555 798 sum
587 767 782 814 passus,
822 757 947 813 quot
974 751 1024 797 in
1057 751 1242 799 aethere
1275 751 1440 799 sidera
1471 752 1543 798 lu-

352 835 484 884 cent,

220 904 481 969 Parvaque
507 912 629 969 quot
650 906 814 952 siccus
840 920 1049 968 corpora
1073 905 1233 968 pulvis
1259 905 1427 952 habet.

154 981 420 1046 Multaque
445 982 669 1029 credibili
695 983 900 1030 tulimus
926 978 1130 1045 majora,
1152 989 1428 1046 ratamque,

219 1058 458 1113 Quamvis
484 1060 772 1116 acciderint,
800 1076 899 1107 non
924 1060 1156 1107 habitura
1179 1060 1348 1106 fidem.

1482 1063 1546 1106 50

154 1134 278 1183 Pars
303 1136 453 1185 etiam
477 1152 675 1184 mecum
701 1138 933 1201 quaedam
958 1137 1194 1184 moriatur
1218 1143 1429 1200 oportet,

220 1212 412 1277 Meque
435 1214 582 1262 velim
602 1215 762 1279 possit
785 1215 1132 1262 dissimulante
1156 1214 1276 1276 tegi.

156 1288 210 1337 Si
235 1306 332 1338 vox
356 1290 612 1354 infragilis,
640 1298 818 1354 pectus
843 1291 964 1337 mihi
989 1290 1177 1337 firmius
1204 1306 1316 1345 aere,

220 1365 475 1431 Pluraque
500 1383 615 1415 cum
639 1367 822 1430 linguis
847 1367 1071 1431 pluribus
1097 1383 1184 1414 ora
1208 1366 1395 1422 forent3

154 1442 269 1490 Non
292 1450 461 1491 tamen
484 1443 669 1491 idcirco
695 1444 1053 1508 complecterer
1079 1443 1246 1490 omnia
1269 1442 1448 1499 verbis,
1481 1446 1543 1491 55

219 1518 436 1567 Materia
458 1520 586 1567 vires
612 1527 947 1584 exsuperante
974 1536 1129 1567 meas.

153 1595 253 1643 Pro
278 1596 407 1644 duce
434 1595 643 1653 Neritio,
670 1597 820 1653 docti,
848 1598 979 1644 mala
1003 1604 1187 1652 nostra,
1210 1603 1389 1660 poetae,

222 1672 467 1722 Scribite:
509 1673 703 1721 Neritio
728 1689 843 1721 nam
869 1675 1002 1721 mala
1020 1674 1164 1737 plura
1187 1674 1296 1720 tuli.

153 1747 245 1797 Ille
269 1750 405 1797 brevi
431 1750 592 1814 spatio
618 1751 787 1798 multis
814 1751 994 1798 erravit
1018 1750 1066 1796 in
1093 1750 1234 1797 annis

218 1825 354 1875 Inter
380 1827 638 1875 Dulichias
668 1828 950 1892 Iliacasque
975 1829 1180 1882 domos;

194 1981 247 2012 41.
273 1981 372 2013 Causa
393 1994 457 2013 mea
480 1990 522 2013 est
536 1983 669 2024 melion]
697 1983 813 2026 Conju-

151 2030 304 2062 rationem
315 2037 347 2062 et
357 2031 617 2074 conspirationem
628 2039 735 2063 contra
746 2033 814 2064 Au-

151 2085 277 2120 gustum
292 2079 457 2122 intelligit:
482 2081 525 2124 de.
536 2091 599 2122 qua
611 2081 667 2112 lib.
679 2081 711 2112 ii.
726 2087 758 2112 et
768 2081 813 2113 iii.

151 2129 287 2171 Eleg.v.
331 2131 425 2161 MER.

193 2179 246 2209 51.
263 2179 342 2209 Pars
357 2181 447 2209 etiam
461 2180 621 2220 quaedam.]
646 2180 811 2221 Ingenium

152 2226 310 2268 intelligit,
331 2228 415 2269 quod
437 2239 501 2270 prae
523 2228 617 2259 nimio
637 2229 741 2260 dolore
756 2240 810 2261 ne-

152 2274 220 2316 quit
241 2275 371 2317 dignum
395 2275 516 2317 aliquid
539 2287 739 2318 componere3
762 2279 812 2309 vel

150 2329 235 2355 certe
259 2325 375 2356 famam
401 2325 557 2366 designat,
580 2337 674 2367 quam
695 2326 811 2368 peritu-

151 2383 218 2404 ram
241 2373 319 2404 dicit
343 2373 402 2405 hac
427 2374 529 2404 exsilii
553 2380 636 2412 nota,
662 2375 712 2406 vel
733 2375 812 2407 inter

150 2421 283 2463 Scythas
297 2422 376 2452 nihil
391 2423 622 2464 componendo.

195 2473 247 2502 52.
272 2471 368 2502 Possit
389 2471 476 2513 teg-L]
503 2471 605 2503 Possit
627 2472 722 2504 celari
741 2483 812 2515 pars

149 2518 230 2556 haec,
260 2530 330 2560 quae
363 2530 485 2551 mecum
515 2520 671 2551 morietur.
716 2521 810 2551 Man.

151 2566 213 2598 Vel
229 2567 322 2598 velim
337 2578 426 2609 posse
444 2568 589 2609 ignorari,
605 2579 656 2600 me
676 2574 812 2600 tacente.

153 2615 233 2652 Quae
256 2615 311 2647 illa
332 2616 457 2653 fuerint,
480 2616 614 2647 liberum
643 2622 689 2648 est
713 2618 813 2649 cuivis

151 2670 289 2696 nostrum
301 2665 451 2697 divinare.
495 2666 598 2697 Pom.

196 2715 248 2745 53.
272 2714 303 2746 Si
322 2726 371 2747 vox
394 2715 580 2757 infingfflis]
609 2714 736 2746 Homeri
756 2714 811 2746 illa

1481 1831 1546 1875 60

882 1983 1017 2026 respexit
1038 1982 1131 2013 Iliad.
1146 1981 1189 2022 β’.
1211 1981 1307 2020 Φώνη
1328 1979 1353 2012 δ’
1375 1979 1546 2022 ἅῤῥηκτος,

880 2034 1029 2074 χαλκοῦν
1050 2031 1081 2063 δέ
1104 2044 1156 2073 μοι
1172 2030 1250 2072 ἦτορ
1267 2030 1365 2069 ἐνείη,
1384 2030 1468 2072 quod
1479 2031 1545 2072 jam

880 2082 934 2112 alii
958 2081 1112 2112 viderunt.
1143 2081 1261 2111 HmNs.
1307 2079 1436 2110 Homeri
1461 2080 1549 2111 locus

880 2130 999 2161 stabilit
1014 2130 1174 2171 vulgatam
1190 2128 1367 2164 lectionem,
1384 2130 1416 2159 Si
1434 2140 1481 2159 τοι
1502 2131 1547 2159 ἰη-

870 2181 1013 2222 fragilis,
1028 2186 1130 2219 pectus
1144 2179 1349 2219 mihifirmius
1363 2189 1431 2209 aere.
1477 2178 1545 2208 Non

870 2228 1001 2270 fragilis
1009 2227 1106 2257 habet
1119 2225 1262 2257 Francos.
1276 2231 1307 2256 et
1320 2225 1460 2267 quinque
1472 2226 1524 2256 alii
1540 2239 1547 2263 ;

879 2277 934 2307 sed
954 2276 1111 2318 irffragflis
1129 2281 1213 2306 recte
1230 2287 1235 2304 :
1262 2275 1308 2305 ita
1331 2274 1465 2310 Plinius,
1491 2274 1546 2305 lib.

881 2337 932 2355 xx.
955 2325 983 2354 l.
1006 2326 1196 2354 adamantem
1221 2323 1395 2364 infragilem
1418 2325 1497 2353 omni
1518 2325 1547 2353 vi

880 2380 908 2403 et
921 2375 1067 2403 invictum
1083 2372 1171 2402 dicit.
1218 2372 1334 2401 anm.

924 2423 976 2453 56.
1013 2421 1173 2461 Materia]
1213 2420 1373 2451 Malorum
1411 2420 1545 2462 copiam,

880 2470 1043 2501 materiam
1060 2469 1210 2512 appellat,

921 2520 974 2550 57.
1000 2519 1062 2548 Pro
1085 2520 1160 2549 duce
1186 2517 1333 2557 Neritia]
1382 2517 1442 2547 Pro
1466 2516 1546 2548 duce

882 2568 1008 2609 Ulysse.
1066 2567 1124 2597 Est
1153 2571 1259 2598 autem
1294 2566 1421 2596 Neritus
1457 2576 1547 2597 mons

880 2615 1044 2647 frondosus
1065 2615 1098 2646 in
1119 2614 1221 2647 insula
1239 2614 1364 2652 Ithaca,
1384 2625 1480 2656 quam
1501 2620 1548 2645 te-

881 2665 949 2697 nuit
966 2666 1108 2707 Ulysses.

955 2767 1027 2798 M2
