1760 3172
234 161 319 202 478

612 159 663 200 P.
697 157 911 200 OVIDII
961 157 1242 200 NASONIS

235 277 383 339 Saepe
409 275 562 339 piget,
591 274 713 337 quid
740 273 870 322 enim
898 274 1122 321 dubitem
1149 274 1239 321 tibi
1264 289 1380 321 vera
1403 272 1576 320 fateri?

300 352 576 414 Corrigere,
600 358 651 398 et
674 350 810 413 longi
837 350 963 398 ferre
990 351 1173 398 laboris
1198 367 1338 397 onus.

1560 353 1624 395 20

235 429 548 476 Scribentem
568 428 712 490 juvat
736 427 844 490 ipse
870 427 1020 484 favor,
1048 428 1327 490 minuitque
1352 428 1588 481 laborem,

301 506 533 568 Cumque
559 520 648 551 suo
674 520 906 551 crescens
927 511 1127 568 pectore
1152 504 1308 551 servet
1331 520 1472 568 opus.

234 582 496 645 Corrigere
521 588 573 628 at
597 597 674 628 res
701 588 779 628 est
803 587 942 628 tanto
968 581 1127 643 magis
1153 582 1321 637 ardua,
1350 588 1537 643 quanto

301 659 518 722 Magnus
543 658 832 705 Aristarcho
858 659 1015 720 major
1040 657 1288 706 Homerus
1315 665 1434 706 erat.

234 737 317 785 Sic
344 737 560 784 animum
586 736 719 782 lento
745 750 973 782 curarum
998 735 1177 797 frigore
1203 735 1358 791 laedit,

1563 737 1625 781 25

300 813 373 861 Ut
392 813 560 877 cupidi
586 828 756 859 cursor
776 811 931 859 fraena
957 819 1171 860 retentat
1196 812 1329 875 equi.

232 891 403 954 Atque
427 891 496 938 ita
521 890 587 936 Di
611 890 758 937 mites
783 890 1009 936 minuant
1032 889 1152 936 mihi
1179 890 1393 938 Caesaris
1419 889 1556 943 iram,

303 968 537 1031 Ossaque
561 975 741 1032 pacata
766 975 935 1015 nostra
958 975 1190 1030 tegantur
1213 968 1363 1014 humo
1382 986 1392 1024 ;

236 1046 308 1094 Ut
331 1046 467 1102 mihi,
495 1046 696 1093 conanti
723 1061 1081 1108 nonnunquam
1106 1045 1363 1092 intendere
1389 1060 1550 1098 curas,

303 1123 536 1171 Fortunae
564 1123 759 1187 species
785 1123 951 1169 obstat
975 1122 1155 1170 acerba
1179 1138 1319 1169 meae.

1566 1123 1630 1167 30

237 1200 440 1264 Vixque
465 1200 586 1248 mihi
607 1200 792 1256 videor,
819 1199 998 1247 faciam
1023 1199 1157 1263 quod
1183 1198 1419 1254 carmina,
1447 1212 1612 1253 sanus,

305 1277 467 1342 Inque
492 1277 607 1326 feris
633 1294 802 1326 curem
827 1277 1072 1339 corrigere
1097 1276 1179 1323 illa
1205 1276 1376 1324 Getis:

240 1355 325 1402 Nil
349 1363 517 1403 tamen
539 1372 565 1403 e
590 1355 787 1419 scriptis
812 1354 970 1417 magis
996 1354 1285 1401 excusabile
1310 1352 1507 1409 nostris,

304 1432 468 1488 Quam
494 1450 670 1482 sensus
696 1433 889 1480 cunctis
916 1448 1061 1496 paene
1086 1431 1220 1495 quod
1248 1447 1373 1478 unus
1399 1430 1544 1477 inest.

235 1617 309 1648 bum
333 1616 519 1647 mutandum
542 1616 574 1647 in
597 1616 734 1648 carmine
758 1627 846 1654 meo;
868 1623 900 1647 et

234 1665 396 1708 subjungit
411 1676 559 1704 causam3
584 1666 659 1708 quia
675 1666 737 1697 vim
753 1666 899 1709 judican-

237 1715 268 1746 di
283 1726 354 1746 mea
368 1714 533 1746 calamitas
550 1715 651 1757 fregit.

279 1766 330 1795 20.
358 1765 442 1794 Onus
464 1765 546 1806 longi
570 1763 704 1804 laboris]
732 1763 901 1794 Difficilius

236 1819 283 1844 est
298 1813 381 1844 enim
393 1823 518 1844 carmen
529 1813 692 1855 corrigere,
706 1823 801 1854 quam
816 1823 900 1844 com-

237 1873 362 1905 ponere.

278 1913 332 1942 24.
347 1911 551 1951 Aristan-cha]
579 1910 706 1942 Homeri
720 1910 902 1953 interprete.

237 1962 310 1994 Fuit
334 1961 534 1992 Aristarchus
557 1961 694 2003 optimus
720 1962 901 2003 grammati-

237 2023 292 2044 cus
328 2011 575 2042 Alexandrinus.
626 2011 773 2042 AElianus
808 2011 904 2042 tradit

236 2061 319 2092 hunc
340 2067 404 2092 tam
430 2060 582 2102 castigato
604 2060 698 2091 fuisse
720 2059 852 2102 judicio,
869 2067 904 2091 ut

239 2110 367 2141 Homeri
389 2120 495 2141 versus
524 2120 586 2140 non
615 2117 786 2151 putaretur,
809 2120 903 2151 quem

236 2159 302 2202 ipse
327 2171 389 2190 non
411 2160 566 2202 probaret.
613 2158 696 2190 Hinc
721 2159 903 2201 scriptorum

239 2209 410 2240 alienorum
431 2219 572 2245 censores
588 2214 618 2239 et
633 2208 756 2250 judices
779 2219 902 2250 prover—

237 2258 289 2289 bio
311 2257 483 2288 Aristarchi
517 2257 725 2300 adpellantur,
750 2263 782 2288 et
810 2268 903 2299 oppo-

240 2314 355 2338 nuntur
371 2306 477 2337 Zoilis.

284 2355 556 2398 Comparationem
582 2354 675 2390 hanc,
691 2360 725 2385 ut
747 2354 902 2385 dissenta-

241 2417 343 2441 neam,
365 2405 464 2446 carpit
485 2404 626 2446 Scaliger
648 2404 734 2435 Poet.
753 2403 796 2434 vi.
819 2415 846 2435 c.
871 2404 902 2434 7.

239 2460 259 2472 “
274 2455 336 2486 Sed
353 2453 533 2485 commodus
549 2459 648 2495 poetae
665 2463 775 2484 sensus
791 2459 847 2488 est,
863 2452 906 2483 ait

242 2505 432 2546 Verpoorten
444 2515 452 2541 ;
477 2503 633 2544 Cori-igere
643 2502 758 2544 scripta
768 2501 906 2532 carmina

243 2560 327 2584 tanto
352 2553 508 2593 difficilius
531 2559 584 2587 est,
613 2559 723 2592 quanto
752 2551 907 2592 difficilius

241 2608 271 2632 ct
285 2601 435 2632 audacius
447 2613 524 2643 opus
535 2602 698 2642 adgressus
712 2607 757 2631 est
771 2602 906 2631 :iri-§tar-

242 2652 325 2686 chus,
341 2650 395 2693 qui
416 2651 579 2681 Homerum
604 2650 702 2680 multo
721 2651 905 2690 praestantio-

241 2710 303 2730 rem
331 2699 398 2741 ipso
424 2700 589 2730 emendare
627 2699 769 2730 instituit.
824 2700 906 2729 Nam

242 2749 442 2781 indoctiorem
458 2749 618 2787 corrigere,
631 2760 692 2779 non
704 2755 748 2779 est
764 2749 906 2783 arduum,

970 1622 1005 1647 ut
1026 1615 1173 1656 magistro
1198 1613 1408 1656 discipulum:
1435 1619 1467 1644 at
1489 1612 1634 1644 doctioris

969 1665 1087 1708 scripta
1109 1663 1286 1699 emendare,
1303 1669 1335 1694 et
1358 1662 1396 1693 de
1420 1663 1487 1705 ejus
1510 1662 1634 1704 ingenio

968 1720 1051 1746 recte
1063 1713 1219 1756 judicare,
1231 1712 1359 1743 difficile
1375 1712 1459 1742 est.’'
1485 1712 1633 1742 HARLES.

1011 1765 1063 1794 25.
1087 1763 1137 1793 Sic
1158 1764 1293 1793 animum
1312 1768 1390 1792 lento
1405 1773 1548 1792 curarum
1563 1762 1633 1802 fri-

967 1825 1039 1855 gore
1067 1812 1177 1852 ludin]
1205 1811 1324 1842 Deesse
1355 1810 1475 1852 aliquid
1499 1809 1633 1845 videtur,

969 1874 1031 1905 quo
1053 1862 1202 1894 reseratur
1227 1863 1320 1897 laedit,
1339 1860 1398 1891 nisi
1424 1860 1460 1892 τό
1485 1863 1634 1902 corrigere

970 1923 1043 1944 cum
1056 1911 1182 1943 Merula
1191 1911 1359 1953 intelligas.
1396 1910 1544 1941 Heinsius
1559 1921 1630 1941 con-

968 1961 1096 2004 jecerat,
1115 1963 1214 1996 loedor,
1230 1966 1265 1991 ut
1275 1965 1355 1991 esset
1370 1959 1571 1991 Graecismus.

1015 2011 1112 2042 Atel.
1122 2010 1259 2040 Wakker
1271 2009 1347 2050 legit
1360 2021 1366 2038 ε
1393 2009 1434 2039 Et
1446 2011 1552 2048 cupide
1565 2020 1635 2039 cur-

971 2060 1082 2102 susfr.
1103 2066 1160 2090 ret.
1183 2062 1260 2100 equi,
1282 2058 1443 2100 carpitque
1470 2057 1635 2089 Heinsium

972 2119 1008 2140 ac
1022 2110 1252 2143 Burmannum,
1272 2107 1352 2149 quod
1370 2118 1472 2137 cursor
1491 2117 1635 2148 reposue-

971 2164 1053 2194 runt,
1081 2164 1112 2189 et
1136 2157 1374 2199 interpretatur:
1400 2162 1435 2187 ut
1463 2155 1636 2197 corrigendi

972 2207 1059 2238 labor
1073 2212 1160 2237 tanto
1182 2205 1337 2236 difficilior
1357 2212 1414 2241 est,
1431 2211 1548 2246 quanto
1564 2205 1635 2236 Ari-

971 2256 1129 2287 starchum
1147 2256 1302 2286 Homerus
1316 2256 1493 2297 superabat,
1509 2254 1552 2285 sic
1570 2255 1636 2286 ani-

973 2316 1056 2336 mum
1083 2312 1144 2336 etc.
1170 2312 1201 2336 et
1232 2310 1368 2335 retentat
1398 2304 1448 2335 vel
1479 2309 1636 2345 retorquet

972 2356 1059 2386 frena
1083 2355 1155 2397 equi
1176 2355 1331 2397 cupientis
1352 2365 1484 2385 currere.
1529 2355 1637 2396 Atque

972 2415 1030 2446 ego
1053 2405 1084 2436 in
1113 2403 1268 2435 sententia
1295 2403 1464 2435 doctissimi
1489 2405 1637 2435 Wakkeri

973 2454 1150 2496 adquiesco.
1196 2454 1344 2485 HARLrs.

1017 2505 1072 2534 34.
1097 2503 1192 2538 Quam
1206 2505 1281 2543 quod
1295 2514 1372 2534 uinus
1381 2503 1507 2543 sensus]
1532 2504 1636 2540 Quam

975 2552 1058 2594 quod
1074 2562 1137 2583 una
1153 2558 1182 2583 et
1198 2551 1307 2583 eadem
1323 2551 1480 2582 sententia
1497 2552 1592 2583 tristis
1606 2559 1637 2583 et

975 2595 1127 2642 lugubiis.
1176 2601 1496 2631 }'‹r11ei›1esl‹·11›1c·tis.
1539 2601 1637 2638 Quasi

976 2650 1056 2681 inest
1081 2650 1224 2680 omnibus
1248 2650 1324 2681 meis
1351 2649 1491 2691 scriptis:
1528 2650 1559 2680 in
1590 2650 1638 2681 his

976 2699 1060 2730 enim
1085 2705 1235 2730 tractatur
1258 2710 1347 2741 paene
1371 2699 1480 2731 eadem
1509 2699 1639 2730 materia

976 2756 1070 2779 tristis
1085 2756 1115 2779 et
1131 2755 1256 2779 moesta.
