1760 3172
408 164 719 209 TRISTIUM
754 165 872 206 LIB.
908 165 989 206 IV.
1024 165 1206 207 ELEG.
1241 167 1305 207 X.

1472 168 1558 210 303

156 282 401 329 >Carmina
425 298 580 345 quum
606 281 820 345 primum
847 281 1031 344 populo
1051 281 1292 343 juvenilia
1317 282 1432 345 legi,

231 358 399 406 Barba
423 366 619 407 resecta
643 359 762 406 mihi
788 358 925 405 bisve
952 358 1168 405 semelve
1193 358 1315 407 fuit:

164 435 392 483 Moverat
416 436 687 498 ingenium,
715 443 871 482 totam
897 442 1099 482 cantata
1123 451 1212 498 per
1237 436 1429 493 urbem,

230 512 445 563 Nomine
472 530 570 561 non
595 529 710 560 vero
735 513 871 560 dicta
897 511 1118 559 Corinna
1142 511 1280 559 mihi.
1494 518 1557 562 60

162 588 328 637 Multa
352 591 555 654 quidem
582 589 787 653 scripsi:
829 589 918 636 sed
945 605 1058 651 quae
1084 589 1263 637 vitiosa
1287 591 1475 653 putavi,

230 666 582 716 Emendaturis
608 667 807 730 ignibus
834 667 942 731 ipse
968 667 1113 714 dedi:

161 743 289 791 Tum
328 762 546 809 quoque,
582 762 737 809 quum
769 745 1008 807 fugerem,
1041 744 1273 807 quaedam
1313 745 1560 808 placitura

231 821 392 869 Iratus
419 822 582 870 studio
609 822 1015 885 carminibusque
1042 821 1183 868 meis.

1301 823 1536 884 [cremavi
1546 864 1556 879 ‚

162 899 336 956 Molle,
366 900 662 964 Cupidineis
688 917 780 948 nec
807 898 1199 963 inexpugnabile
1223 899 1336 946 telis
1493 905 1556 949 65

230 977 330 1024 Cor
354 978 490 1034 mihi,
519 978 758 1041 quodque
783 976 904 1024 levis
930 992 1082 1023 causa
1106 983 1345 1031 moveret,
1373 985 1494 1025 erat.

163 1053 330 1108 Quum
364 1052 531 1102 tamen
562 1055 656 1102 hoc
695 1070 876 1109 essem,
912 1053 1219 1116 minimoque
1259 1056 1560 1104 accenderer

231 1131 446 1180 Nomine
472 1133 565 1180 sub
587 1139 755 1179 nostro
781 1131 951 1178 fabula
975 1131 1112 1178 nulla
1137 1131 1245 1178 fuit.
1288 1187 1289 1191 Ἰ

1414 1134 1432 1195 [
1438 1133 1555 1195 igni,

164 1207 316 1256 Paene
341 1210 461 1256 mihi
487 1225 641 1274 puero
668 1225 759 1256 nec
786 1209 953 1270 digna,
980 1224 1071 1255 nec
1099 1208 1233 1255 utilis
1260 1225 1385 1256 uxor

231 1286 324 1334 Est
348 1287 493 1344 data3
536 1303 647 1350 quae
669 1293 868 1350 tempus
894 1286 1134 1350 perbreve
1160 1293 1318 1350 nupta
1342 1287 1460 1335 fuit:
1495 1292 1558 1335 70

164 1364 244 1412 Illi
271 1365 531 1422 successit,
560 1365 788 1429 quamvis
815 1364 921 1411 sine
943 1363 1165 1419 crimine,
1194 1366 1407 1427 conjux3

231 1441 347 1489 Non
370 1449 539 1490 tamen
564 1443 613 1489 in
639 1449 808 1489 nostro
832 1441 975 1488 firma
998 1440 1165 1488 futura
1188 1448 1296 1488 toro
1316 1459 1325 1489 :

170 1520 373 1577 Ultima,
402 1537 515 1584 quae
541 1537 738 1568 mecum
765 1536 900 1567 seros
927 1518 1201 1583 permansit
1226 1519 1275 1565 in
1302 1535 1472 1575 annos,

231 1597 483 1646 Sustinuit
507 1599 692 1661 conjux
719 1597 907 1645 exsulis
933 1613 1044 1644 esse
1069 1596 1175 1644 viri.

166 1675 291 1723 Filia
315 1693 393 1723 me
420 1675 581 1739 prima
604 1691 718 1723 mea
741 1674 818 1721 bis
843 1673 1076 1720 foecunda
1095 1674 1319 1735 juventa,
1495 1679 1557 1723 75

232 1754 335 1802 Sed
361 1770 460 1801 non
486 1770 549 1801 ex
575 1770 673 1800 uno
699 1753 928 1815 conjuge,
957 1750 1076 1798 fecit
1101 1767 1263 1798 avum.

165 1831 231 1880 Et
248 1833 354 1896 jam
379 1831 654 1896 complerat
679 1830 874 1892 genitor
900 1845 991 1875 sua
1015 1828 1133 1884 fata,
1162 1844 1442 1892 novemque

230 1909 510 1957 Addiderat
533 1908 704 1956 lustris
731 1908 888 1955 altera
912 1906 1069 1953 lustra
1093 1921 1288 1952 novem.

167 1987 281 2035 Non
308 1987 451 2052 aliter
474 1987 605 2044 flevi,
634 2002 785 2049 quam
809 2001 890 2031 me
915 1984 1122 2031 fleturus
1149 1984 1403 2031 ademtum

232 2065 326 2113 Ille
350 2065 470 2121 fuit;
511 2064 654 2112 matri
680 2063 908 2127 proxima
926 2062 1066 2124 justa
1090 2060 1198 2107 tuli.
1497 2065 1560 2109 80

208 2212 262 2242 60.
289 2211 451 2251 Cor-inum]
479 2210 509 2240 h.
526 2220 554 2241 e.
574 2219 700 2240 carmen
721 2217 825 2238 meum

164 2262 203 2293 de
229 2261 378 2297 Corinna,
409 2271 479 2302 quae
509 2260 656 2291 Caesarea
680 2257 826 2300 quaedam

163 2311 271 2354 puella
285 2311 381 2342 fuisse
395 2309 523 2341 dicitur.
570 2309 718 2339 HAnLsss.

206 2363 259 2393 63.
285 2359 562 2402 Quumfugerem.]
587 2360 697 2400 Quum*
715 2355 748 2386 in
771 2366 824 2386 ex-

163 2412 267 2443 silium
282 2410 504 2453 proficiscerer.

208 2462 260 2492 68.
286 2461 412 2491 Nomine
427 2461 479 2490 sub
498 2464 595 2489 nostro
607 2458 722 2499 fabula
740 2457 827 2486 nulla

154 2510 255 2552 suin]
276 2510 345 2539 Hoc
358 2507 454 2539 dicit:
475 2507 561 2538 nulla
572 2516 712 2548 unquam
726 2505 765 2536 de
778 2516 826 2535 me

166 2559 226 2590 fuit
247 2558 365 2593 fabula,
386 2557 436 2587 vel
462 2567 564 2587 rumor
587 2555 670 2586 ullus
693 2554 827 2589 sinister,

166 2608 250 2650 quod
265 2612 390 2638 notatus
403 2605 514 2636 fuerim
530 2605 667 2635 infamia.
712 2604 806 2634 MEn.

210 2659 265 2688 69.
291 2658 380 2687 Peene
398 2657 470 2686 mihi
487 2655 609 2695 puer-a]
637 2653 701 2685 Vix
725 2654 828 2695 pueri-

167 2707 242 2738 tiam
269 2717 403 2749 egresso,
425 2705 496 2737 scil.
525 2715 606 2736 anno
629 2704 752 2735 circiter
779 2703 828 2739 16,

896 2217 991 2247 quum
1011 2204 1142 2247 primam
1163 2214 1291 2235 uxorem
1313 2204 1450 2235 duceret.
1498 2204 1562 2235 Nec

894 2258 1000 2298 (ligna,
1028 2267 1079 2286 ne(-
1106 2255 1191 2285 rutilis
1220 2265 1305 2284 uror.
1350 2254 1425 2284 Tres
1450 2264 1561 2284 uxores

894 2304 1028 2335 subinde
1041 2303 1141 2334 duxit.
1178 2303 1257 2333 Cum
1272 2302 1395 2333 duabus
1408 2302 1562 2343 prioribus

895 2353 969 2384 fecit
985 2353 1151 2384 divortium
1166 2364 1172 2381 ς
1201 2362 1272 2382 cnm
1293 2351 1385 2382 tertia
1401 2350 1456 2381 diu
1472 2351 1562 2388 vixit,

895 2414 965 2444 quae
982 2402 1121 2433 exsulem
1138 2412 1198 2431 non
1209 2400 1344 2431 erubuit.
1393 2399 1496 2430 Poxr.

939 2453 990 2483 75.
1016 2451 1099 2481 Filia
1123 2462 1167 2481 me
1195 2462 1256 2481 mea
1280 2451 1321 2480 bis
1343 2450 1472 2490 primun]
1500 2451 1560 2482 Pe-

896 2501 980 2531 rilla.

939 2557 989 2586 78.
1017 2555 1184 2595 Νουειηψιε
1202 2554 1368 2584 Addiderat
1390 2554 1492 2583 lustris
1513 2555 1560 2584 al-

896 2613 958 2635 teru
978 2607 1072 2635 (nstra
1092 2603 1222 2643 moreau]
1251 2603 1319 2633 Hoc
1336 2608 1394 2638 est,
1409 2602 1448 2633 ad
1462 2614 1559 2633 nona-

895 2656 1044 2697 gesimum
1063 2664 1179 2684 annum
1194 2658 1391 2695 pervenerat,

939 2705 992 2735 80.
1021 2703 1117 2733 Matri
1141 2704 1273 2742 proxima
1301 2702 1385 2732 busta
1410 2701 1496 2742 tuli]
1522 2701 1560 2733 In
