1760 3172
575 180 873 223 REMEDIA
903 180 1166 222 AMORIS.
1468 181 1553 222 123

160 294 262 344 Vos
289 312 493 359 quoque
518 295 745 343 formosis
770 301 961 343 vestras
987 294 1208 342 conferte
1234 295 1426 358 puellas
1449 312 1458 343 ε

229 372 444 437 Incipiet
468 374 680 421 dominae
707 389 961 437 quemque
987 372 1175 436 pudere
1200 388 1319 419 suae.
1457 375 1554 419 710

166 449 393 514 Utraque
417 451 645 499 formosae
672 451 841 498 Paridi
868 458 1073 514 potuere
1098 449 1253 495 videri
1275 468 1285 505 ;

233 527 334 574 Sed
360 528 454 574 sibi
479 529 711 575 collatam
734 528 853 575 vicit
875 534 1140 589 utramque
1163 525 1352 573 Venus.

167 603 276 652 Nec
303 605 458 651 solam
482 605 683 663 faciem3
724 620 886 651 mores
909 619 1111 667 quoque
1131 602 1299 650 confer
1324 609 1374 650 et
1400 609 1553 650 artes:

232 681 448 729 Tantum
467 681 658 745 judicio
684 697 746 728 ne
771 688 887 727 tuus
913 680 1046 727 obsit
1070 696 1222 727 amor.
1463 682 1558 726 714

169 758 423 822 Exiguum
439 766 531 815 est,
551 759 685 822 quod
701 758 883 805 deinde
904 773 1104 804 canam:
1135 756 1224 803 sed
1239 755 1423 819 profuit
1438 755 1560 802 illud

236 835 490 898 Exiguum
514 836 711 883 multis:
752 835 802 881 in
828 834 1011 897 quibus
1037 833 1144 897 ipse
1169 832 1256 879 fui.

173 913 371 977 Scripta
395 929 515 960 cave
541 914 732 975 relegas
758 913 955 961 blandae
981 918 1176 958 servata
1200 910 1384 974 puellae
1408 927 1417 957 :

239 989 542 1037 Constantes
568 989 758 1037 animos
785 990 971 1052 scripta
994 989 1181 1035 relecta
1204 994 1420 1034 movent.

173 1066 358 1114 Omnia
381 1083 511 1130 pone
536 1066 664 1114 feros
691 1068 871 1130 (pones
897 1063 1101 1124 invitus)
1127 1064 1177 1110 in
1202 1064 1371 1126 ignes:

241 1143 308 1190 Et
331 1144 428 1200 dic,
456 1143 661 1190 Ardoris
688 1144 752 1191 sit
776 1160 925 1205 rogus
951 1143 1047 1190 iste
1072 1141 1187 1188 mei.
1469 1144 1495 1187 7
1502 1144 1565 1186 20

173 1220 404 1269 Thestias
431 1222 689 1268 absentem
715 1219 976 1267 succendit
1001 1219 1169 1282 stipite
1194 1225 1381 1265 natum.

242 1297 319 1345 Tu
342 1298 516 1345 timide
540 1299 752 1345 flammae
778 1297 969 1362 perfida
991 1297 1144 1343 verba
1168 1295 1344 1342 dabis?

179 1374 233 1423 Si
257 1381 417 1439 potes,
445 1382 496 1422 et
519 1391 658 1422 ceras
683 1391 897 1422 remove.
937 1373 1059 1436 quid
1085 1373 1299 1434 imagine
1324 1373 1463 1419 muta

248 1451 517 1516 Carperis?
553 1452 648 1499 11οο
673 1452 820 1516 periit
847 1449 1118 1497 Laodamia
1142 1450 1305 1496 modo.
1474 1451 1568 1495 724

180 1528 246 1576 Et
270 1530 380 1577 loca
403 1530 560 1577 multa
583 1536 781 1577 nocent.
821 1528 977 1591 fugito
1003 1528 1115 1574 loca
1139 1527 1340 1574 conscia
1362 1526 1512 1574 vestri

247 1606 578 1655 Concubitus.
618 1623 822 1654 caussas
848 1606 984 1653 mille
1010 1605 1194 1652 doloris
1219 1605 1422 1651 habent.

181 1683 278 1732 Hic
301 1684 420 1742 fuit3
461 1685 541 1732 hic
567 1685 767 1732 cubuit:
808 1685 1029 1731 thalamo
1056 1682 1378 1730 dormivimus
1404 1681 1527 1728 isto:

249 1761 346 1809 Hic
372 1762 494 1809 mihi
519 1762 707 1810 lasciva
734 1762 916 1824 gaudia
939 1767 1086 1808 nocte
1111 1759 1266 1807 dedit.

181 1839 458 1888 Admonitu
482 1840 740 1888 refricatur
766 1856 903 1887 amor
924 1858 934 1897 ;
974 1839 1258 1900 vulnusque
1283 1843 1520 1882 novatum

253 1916 526 1964 Scinditur.
566 1917 771 1964 infirmis
797 1931 978 1964 caussa
1002 1915 1186 1979 pusilla
1210 1920 1373 1960 nocet.
1481 1915 1577 1959 730

187 1993 259 2041 Ut
283 2011 411 2058 pene
437 1995 717 2043 extinctum
743 1996 960 2042 cinerem
986 1993 1026 2040 si
1052 1991 1238 2040 sulfure
1264 1998 1440 2052 tangas
1464 2008 1474 2046 3

250 2071 414 2129 Vivet,
441 2079 492 2120 et
516 2090 543 2121 e
567 2072 772 2121 minimo
796 2070 1047 2118 maximus
1074 2069 1202 2132 ignis
1228 2069 1336 2116 erit.

231 2229 304 2259 713,
330 2229 442 2270 Cmffep
464 2236 492 2259 et
518 2230 625 2270 artes]
653 2231 757 2260 Arcem
783 2241 847 2262 me-
962 2224 1143 2254 Tantumne
1160 2224 1272 2264 signem
1288 2223 1400 2261 scripta
1418 2223 1546 2252 dolenda

187 2277 289 2309 liores.
316 2278 433 2310 mes.
457 2280 545 2310 Artes
560 2280 675 2310 rectius
688 2291 760 2311 cum
771 2280 848 2322 pris·
1002 2274 1085 2303 mihi·
1408 2271 1540 2303 DOUZA·

187 2328 232 2358 cis
248 2327 438 2359 editionibus
456 2334 487 2359 et
502 2329 611 2370 majori
626 2329 775 2360 librorum
793 2341 849 2360 nu-

188 2387 284 2407 mero.
307 2377 456 2418 intelligit
482 2384 574 2414 artes,
599 2378 712 2420 quibus
736 2380 850 2421 puellae

190 2426 459 2458 commendantur.
474 2432 508 2458 ut
521 2426 554 2457 ii.
571 2427 645 2458 Am.
662 2439 692 2457 x.

233 2479 360 2508 Artibus
377 2480 409 2509 in
430 2480 520 2509 dubio
535 2485 576 2509 est
592 2480 650 2510 haec
664 2481 713 2515 sit,
729 2491 769 2509 cm
786 2481 852 2515 illa,

963 2341 1036 2370 721.
1054 2340 1185 2370 Thestius
1199 2341 1351 2369 succendit
1377 2339 1508 2378 aarum]
1527 2338 1584 2368 Al-

919 2389 992 2420 thea
1019 2388 1139 2419 Thestii
1170 2387 1242 2423 filia,
1273 2397 1341 2428 qum
1369 2387 1466 2417 filium
1495 2398 1585 2418 suum

920 2438 1129 2478 Meleagrum,
1150 2437 1287 2478 projecto
1302 2436 1333 2465 in
1351 2436 1453 2465 focum
1470 2435 1586 2477 stipite,

922 2487 975 2528 qui
992 2487 1057 2517 fata
1081 2485 1145 2516 nati
1161 2485 1355 2519 continebat,
1380 2483 1424 2513 ita
1440 2484 1586 2525 perdidit.

273 2529 369 2566 Prior.
922 2536 1041 2565 AMAB-

192 2581 243 2611 Ita
261 2582 372 2613 Horat.
389 2582 430 2612 iv.
447 2582 509 2613 Od.
532 2583 552 2614 i.
570 2584 698 2614 Centum
710 2596 787 2625 puer
803 2596 853 2614 ar-
967 2585 1041 2614 723.
1067 2584 1149 2617 Quid
1170 2583 1300 2622 imagine
1318 2588 1401 2612 muta,
1424 2582 1587 2622 Cur-peris?

193 2632 267 2662 tium
279 2642 290 2667 ,·
314 2636 346 2662 et
360 2632 474 2672 passim
491 2632 577 2663 alibi.
623 2633 740 2663 Bmm.
924 2634 975 2663 hoc
988 2634 1079 2672 periit
1097 2632 1259 2662 Laodamia
1280 2631 1390 2671 moda]
1419 2632 1589 2662 Laodamia

236 2679 312 2710 714.
347 2680 506 2722 Tantum]
530 2681 582 2712 rld
604 2687 651 2713 est
676 2682 854 2714 dummodo.
924 2681 1026 2723 periit,
1040 2680 1212 2723 spectando
1224 2686 1378 2711 servatam
1390 2680 1493 2712 mariti
1514 2682 1588 2712 Pro-

191 2738 274 2770 supr.
290 2728 323 2759 ii.
337 2729 446 2761 Amor.
461 2742 512 2762 xv.
532 2732 582 2762 18.
924 2730 1025 2761 tesilai
1049 2738 1171 2761 ceream
1195 2728 1374 2771 imaginem.
