1760 3172
298 434 594 483 'PUBLII
660 431 931 481 OVIDII
995 430 1351 479 NASONIS

605 624 1050 684 TRISTIUM

550 805 749 844 LIBER
797 805 1118 852 QUARTUS.

702 1007 963 1041 -4—

666 1177 830 1209 ELEGIA
854 1176 997 1208 PRIMA
1004 1199 1013 1208 .

138 1339 197 1386 Si
225 1354 328 1402 qua
350 1339 476 1386 meis
500 1338 700 1395 fuerint,
730 1346 784 1386 ut
809 1346 972 1396 erunt,
996 1339 1175 1386 vitiosa
1201 1339 1399 1396 libellis,

204 1416 462 1464 Excusata
486 1433 575 1463 suo
602 1423 844 1480 tempore,
873 1417 1045 1472 lector,
1073 1417 1201 1463 habe
1223 1434 1231 1463 :

137 1493 296 1540 Exsul
321 1509 472 1549 eram,
490 1494 791 1556 requiesque
817 1494 952 1549 mihi,
972 1510 1070 1540 non
1096 1493 1228 1540 sama
1249 1494 1405 1556 petita
1425 1502 1525 1548 est;

202 1570 351 1618 Mens
376 1571 570 1619 intenta
593 1571 696 1618 suis
722 1588 785 1618 ne
809 1571 936 1619 foret
960 1587 1121 1634 usque
1148 1571 1308 1618 malis.

138 1648 249 1697 Hoc
270 1655 363 1705 est,
380 1665 468 1696 cur
483 1656 654 1696 cantet
668 1650 862 1697 vinctus
880 1665 1082 1712 quoque
1099 1648 1344 1712 compede
1361 1648 1535 1703 fossor,

206 1726 416 1774 Indocili
441 1743 646 1774 numero
672 1743 826 1792 quum
854 1743 1001 1789 grave
1028 1726 1188 1772 mollit
1213 1742 1337 1789 opus
1358 1744 1367 1773 :
1509 1730 1536 1771 (3
1577 1744 1605 1773 »ε

141 1804 326 1852 Cantet
350 1810 416 1859 et,
445 1804 660 1852 innitens
687 1805 876 1852 limosae
903 1821 1088 1868 pronus
1115 1820 1293 1859 arenae,

203 1881 427 1929 Adverso
452 1882 646 1929 tardam
674 1883 759 1950 (El)
784 1883 937 1930 trahit
962 1899 1107 1929 amne
1134 1888 1291 1929 ratem
1312 1899 1320 1929 :

139 1957 340 2021 Quique
364 1957 527 2006 ferens
553 1959 739 2023 pariter
762 1960 925 2007 lentos
952 1960 1015 2007 ad
1042 1966 1248 2023 pectora
1268 1975 1446 2015 remos,

205 2035 267 2082 In
290 2052 551 2083 numerum
575 2038 721 2101 pulsa
745 2038 950 2085 brachia
973 2045 1138 2086 versat
1163 2053 1310 2100 aqua.
1479 2041 1536 2085 lo

140 2112 324 2161 Fessus
349 2120 405 2160 ut
428 2113 658 2162 incubuit
681 2116 878 2171 baculo,
908 2132 1092 2163 saxove
1119 2115 1307 2163 resedit

206 2183 418 2267 Pastorf'
431 2192 707 2239 arundineo
733 2193 953 2241 carmine
980 2193 1168 2239 mulcet
1192 2208 1326 2239 oves.

143 2266 408 2315 Cantantis
433 2269 632 2332 pariter,
698 2271 845 2318 ariter
865 2272 981 2318 data
1007 2285 1165 2334 pensa
1189 2268 1432 2317 trahentis

211 2343 419 2392 Fallitur
443 2287 1010 2449 ancillaessecipiturque
1036 2348 1189 2395 labor.

187 2525 216 2554 7.
243 2524 384 2564 cantat]
422 2525 531 2556 Cantet
562 2537 632 2557 cum
667 2528 806 2570 scriptis:
880 2529 917 2559 rit
934 2529 991 2558 hoe
1008 2539 1075 2557 voc.
1100 2532 1134 2557 ut
1157 2526 1271 2567 aequali
1293 2526 1399 2556 ordine
1419 2533 1544 2557 curram,

144 2573 356 2614 praecedentia
372 2573 403 2604 id
420 2574 559 2615 exigunt.
604 2576 724 2607 Hnms.
882 2576 970 2610 remi.
988 2577 1073 2617 quod
1097 2575 1136 2606 ad
1150 2586 1325 2610 numerum,
1344 2574 1373 2605 h.
1390 2585 1417 2605 e.
1436 2575 1474 2605 ad
1492 2586 1542 2605 ce-

186 2624 216 2653 9.
244 2622 383 2663 Formis]
413 2624 503 2658 Hanc
520 2624 646 2666 Micylli
663 2626 809 2656 emenda<
879 2627 996 2658 leusma
1015 2627 1118 2656 fiebat.
1167 2625 1316 2655 HAans.

145 2671 260 2702 tionem
276 2671 432 2713 rescripsit
449 2673 620 2705 Burmann.
638 2675 720 2715 quod
742 2686 809 2705 sen*
926 2677 973 2705 12.
1009 2676 1184 2705 slrundinw
1214 2673 1374 2713 carmina]
1419 2673 1541 2704 Fistula*

144 2729 195 2751 sus
212 2720 301 2752 aliter
320 2732 379 2752 non
393 2727 525 2759 constat,
538 2729 565 2753 et
578 2725 694 2761 puram*
708 2724 809 2764 requi-
880 2730 985 2755 vanni.
