1760 3172
416 179 725 221 TRISTIUM
757 178 877 220 LIB.
911 179 974 219 ΙΙ.
1008 180 1100 220 EL.
1133 180 1353 222 UNICA.
1500 182 1585 222 215

193 293 333 341 Talia
355 294 535 341 fumosi
561 295 798 341 luduntur
822 310 994 341 mense
1019 294 1316 350 decembris,

260 370 384 425 Quae
410 372 590 418 damno
616 372 734 418 nulli
759 371 1102 434 composuisse
1128 370 1236 418 fuit.

195 447 290 495 Hic
317 465 409 510 ego
434 448 677 510 deceptus
704 464 802 495 non
827 447 987 494 tristia
1011 447 1232 494 carmina
1256 447 1348 494 feci
1373 467 1382 504 3

262 525 363 572 Sed
388 524 543 571 tristis
568 531 764 571 nostros
790 540 938 587 poena
962 531 1137 570 secuta
1153 525 1315 586 jocos.

196 601 427 664 Denique
453 617 544 649 nec
570 601 713 648 video
740 601 803 647 de
828 607 901 647 tot
926 600 1262 649 scribentibus
1289 617 1458 655 unum,
1488 603 1584 647 495

259 678 422 732 Quem
447 693 537 724 sua
561 677 834 741 perdiderit
860 676 1010 723 Musa
1033 694 1042 723 :
1083 683 1310 739 repertus
1337 693 1448 739 ego.

195 755 344 812 Quid,
373 756 413 802 si
439 755 751 818 scripsissem
777 755 971 810 mimos,
999 755 1236 801 obscoena
1254 756 1502 817 jocantes,

262 832 361 887 Qui
385 848 582 895 semper
606 832 708 879 ficti
734 831 922 879 crimen
948 831 1128 878 amoris
1153 831 1374 878 habent?

195 908 254 955 In
279 908 461 971 quibus
488 894 696 955 adsidue
722 908 885 954 cultus
911 908 1137 970 procedit
1161 908 1374 963 adulter,

260 985 526 1048 Verbaque
552 985 639 1031 dat
663 985 818 1031 stulto
844 984 1026 1031 callida
1053 991 1210 1047 nupta
1233 985 1351 1031 viro.
1492 986 1588 1030 500

195 1061 393 1108 Nubilis
419 1062 509 1108 hos
534 1062 686 1124 virgo,
714 1068 1058 1124 matronaque,
1086 1061 1276 1125 virque,
1306 1078 1530 1125 puerque

263 1138 489 1202 Spectat,
516 1146 567 1186 et
592 1155 619 1186 e
644 1155 824 1201 magna
850 1146 991 1202 parte
1016 1146 1218 1186 senatus
1239 1139 1398 1186 adest.

196 1214 304 1262 Nec
330 1216 451 1262 satis
477 1216 680 1263 incestis
705 1217 936 1263 temerari
961 1216 1165 1263 vocibus
1191 1232 1362 1273 aures3

262 1292 584 1340 Adsuescunt
608 1294 739 1340 oculi
764 1294 923 1341 multa
947 1294 1185 1357 pudenda
1209 1294 1329 1357 pati.

196 1368 466 1431 Quumque
491 1369 667 1417 fefellit
692 1386 863 1417 amans
891 1371 1059 1433 aliqua
1084 1371 1304 1418 novitate
1331 1370 1580 1424 maritum,

263 1445 541 1502 Plauditur,
569 1454 620 1493 et
643 1463 824 1509 magno
849 1447 1016 1510 palma
1040 1446 1204 1495 favore
1229 1447 1393 1494 datur.
1495 1450 1590 1494 506

196 1523 410 1586 Quoque
435 1524 598 1570 minus
620 1525 840 1587 prodest,
868 1541 1021 1571 scena
1045 1532 1123 1571 est
1147 1525 1344 1571 lucrosa
1368 1531 1546 1587 poetae,

261 1600 524 1663 Tantaque
549 1617 647 1647 non
673 1617 823 1663 parvo
849 1601 1057 1648 crimina
1081 1608 1262 1664 praetor
1288 1601 1423 1647 emit.

197 1676 398 1741 Inspice
424 1678 653 1724 ludorum
680 1685 890 1732 sumtus,
920 1679 1164 1740 Auguste,
1192 1686 1416 1725 tuorum:

265 1755 415 1802 Emta
438 1755 527 1802 tibi
549 1771 730 1818 magno
755 1755 874 1802 talia
899 1757 1057 1802 multa
1081 1756 1235 1817 leges.
1498 1758 1594 1801 510

198 1831 319 1879 Haec
345 1839 399 1879 tu
425 1833 682 1896 spectasti,
711 1834 1090 1896 spectandaque
1117 1849 1250 1896 saepe
1276 1832 1489 1888 dedisti;

263 1909 508 1973 Majestas
533 1911 658 1958 adeo
683 1911 839 1958 comis
865 1912 1054 1974 ubique
1080 1918 1165 1957 tua
1189 1918 1294 1958 est:

200 1987 599 2051 Luminibusque
626 1990 742 2045 tuis,
770 1996 905 2036 totus
933 1989 1118 2052 quibus
1144 1988 1327 2034 utimur
1353 1987 1503 2042 orbis,

267 2065 480 2113 Scenica
503 2066 671 2113 vidisti
698 2067 864 2115 lentus
892 2065 1152 2114 adulteria.

241 2223 314 2253 491.
347 2223 434 2254 Talia
460 2224 640 2264 luduntur]
676 2223 766 2254 Talia
789 2234 863 2254 vasa
932 2223 1055 2254 fabulas
1085 2223 1241 2257 emebant,
1269 2233 1348 2263 quas
1373 2222 1516 2252 ludorum
1546 2222 1596 2252 (lie

197 2271 395 2302 celebrantur
411 2283 429 2302 a
440 2272 552 2314 poetiS,
566 2273 795 2309 Saturnalibus,
809 2274 862 2304 de·
931 2273 1053 2303 recitari
1073 2273 1229 2314 jubebant
1244 2283 1251 2309 3
1276 2271 1358 2301 unde
1381 2270 1516 2311 legimus
1530 2271 1596 2301 An-

199 2320 316 2350 cernbri
332 2330 447 2352 mense.
494 2321 613 2352 Hssms.
931 2322 1029 2352 driam
1050 2321 1187 2352 Terentii
1211 2326 1313 2351 actam
1332 2320 1415 2351 ludis
1430 2321 1597 2361 Megalen-

243 2370 321 2400 497.
357 2369 452 2406 Quid,
480 2372 505 2400 si
526 2372 704 2410 scripsissem
731 2371 859 2411 mimos]
932 2372 1039 2409 sibus3
1064 2371 1159 2401 aliam
1176 2370 1258 2401 ludis
1274 2370 1468 2400 funebribus.

199 2417 293 2447 Mimi
318 2423 407 2448 erant
435 2425 578 2460 poemata
602 2418 668 2450 sine
693 2419 865 2451 reverentia
975 2421 1048 2451 514.
1074 2420 1199 2450 Scenica
1211 2421 1349 2459 spectasti
1367 2420 1451 2450 lrrtzzs
1474 2421 1598 2450 adulte-

199 2466 361 2497 lasciviam
380 2467 544 2505 imitantia,
562 2479 631 2510 quae
654 2480 673 2499 a
693 2469 861 2510 mimogra—
932 2469 1010 2509 rim]
1038 2468 1172 2500 Rectius
1195 2468 1321 2499 omnino
1338 2470 1436 2499 lentus
1453 2479 1506 2499 sex
1532 2479 1597 2499 me-

199 2515 280 2557 phis,
295 2516 328 2546 id
344 2522 400 2552 est,
417 2517 617 2559 scriptoribus
633 2518 798 2549 mimorum
814 2519 863 2549 lu·
932 2519 1024 2549 liores
1040 2531 1048 2557 3
1073 2518 1144 2548 vide
1169 2524 1267 2554 notas,
1287 2518 1387 2560 Epist.
1405 2517 1471 2548 xix.
1488 2529 1517 2548 ν.
1535 2520 1571 2548 81
1591 2531 1597 2548 t

199 2563 248 2594 dis
264 2564 304 2595 ad
319 2565 482 2596 comoediae
500 2567 629 2597 formam
646 2567 819 2609 composita
834 2567 865 2597 in
931 2568 1015 2609 apud
1048 2568 1157 2597 Horat.
1192 2567 1246 2597 lib.
1277 2567 1297 2596 i.
1327 2567 1416 2608 Epist
1446 2566 1468 2596 i.
1500 2568 1599 2597 lentus

199 2613 302 2644 scenis
319 2615 505 2655 agebantur.
931 2623 1088 2656 spectator,
1111 2618 1269 2655 spectatori
1293 2617 1394 2646 sedulo
1413 2615 1597 2658 obponitur:

243 2664 317 2694 508.
343 2663 572 2705 Prcftoremit]
599 2666 753 2697 Praetores
769 2664 864 2700 enim,
978 2666 1139 2695 Exanimat
1169 2666 1268 2696 lentus
1295 2672 1454 2705 spectator,
1478 2667 1600 2696 sedulus

200 2722 255 2742 seu
271 2711 377 2743 aediles
393 2712 483 2743 ludos
500 2712 669 2749 faciebant,
687 2720 717 2744 et
733 2724 751 2744 a
766 2713 866 2755 poetis
1021 2716 1124 2745 instat.

1020 2769 1082 2797 1³4
