1760 3172
218 161 271 200 14
608 162 658 202 P.
693 161 905 203 OVIDII
941 159 1221 202 NASONIS

220 276 366 330 Quod
405 276 651 323 Phoebum
695 277 878 330 decuit,
923 291 1072 338 quem
1120 291 1217 321 non
1259 274 1437 321 decet?
1482 289 1610 321 exue

287 354 471 400 Curam
499 353 713 400 mansuri
740 352 968 416 quisquis
990 352 1170 399 amoris
1197 352 1369 398 habes.
1410 349 1607 412 [fastus‚
1639 392 1643 395 .

225 430 277 476 si
303 430 391 477 tibi
419 447 506 493 per
530 437 692 477 tutum
718 430 1022 493 planumque
1047 428 1310 490 negabitur
1334 427 1420 482 ire,

289 506 457 570 Atque
483 507 574 554 erit
598 506 828 569 adposita
850 507 1004 569 janua
1032 504 1156 552 fulta
1181 505 1294 551 sera
1315 522 1325 560 ;

222 584 288 630 At
311 591 363 630 tu
390 600 477 647 per
499 599 722 647 praeceps
748 589 880 629 tecto
905 582 1136 628 delabere
1162 588 1363 645 aperto:

1511 583 1608 627 245

289 661 390 708 Det
415 677 614 723 quoque
639 660 842 707 furtivas
868 660 970 707 alta
993 660 1211 707 fenestra
1231 659 1352 706 viaS.

223 737 358 784 Laeta
383 737 490 792 erit,
517 744 572 784 ut
595 752 825 784 caussam
850 737 939 784 tibi
966 753 1019 784 se
1045 736 1170 784 sciet
1194 752 1306 784 esse
1331 735 1519 799 pericli.

288 813 397 861 Hoc
423 815 633 861 dominae
659 814 781 861 certi
806 813 986 877 pignus
1013 813 1194 861 amoris
1220 812 1327 860 erit.

223 890 368 953 Saepe
392 891 478 937 tua
505 897 720 953 poteras,
750 889 991 946 Leandre,
1019 906 1186 937 carere
1210 889 1404 953 puella;

286 967 557 1022 Tranabas,
585 968 802 1015 animum
828 975 998 1015 nosset
1021 974 1076 1014 ut
1100 967 1184 1014 illa
1207 974 1365 1013 tuum.

1512 968 1610 1012 250

223 1043 329 1091 Nec
354 1045 513 1108 pudor
539 1045 758 1101 ancillas,
785 1052 839 1092 ut
865 1060 1082 1108 quaeque
1107 1044 1199 1091 erit
1219 1044 1389 1091 ordine
1409 1042 1583 1106 prima,

289 1121 396 1168 Nec
422 1121 511 1168 tibi
537 1122 601 1168 sit
625 1138 791 1169 servos
816 1121 1122 1169 demeruisse
1147 1121 1323 1185 pudor.

223 1197 436 1245 Nomine
463 1215 715 1262 quemque
741 1216 829 1246 suo
855 1199 1014 1261 (nulla
1038 1205 1115 1246 est
1133 1197 1352 1261 jactura)
1378 1196 1565 1244 saluta:

286 1275 316 1321 J
321 1291 450 1337 unge
476 1276 574 1322 tuis
599 1276 829 1331 humiles,
853 1276 1130 1330 ambitiose,
1157 1290 1350 1321 manus.

222 1352 323 1399 Sed
347 1358 515 1399 tamen
541 1359 590 1399 et
615 1369 754 1399 servo
780 1353 924 1415 (levis
950 1358 1028 1399 est
1051 1350 1300 1415 impensa)
1325 1350 1518 1413 roganti

284 1429 490 1492 Porrige
515 1429 720 1476 fortunae
746 1445 952 1476 munera
979 1444 1132 1491 parva
1155 1435 1272 1475 tuae.
1512 1429 1608 1473 206

1550 1429 1572 1452 Γ

221 1506 425 1569 Porrige
451 1514 502 1554 et
526 1507 733 1563 ancillae,
763 1507 863 1570 qua
886 1522 1059 1570 poenas
1084 1506 1197 1552 luce
1221 1504 1463 1569 pependit

287 1582 419 1630 Lusa
442 1583 653 1630 maritali
679 1583 874 1630 Gallica
898 1590 1036 1630 veste
1061 1598 1255 1629 manus.

220 1659 318 1707 Fac
344 1661 545 1724 plebem
571 1660 712 1723 (mihi
739 1660 909 1721 crede)
929 1668 1093 1708 tuam:
1134 1660 1199 1707 sit
1224 1674 1425 1723 semper
1449 1658 1499 1705 in
1519 1658 1605 1705 illa

283 1736 313 1783 J
319 1737 492 1792 anitor,
519 1744 569 1784 et
592 1737 796 1784 thalami
823 1737 909 1800 qui
928 1739 1067 1801 jacet
1091 1745 1205 1785 ante
1229 1736 1375 1784 fores.

216 1855 299 1880 recte
335 1850 450 1880 omnia.
499 1850 715 1881 Nar-omnus.
761 1850 876 1892 Apollo

217 1905 356 1930 armenta
383 1899 511 1930 Admeti
531 1900 627 1941 pavit,
654 1910 715 1930 non
740 1899 877 1931 Alcestis

216 1949 328 1989 gratia,
344 1954 378 1979 ut
390 1948 440 1979 hic
453 1949 579 1979 Merula
594 1949 700 1985 sentit,
712 1949 767 1980 sed
780 1949 877 1991 ipsius

220 1997 359 2033 Admeti,
389 2008 482 2039 quem
508 2004 574 2028 tum
601 1999 748 2040 juvenem
780 1999 876 2030 etiam

217 2048 401 2079 existentem
428 2048 575 2078 amabat:
607 2054 642 2078 ut
664 2047 878 2079 Callimachus

217 2097 333 2138 hymno
347 2096 380 2126 in
395 2096 503 2138 Apoll.
520 2097 627 2127 tradit.
672 2098 800 2128 M1cx'1„

260 2146 336 2177 257.
364 2146 491 2187 Porrige
508 2153 536 2176 et
556 2147 685 2182 ancillae,
702 2158 759 2187 qna
776 2157 876 2185 pa’nas

218 2198 284 2226 lace
310 2197 448 2234 pependit
479 2195 562 2225 Lusa
588 2197 725 2226 maritali
753 2196 878 2227 Gallica

218 2252 294 2275 reste
323 2244 460 2284 manus]
496 2244 629 2280 Primus,
655 2245 738 2286 quod
767 2245 874 2282 sciam,

218 2296 318 2326 janus
344 2294 527 2324 Parrhasius
546 2293 586 2324 ad
605 2293 773 2325 Claudiani
788 2295 875 2336 Rap-

219 2351 284 2375 tum
298 2343 501 2384 Proserpinae,
513 2348 648 2374 mentem
660 2343 796 2374 Nasonis
808 2354 875 2385 per-

218 2392 332 2435 spexit.
349 2393 416 2434 ejus
434 2393 529 2423 verba
547 2391 734 2428 adscribam,
750 2403 821 2423 cum
839 2393 875 2423 li-

217 2443 272 2472 ber
292 2441 345 2472 ille
366 2440 534 2471 difficulter
547 2440 724 2472 inveniatur
746 2441 876 2473 venalis.

216 2490 310 2531 igitur
320 2495 483 2532 postquam
495 2489 624 2525 monuit,
634 2502 692 2530 qna
708 2491 774 2521 luce
784 2502 793 2527 ,⁴
811 2501 872 2521 non

215 2550 290 2580 qaoe,
311 2538 394 2580 quod
408 2544 513 2569 tamen
528 2539 715 2569 membranis
730 2539 874 2570 omnibus

215 2588 413 2631 pertinaciter
441 2588 582 2624 inhaeret,
608 2588 718 2629 corrigi
748 2588 872 2625 debere.

215 2638 281 2668 haec
296 2636 400 2668 addit:
428 2638 573 2668 Aristides
588 2637 724 2668 Milesias
739 2639 775 2667 tle
788 2638 873 2668 rebus

220 2686 333 2717 Italicis
348 2687 422 2716 libro
438 2687 545 2726 primo.
561 2686 604 2717 sic
625 2685 686 2716 ait:
714 2686 870 2716 Gallorum

214 2738 271 2766 ilai
298 2736 498 2775 Mepomorus.
522 2747 590 2765 cum
617 2735 761 2766 Romanos
783 2737 870 2775 longa

1510 1739 1608 1782 260

933 1852 1028 1892 fessos
1039 1852 1186 1881 obsidione
1198 1851 1323 1886 videret,
1337 1850 1511 1889 postulavit,
1527 1855 1563 1879 ut
1577 1851 1602 1879 si

944 1902 1038 1931 salvos
1050 1911 1078 1931 se
1093 1902 1215 1936 vellent,
1229 1899 1484 1941 matresfamilias
1498 1905 1526 1929 et
1542 1898 1610 1928 Vir-

944 1951 1028 1991 gines
1051 1951 1090 1980 acl
1113 1957 1251 1989 stuprum
1275 1950 1429 1980 dederent.
1481 1948 1609 1979 Senatus

948 1999 1070 2030 Retanae
1081 2000 1201 2030 ancillae
1216 1999 1338 2029 consilio
1349 2000 1389 2028 acl
1401 1999 1493 2028 hostes
1504 1998 1606 2028 habitu

944 2050 1133 2079 dominarum
1157 2049 1292 2078 submisit
1319 2047 1458 2082 ancillas,
1483 2048 1608 2087 datoque

945 2099 982 2127 ab
1007 2099 1046 2128 eis
1073 2099 1169 2139 signo,
1195 2098 1350 2136 eruptione
1364 2096 1458 2137 facta
1482 2095 1611 2127 Romani

945 2157 1042 2177 sonmo
1062 2157 1194 2187 meroque
1222 2147 1363 2186 depositos
1389 2145 1494 2176 Gallos
1511 2157 1608 2176 omnes

946 2199 1139 2228 obtruncant.
1157 2203 1249 2236 parta.
1274 2197 1401 2227 victoria
1425 2196 1609 2226 Ancillario-

944 2257 1010 2276 ram
1023 2248 1100 2276 diem
1113 2248 1267 2277 solemnem
1278 2251 1419 2286 perpetuo
1432 2251 1608 2275 sanxerunt.

949 2295 1114 2325 Historiam
1134 2297 1241 2335 repetit
1266 2294 1463 2329 Plutarchus,
1490 2294 1606 2334 Polyte-

946 2355 1059 2384 iiusque
1084 2344 1210 2374 Macedo
1233 2342 1471 2384 Strategematon
1494 2348 1607 2372 octavo.

948 2394 1119 2424 Macrobius
1149 2394 1224 2423 alios
1255 2399 1372 2423 secutas
1407 2397 1543 2422 auctores
1572 2393 1609 2422 ab

947 2443 1082 2473 Aristide
1108 2442 1213 2481 paullo
1241 2442 1372 2482 deflerit.
1429 2440 1555 2471 Ovidius
1577 2452 1611 2470 a-

944 2493 1040 2521 manti
1050 2493 1196 2531 pracipit,
1208 2497 1244 2521 nt
1260 2490 1355 2520 Nonis
1367 2491 1541 2530 caprotinis,
1553 2501 1609 2530 quo

940 2542 989 2570 dte
1019 2540 1105 2570 Galli
1133 2541 1198 2570 coesi
1223 2546 1305 2575 sant,
1335 2540 1454 2579 aliquid
1488 2540 1608 2569 ancille.

941 2590 1105 2630 largiatur,
1134 2595 1165 2619 nt
1189 2590 1322 2619 alacrius
1345 2599 1465 2628 operam
1490 2598 1605 2618 navans

941 2640 998 2668 iter
1010 2638 1130 2680 affectet
1146 2640 1184 2669 ad
1200 2640 1359 2668 dominam.
1401 2637 1519 2667 HmNs.

983 2688 1059 2719 260.
1087 2687 1275 2729 inijacet.]
1306 2687 1379 2721 Quae
1393 2685 1606 2728 Argentinen—

940 2736 992 2766 sis.
1017 2742 1052 2766 ut
1068 2737 1144 2767 forte
1160 2737 1320 2772 ancillam,
1339 2736 1388 2767 vel
1412 2745 1518 2772 anum,
1535 2745 1605 2776 quae
