1760 3172
348 160 440 201 EX
471 160 684 201 PONTO
721 159 838 200 LIB.
872 158 965 201 III.
999 160 1190 201 EPIST.
1223 159 1314 202 IX.
1437 163 1523 203 479

136 273 273 322 Laeta
294 275 396 323 fere
421 275 564 322 laetus
590 274 776 331 cecini3
818 290 942 321 cano
968 274 1129 322 tristia
1153 275 1336 324 tristis:
1458 280 1521 324 35

202 352 516 399 Conveniens
541 352 677 415 operi
703 359 900 415 tempus
922 358 1188 415 utrumque
1214 369 1303 400 suo
1328 363 1419 400 est.

135 428 284 484 Quid,
312 429 405 476 nisi
430 429 492 475 de
516 429 634 475 vitio
661 429 875 475 scribam
900 429 1115 489 regionis
1137 431 1348 476 amarae?

202 505 376 569 thue
402 507 505 553 solo
530 505 709 552 moriar
738 506 1090 561 commodiore,
1118 507 1322 569 precer?

134 580 300 636 Quum
325 584 473 630 toties
500 583 676 630 eadem
702 583 882 639 dicam,
903 583 986 630 vix
1009 584 1180 630 audior
1206 584 1320 639 ulli3

199 659 466 722 Verbaque
492 659 717 723 profectu
744 654 1057 706 dissimulata
1081 668 1270 707 carent.
1459 664 1522 707 40

135 734 201 782 Et
235 743 404 783 tamen
439 736 545 783 haec
583 737 758 784 eadem
796 753 950 799 quum
987 737 1100 793 sint,
1128 753 1226 784 non
1263 737 1523 783 scribimus

332 813 517 860 isdem:

203 890 419 953 Unaque
445 906 533 953 per
558 890 724 953 plures
749 906 845 936 vox
871 906 983 937 mea
1006 896 1168 937 tentat
1192 907 1353 954 opem.

134 967 231 1023 An,
259 984 321 1015 ne
349 967 426 1014 bis
452 983 654 1014 sensum
679 967 834 1014 lector
859 967 1096 1030 reperiret
1119 967 1349 1023 eundem,

203 1046 346 1093 Unus
373 1045 660 1101 amicorum,
690 1045 863 1101 Brute,
888 1046 1135 1107 rogandus
1162 1046 1301 1092 erat?

135 1123 250 1171 Non
275 1123 367 1170 fuit
390 1123 483 1170 hoc
508 1122 660 1179 tanti;
702 1122 931 1170 confesso
957 1123 1216 1185 ignoscite,
1244 1124 1405 1172 docti:
1458 1127 1522 1171 45

199 1201 358 1247 Vilior
381 1207 459 1247 est
482 1199 644 1264 operis
670 1199 801 1247 fama
826 1201 983 1248 salute
1010 1217 1135 1248 mea.

133 1277 367 1342 Denique
391 1277 629 1332 materiae,
657 1293 808 1340 quam
834 1277 946 1340 quis
972 1276 1066 1324 sibi
1092 1276 1290 1324 finxerit
1314 1278 1437 1341 ipse,

199 1355 418 1403 Arbitrio
443 1355 599 1402 variat
623 1356 782 1402 multa
806 1361 954 1419 poeta
978 1371 1082 1402 suo.

134 1432 285 1481 Musa
299 1449 411 1481 mea
426 1440 503 1481 est
525 1433 676 1481 index
696 1432 903 1479 nimium
920 1447 1119 1495 quoque
1134 1447 1249 1478 vera
1263 1433 1521 1489 malorum,

198 1510 370 1573 Atque
395 1510 692 1574 incorruptae
718 1509 938 1573 pondera
959 1509 1099 1556 testis
1125 1509 1293 1555 habet.
1459 1513 1522 1558 50

134 1585 244 1634 Nec
268 1586 394 1634 liber
418 1593 473 1633 ut
496 1586 651 1643 fieret,
680 1586 768 1633 sed
795 1585 865 1632 uti
892 1601 981 1631 sua
1005 1585 1186 1648 cuique
1212 1585 1412 1634 daretur

198 1662 379 1719 Litera,
406 1663 717 1726 propositum
743 1678 961 1725 curaque
987 1669 1156 1709 nostra
1180 1662 1286 1709 fuit.

130 1740 404 1804 Postmodo
429 1741 680 1796 collectas,
710 1747 980 1802 utcumque
1015 1740 1120 1788 sine
1146 1741 1333 1797 ordine,
1355 1741 1518 1804 junxi,

197 1817 308 1865 Hoc
333 1834 459 1882 opus
480 1819 693 1865 electum
715 1833 776 1864 ne
802 1817 921 1863 mihi
943 1816 1067 1864 forte
1090 1824 1252 1881 putes.

133 1894 213 1943 Da
234 1895 430 1943 veniam
457 1895 671 1958 scriptis,
700 1911 910 1958 quorum
935 1911 1032 1941 non
1058 1895 1212 1956 gloria
1236 1894 1378 1941 nobis
1457 1898 1518 1942 55

201 1973 386 2031 Causa,
413 1973 502 2021 sed
526 1973 714 2021 utilitas
740 1973 1072 2035 officiumque,
1098 1972 1206 2021 fuit.

173 2119 224 2149 40.
244 2118 336 2148 Verba
352 2118 565 2158 dissimulata]
590 2119 698 2150 Verba
712 2129 792 2154 mea,

130 2177 200 2208 quae
221 2166 314 2197 amici
329 2166 546 2197 dissimulant:
573 2173 605 2197 et
627 2167 795 2198 ostendunt

130 2221 184 2246 aut
210 2226 270 2246 non
296 2215 452 2257 accepisse
481 2215 588 2246 literas
617 2227 713 2251 meas,
741 2222 796 2246 aut

131 2265 226 2296 verba
250 2275 321 2295 mea
343 2275 405 2295 non
431 2264 636 2295 intellexisse.
685 2266 796 2295 Carent

129 2315 279 2356 prqfectu.
327 2313 410 2351 Quia
446 2313 522 2344 nihil
559 2314 635 2344 mihi
675 2313 795 2356 profici-

132 2369 192 2394 tur.

178 2413 229 2443 43.
254 2413 342 2443 Arme
359 2414 400 2443 bis
416 2418 449 2442 ut
463 2412 606 2452 sensum]
634 2412 682 2442 An
706 2424 741 2442 ne
755 2413 798 2442 bi,-

129 2473 245 2493 sensnm
274 2467 392 2492 veteres
423 2461 532 2502 majori
556 2472 593 2491 ex
624 2467 732 2503 parte3
765 2468 796 2492 et

133 2516 226 2542 recte.
249 2510 367 2541 mes.
390 2511 503 2541 Sensus
517 2516 574 2546 est,
585 2521 602 2540 o
618 2511 727 2545 Brute,
740 2510 793 2541 de-

130 2560 225 2590 buine
251 2565 372 2591 tantum
395 2570 492 2590 unum
517 2559 648 2589 amicum
676 2570 794 2599 rogare,

131 2614 165 2639 ut
176 2608 251 2638 mihi
263 2608 478 2650 opitularetur,
489 2619 546 2639 nec
558 2608 596 2639 ad
612 2614 794 2639 caeterorum

863 2118 958 2149 etiam
986 2116 1164 2159 praesidium
1202 2116 1389 2157 confugere?
1426 2115 1522 2157 idque

862 2167 941 2198 lianc
961 2168 1000 2197 ob
1023 2177 1162 2201 causam,
1179 2177 1217 2196 ne
1238 2165 1313 2195 mihi
1325 2165 1522 2207 objiceretur,

862 2216 945 2258 quod
976 2215 1059 2245 idem
1085 2225 1191 2246 sensus
1215 2214 1364 2255 reperitur
1388 2213 1419 2243 in
1445 2214 1522 2244 meis

863 2264 1065 2296 carminibus.
1110 2265 1235 2294 mer.

906 2315 958 2344 49.
994 2314 1047 2343 Est
1072 2315 1198 2343 nimium
1223 2323 1291 2342 vera
1316 2314 1405 2342 indes
1430 2313 1521 2342 malo·

864 2363 959 2403 rum]
986 2361 1089 2392 Nimis
1112 2372 1181 2393 vere
1206 2361 1289 2391 mala
1312 2371 1381 2391 mea
1405 2359 1523 2391 indicat

864 2417 893 2442 et
909 2411 1045 2452 exponit.

906 2461 957 2491 56.
982 2461 1038 2490 Sed
1056 2459 1203 2499 utilitas]
1230 2459 1312 2495 Quia
1328 2458 1434 2500 scripsi
1451 2468 1521 2488 eam

863 2510 902 2539 ob
919 2519 1057 2543 causam,
1074 2515 1107 2538 ut
1120 2507 1282 2538 scribendo
1298 2507 1431 2537 reditum
1451 2518 1521 2548 pro-

863 2568 1012 2588 curarem.
1060 2557 1210 2598 Offlcium.
1252 2558 1291 2587 Et
1305 2562 1338 2587 ut
1360 2557 1390 2586 in
1406 2567 1436 2587 re
1452 2566 1524 2586 mea

863 2608 995 2638 facerem
1012 2605 1094 2647 quod
1111 2606 1220 2637 debeo.
