1760 3172
399 467 680 515 PUBLII
745 467 1014 515 OVIDII
1077 468 1434 516 NASONIS

690 632 1132 691 TRISTIUM

644 798 844 837 LIBER
886 799 1188 837 TERTIUS.

787 942 1049 975 ——*-—

747 1102 858 1133 ELEG
864 1101 910 1132 IA
935 1101 1092 1132 PRIMA.

226 1229 432 1276 MIssus
461 1228 510 1275 in
537 1229 664 1275 hanc
690 1227 834 1276 venio
860 1228 1021 1275 timidi
1046 1227 1172 1275 liber
1197 1229 1384 1275 exsulis
1410 1229 1610 1287 urbem3

290 1307 370 1354 Da
394 1306 642 1370 placidam
666 1305 818 1361 fesso,
846 1306 1003 1353 lector
1027 1305 1201 1360 amice,
1230 1321 1460 1353 manum:

224 1383 364 1431 Neve
390 1384 669 1440 reformida,
698 1401 760 1432 ne
787 1384 879 1430 sim
900 1382 991 1430 tibi
1017 1382 1141 1430 forte
1166 1382 1371 1446 pudori3

291 1461 472 1508 Nullus
498 1461 547 1507 in
573 1461 664 1507 hac
692 1460 866 1507 charta
889 1475 1060 1506 versus
1087 1475 1253 1506 amare
1280 1459 1444 1506 docet.

222 1538 331 1585 Nec
357 1537 542 1584 domini
567 1537 763 1584 fortuna
788 1536 884 1583 mei
910 1543 1002 1591 est,
1030 1543 1086 1583 ut
1110 1536 1293 1583 debeat
1317 1536 1453 1583 illam
1585 1538 1614 1583 5

291 1614 471 1661 Infelix
497 1614 609 1660 ullis
636 1613 950 1660 dissimulare
969 1613 1115 1676 J'ocis.

223 1692 283 1739 Id
309 1708 526 1754 quoque,
545 1691 680 1754 quod
696 1691 837 1737 viridi
865 1691 1117 1754 quondam
1137 1690 1266 1738 male
1287 1689 1406 1737 lusit
1424 1690 1473 1735 in
1494 1705 1615 1746 aevo,

289 1768 404 1815 Heu
430 1768 635 1815 nimium
662 1768 797 1816 sero!
837 1769 1044 1816 damnat
1068 1776 1118 1815 et
1142 1768 1248 1815 odit
1272 1784 1414 1831 opus.

222 1845 422 1908 Inspice
447 1845 569 1908 quid
595 1852 814 1908 portem:
854 1845 975 1892 nihil
1000 1845 1079 1892 hic
1105 1844 1198 1892 nisi
1224 1845 1363 1892 triste
1388 1843 1596 1900 videbis,

289 1922 522 1970 Carmine
548 1922 857 1985 temporibus
883 1923 1209 1969 conveniente
1236 1921 1355 1968 suis.
1555 1924 1614 1968 10

225 1999 421 2046 Clauda
445 1999 581 2062 quod
607 2000 798 2046 alterno
825 2000 1092 2047 subsidunt
1116 1999 1335 2046 carmina
1353 2014 1515 2053 versu,

287 2075 382 2123 Vel
406 2076 549 2139 pedis
574 2076 668 2123 hoc
694 2076 832 2132 ratio,
860 2077 937 2124 vel
962 2077 1041 2123 Via
1064 2077 1212 2138 longa
1236 2075 1381 2123 facit:

223 2152 370 2207 Quod
395 2168 560 2215 neque
585 2169 695 2198 sum
720 2153 869 2200 cedro
895 2153 1068 2209 flavus,
1097 2169 1188 2200 nec
1215 2152 1414 2217 pumice
1439 2152 1591 2208 laevis,

290 2229 481 2276 Erubui
507 2229 709 2277 domino
735 2230 913 2276 cultior
939 2246 1049 2277 esse
1076 2246 1214 2277 meo:

267 2397 296 2425 l.
325 2395 414 2425 Venio
437 2396 539 2426 timide
563 2396 636 2425 liber
657 2395 793 2436 exsulis]
820 2395 885 2426 Alii
999 2396 1074 2431 Quis
1096 2407 1154 2425 muz
1174 2397 1246 2425 dare
1267 2405 1385 2424 manum
1404 2394 1618 2433 languentibus

220 2445 363 2481 timidum·
388 2444 495 2474 malim
512 2446 609 2475 timidi
624 2446 754 2482 malim
779 2445 822 2476 sic
839 2444 884 2475 in·
1082 2445 1178 2474 volet?
1458 2442 1575 2472 Bnnm.

220 2494 277 2528 fra,
294 2504 339 2523 res
354 2495 460 2523 timida
475 2500 516 2523 est
532 2495 623 2523 omnis
640 2495 736 2524 miser.
767 2494 885 2524 Huius.
1001 2493 1048 2522 ll.
1075 2493 1192 2523 Claudu
1209 2494 1296 2533 quud,
1312 2491 1388 2532 δὶα]
1417 2490 1538 2522 Festive
1555 2490 1618 2521 ele-

265 2543 296 2572 2.
315 2542 365 2572 Du
377 2542 642 2584 placidumfesso]
671 2542 760 2572 Fasso
771 2548 833 2573 tres
849 2541 886 2571 li-
954 2541 1092 2582 giacum,
1111 2552 1173 2582 quo
1188 2541 1294 2577 utitur,
1311 2542 1485 2571 claudicare
1499 2539 1561 2577 ait;
1587 2545 1618 2569 et

220 2591 279 2627 bri,
295 2602 348 2633 pro
366 2593 450 2622 lasso.
499 2591 701 2622 Locutionem
719 2592 757 2622 ab
774 2591 827 2622 illo
839 2591 884 2622 os·
952 2591 1089 2632 culpam,
1103 2590 1148 2621 vel
1167 2590 1198 2620 in
1213 2590 1336 2631 pedem,
1348 2589 1399 2630 qui
1416 2588 1508 2624 desit,
1521 2589 1569 2619 vel
1586 2588 1617 2618 in

222 2640 303 2676 ficio,
315 2651 376 2681 quo
392 2641 615 2682 languentibus
626 2651 752 2672 manum
764 2641 884 2677 darent,
953 2639 1178 2681 longitudinem
1189 2638 1395 2681 perambulati
1406 2637 1536 2674 itineris,
1546 2647 1618 2668 con-

220 2688 396 2720 desumtam
432 2697 518 2731 putO,
555 2694 590 2721 ut
632 2689 716 2732 apud
759 2690 887 2721 Petron.
953 2689 1023 2720 sert.
1070 2689 1173 2719 l’oxr.

220 2748 290 2778 cap.
306 2748 327 2768 ι.
