1760 3172
215 171 271 212 18
571 154 584 165 ⁴
607 171 657 210 Ρ.
692 169 907 211 ovlnn
940 168 1221 210 NASONIS

224 285 352 332 Cum
393 285 539 331 modo
579 285 843 346 frigoribus
877 284 1162 346 premimur,
1198 283 1346 329 modo
1380 283 1614 329 solvimur

287 362 413 409 Ae're
439 378 535 408 non
561 369 696 409 certo
722 377 929 424 corpora
953 361 1160 422 languor
1184 360 1354 407 habet.

1438 358 1613 420 [aestu)

223 439 316 486 Illa
340 439 543 502 quidem
568 439 731 486 valeat
752 456 761 486 :
802 439 906 493 sed,
936 439 976 484 si
1002 437 1130 484 male
1154 436 1296 484 firma
1319 435 1532 490 cubarit,

291 514 356 562 Et
379 515 551 562 vitium
575 515 686 562 coeli
713 515 925 562 senserit
950 529 1082 576 aegra
1106 513 1210 569 sui;

1518 514 1616 558 320

223 591 363 638 Tunc
390 607 526 638 amor
551 599 601 639 et
625 593 784 655 pietas
810 600 896 638 tua
920 592 983 638 sit
1007 589 1270 638 manifesta
1295 589 1501 652 puellae:

290 668 429 715 Tunc
457 685 580 724 sere,
608 669 742 731 quod
768 668 916 730 plena
944 667 1206 731 postmodo
1232 665 1358 713 falce
1384 673 1559 712 metas.

227 743 273 790 N
279 760 335 791 ec
362 745 449 791 tibi
474 745 652 791 morosi
677 745 877 791 veniant
900 743 1100 790 fastidia
1124 743 1310 799 morbi;

289 821 488 884 Perque
512 829 623 868 tuas
648 821 783 875 fiant,
812 837 923 884 quae
950 821 1079 867 sinet
1104 821 1227 883 ipsa,
1256 834 1449 866 manus.

228 897 293 944 Et
316 898 481 945 videat
504 898 705 945 flentem
727 915 737 954 ;
779 913 870 944 nec
895 898 1081 944 taedeat
1104 896 1276 943 oscula
1299 894 1424 942 ferre
1443 912 1452 942 ε

1520 897 1616 941 325

296 974 362 1021 Et
387 975 519 1021 sicco
544 974 772 1021 lacrimas
799 974 1052 1020 combibat
1077 989 1161 1020 ore
1185 980 1314 1019 tuas.

229 1051 392 1098 Multa
406 1067 554 1107 vove3
584 1051 672 1098 sed
688 1060 870 1097 cuncta
884 1050 1079 1113 palam:
1109 1050 1409 1112 quotiesque
1425 1047 1616 1103 libebit,

295 1127 419 1182 Quae
446 1127 627 1174 referas
653 1127 738 1182 illi,
767 1127 959 1174 somnia
984 1127 1099 1173 laeta
1123 1126 1251 1172 vide.

230 1202 296 1251 Et
313 1204 494 1259 veniat,
517 1219 630 1266 quae
654 1204 832 1250 lustret
856 1219 979 1250 anus
1005 1203 1294 1264 lectumque
1319 1202 1586 1263 locumque
1607 1217 1616 1247 :

294 1279 534 1327 Praeferat
558 1287 609 1326 et
632 1279 844 1326 tremula
872 1279 1080 1342 sulphur
1104 1286 1155 1325 et
1179 1294 1270 1325 ova
1296 1293 1463 1324 manu.
1521 1280 1618 1324 330

234 1355 480 1402 Omnibus
506 1356 581 1402 his
608 1356 805 1402 inerunt
828 1363 980 1417 gratae
1005 1355 1215 1417 vestigia
1239 1370 1399 1401 curae:

302 1432 362 1479 In
386 1433 582 1480 tabulas
603 1432 771 1479 multis
798 1433 904 1479 haec
925 1432 1004 1479 via
1027 1431 1145 1479 fecit
1170 1432 1277 1479 iter.

276 1599 349 1628 322.
375 1596 460 1626 Tunc
481 1607 554 1631 sere,
575 1608 637 1637 quae
655 1597 777 1637 plend.]
807 1597 893 1631 Quod

230 1649 322 1688 plena
351 1646 457 1688 scripti
485 1646 629 1688 potiores.
666 1647 784 1677 Htxxs.
822 1647 892 1677 Ple-

233 1698 273 1727 πά
286 1708 316 1736 p.
339 1698 422 1726 lance
438 1701 529 1725 metas
548 1695 701 1726 Bemens.
724 1695 807 1737 quod
832 1706 894 1726 non

232 1746 272 1778 de
293 1745 404 1776 nihilo.
425 1750 509 1776 certe
530 1744 638 1776 durius
659 1744 789 1782 dictum,
802 1746 894 1785 plenu

225 1796 324 1837 sabee.
351 1794 465 1824 Meter-e
477 1794 568 1832 plena
589 1794 674 1824 lance
693 1799 786 1829 esset,
807 1799 895 1824 tanta

234 1843 334 1886 copia,
351 1849 385 1874 ut
398 1842 472 1873 lanx
488 1841 561 1872 inde
574 1842 741 1884 repleatur.
754 1842 893 1883 cogitan-

234 1892 309 1924 dum
334 1898 417 1924 certe
443 1891 482 1922 de
514 1890 574 1922 hac
601 1891 768 1923 locutione.
797 1891 893 1922 Scho-

234 1942 318 1973 liast.
343 1942 418 1973 Juv.
445 1939 485 1970 ad
511 1940 578 1970 Sat.
605 1940 648 1970 vi.
675 1941 751 1971 204.
781 1942 895 1971 lancem

236 1993 363 2026 beatam,
381 1987 520 2031 explicat
530 1990 661 2029 plenam.
707 1990 823 2020 Bonna.

279 2040 356 2070 324.
383 2039 455 2074 Quae
478 2039 550 2069 sinit
570 2039 625 2068 illa
644 2038 778 2078 manus]
812 2038 896 2068 Sinet

235 2092 297 2129 ipsa
314 2089 419 2120 iidem.
435 2087 646 2128 subintellige,
659 2087 734 2118 fieri.
781 2087 898 2118 Hmss.

280 2138 357 2169 330.
385 2137 535 2179 Praeferat
551 2142 579 2166 et
591 2136 720 2166 tremum
732 2136 859 2175 sulphur
871 2142 898 2166 et

238 2198 292 2218 ουα
303 2186 422 2226 manu]
452 2186 558 2216 Prima
577 2185 672 2216 editio
687 2195 759 2216 cum
775 2183 898 2215 Lincol-

238 2235 338 2266 niensi
357 2241 388 2266 et
402 2245 464 2266 uno
480 2235 645 2270 Vaticano,
661 2235 807 2273 sulphura
824 2235 901 2264 viva.

238 2285 293 2316 sed
315 2295 387 2315 cum
411 2294 537 2314 ovorum
557 2293 681 2324 quoque
701 2293 775 2313 usus
790 2282 821 2312 in
835 2282 898 2313 lus—

238 2333 422 2364 trationibus
458 2333 497 2363 sit
534 2332 723 2368 notissimus,
758 2331 801 2361 nil
840 2331 898 2361 hoc

239 2383 307 2414 loco
347 2381 530 2413 mutandum
569 2391 688 2411 censeo.
745 2380 898 2421 Superiori

242 2442 329 2463 versu
350 2442 415 2473 pro,
434 2431 475 2461 Et
493 2432 602 2465 veniat,
619 2440 699 2460 unus
714 2429 899 2464 Vaticanus,

244 2481 300 2511 Ter
319 2483 418 2512 veniat
441 2491 502 2521 quae
535 2482 641 2510 lustret
667 2491 756 2509 anns.
781 2485 815 2509 ut
846 2479 902 2509 Ter

240 2529 279 2559 ad
296 2528 333 2560 τὸ
357 2530 463 2559 lustret
489 2528 646 2560 referatur.
683 2528 801 2557 Herss.
832 2526 905 2557 Non

241 2577 415 2619 spernenda
454 2577 601 2609 Vaticani
641 2576 757 2608 codicis
801 2576 905 2611 lectio,

245 2625 302 2656 Ter
328 2628 451 2663 vemat,-
481 2638 551 2667 quae
580 2626 676 2668 proba
700 2625 768 2660 erit,
794 2625 818 2654 si
845 2624 906 2654 dis—

243 2682 384 2716 unguas:

1009 1597 1076 1632 Ter,
1088 1598 1199 1632 veniat,
1210 1606 1274 1636 quoe
1291 1596 1398 1625 lustret
1414 1605 1490 1624 anus
1502 1595 1629 1625 leolum-

1048 1656 1102 1686 que
1120 1646 1283 1685 locumque.

964 1694 1047 1724 Nam
1064 1700 1152 1724 terna
1169 1693 1351 1724 lustratione
1367 1692 1411 1723 uti
1429 1692 1536 1723 solitos
1550 1702 1628 1734 prae-

964 1750 1010 1774 ter
1026 1743 1103 1774 alios
1118 1742 1259 1773 Broukh.
1277 1742 1317 1773 ad
1331 1742 1437 1773 Tibul.
1452 1741 1474 1772 i.
1491 1741 1582 1782 Eleg.
1599 1752 1631 1772 v.

963 1792 998 1823 ii.
1018 1792 1135 1829 docuit,
1157 1802 1252 1833 quem
1267 1791 1399 1833 inspice,
1417 1802 1474 1822 nec
1492 1791 1626 1834 poenite-

964 1841 1019 1872 bit.
1064 1841 1183 1871 Burin.

1007 1891 1081 1921 332.
1106 1890 1144 1920 In
1169 1889 1338 1930 thalamos]
1364 1888 1402 1919 In
1425 1888 1573 1930 antiquis,
1596 1890 1629 1919 in

965 1941 1082 1970 tabulas
1103 1940 1220 1970 multis.
1245 1945 1277 1969 et
1297 1938 1425 1969 fortasse
1447 1937 1574 1973 rectius,
1595 1943 1629 1968 ut

963 1989 1110 2030 loquatur
1123 1988 1162 2019 de
1181 1987 1228 2024 iis,
1246 1986 1299 2029 qui
1315 1993 1504 2018 testamenta
1517 1997 1628 2018 senum

965 2037 1013 2068 his
1027 2043 1155 2078 captant
1171 2037 1301 2073 artibus,
1317 2036 1431 2078 quibus
1453 2036 1518 2077 ipse
1536 2036 1629 2078 puel-

966 2086 1012 2117 las
1046 2087 1165 2128 captari
1202 2086 1306 2116 docet.
1351 2085 1512 2116 Nsuczn.
1550 2084 1631 2116 Mali

967 2142 1050 2166 certe
1061 2135 1191 2177 auspicii
1201 2135 1278 2166 foret
1287 2140 1413 2177 captare
1424 2133 1629 2166 hereditatem

967 2191 998 2215 et
1007 2192 1135 2215 mortem
1146 2184 1274 2225 puellae,
1286 2184 1375 2225 cujus
1386 2194 1419 2214 se
1428 2182 1586 2215 insinuare
1599 2183 1631 2214 in

969 2244 1104 2264 amorem
1126 2238 1256 2264 conatur
1280 2238 1419 2263 amator:
1445 2242 1548 2273 neque
1573 2231 1631 2262 hoc

969 2282 1080 2314 docere
1115 2281 1291 2313 censendus
1328 2281 1526 2312 cautissimus
1552 2291 1631 2323 prae-

968 2337 1075 2373 ceptor
1104 2331 1228 2367 amoris,
1255 2330 1308 2372 qui
1337 2338 1460 2372 turpem
1488 2329 1568 2360 hanc
1601 2336 1633 2360 et

967 2381 1122 2412 sordidam
1138 2387 1235 2411 artem
1251 2380 1343 2411 modo
1358 2390 1437 2410 vers.
1455 2380 1529 2410 271.
1545 2379 1634 2410 dam-

971 2430 1069 2461 navit.
1084 2441 1180 2472 quare
1192 2441 1247 2472 per
1264 2430 1382 2460 tabulas
1396 2428 1516 2459 meliori
1532 2429 1634 2459 omine

971 2479 1111 2521 intellige
1133 2478 1300 2520 sponsalia,
1317 2478 1356 2509 ad
1372 2488 1442 2519 quae
1463 2487 1517 2519 per
1532 2477 1634 2508 officia

972 2527 1048 2558 talia
1059 2527 1149 2558 multi
1162 2527 1408 2569 adspiraverunt.
1424 2526 1467 2556 sic
1483 2525 1632 2557 Juvenal.

975 2577 1007 2607 ii.
1026 2577 1092 2607 Sat.
1112 2578 1184 2607 119.

1029 2626 1162 2667 Signatae
1178 2626 1297 2661 mbuloe,
1312 2627 1424 2655 dictum
1432 2624 1585 2664 feliciter.

1522 2672 1636 2702 chu.
