1760 3172
348 176 538 219 ARTIS
570 174 929 217 AMATORIAE
961 176 1082 218 LIB.
1117 177 1209 219 ΙΙΙ.
1438 182 1496 225 59

99 292 200 341 Sed
225 293 307 350 sit,
335 299 391 340 ut
415 292 465 340 in
490 291 678 349 multis,
705 291 884 339 modus
910 291 990 339 hic
1016 308 1234 356 quoque.
1276 295 1492 346 rusticus

162 370 358 428 Motus;
399 370 450 418 in
475 370 677 418 incessu
701 369 898 416 mollior
918 370 1044 417 alter
1069 370 1178 418 erit.

1345 375 1494 435 [alter

96 446 220 496 Pars
245 447 437 496 humeri
461 455 630 496 tamen
655 447 756 494 ima
779 447 869 503 tui,
895 462 1009 510 pars
1035 463 1229 495 summa
1253 449 1427 498 lacerti

164 524 213 572 N
217 526 317 573 uda
340 525 421 581 sit,
450 541 480 573 a
501 526 628 573 laeva
654 524 1014 589 conspicienda
1036 540 1202 572 manu.

99 600 212 649 Hoc
235 619 322 650 vos
346 602 615 666 praecipue,
643 601 817 658 niveae,
844 601 1008 661 decet.
1049 601 1142 649 hoc
1168 601 1253 649 ubi
1275 602 1393 660 vidi,

167 678 357 727 Oscula
369 678 496 727 ferre
512 679 736 734 humero,
753 679 857 742 qua
879 685 1038 742 patet,
1055 694 1218 742 usque
1234 679 1374 728 libet.
1398 684 1497 729 310

101 754 332 803 Monstra
353 755 504 803 maris
533 755 736 803 Sirenes
761 762 927 803 erant:
969 771 1080 818 quae
1104 772 1227 804 voce
1252 759 1432 806 canora

168 830 460 886 Quamlibet
483 831 728 879 admissas
751 831 1011 880 detinuere
1037 840 1186 881 rates,

103 907 197 956 His
224 926 313 957 sua
340 908 640 973 Sisyphides
667 908 852 955 auditis
877 925 1006 972 pene
1031 910 1235 958 resolvit

171 985 410 1050 Corpora.
450 1003 567 1034 nam
589 986 738 1034 sociis
763 985 891 1034 illita
914 1002 1030 1035 cera
1052 986 1161 1035 fuit.

104 1062 209 1111 Res
234 1070 313 1111 est
337 1063 524 1110 blanda
547 1079 725 1110 canor:
766 1062 966 1110 discant
989 1071 1193 1112 cantare
1217 1067 1413 1130 puellae.

169 1139 270 1187 Pro
295 1139 422 1187 facie
446 1125 618 1188 multis
643 1157 740 1188 vox
765 1156 855 1188 sua
878 1141 995 1190 lena
1019 1141 1127 1190 fuit.

1405 1148 1502 1194 316

107 1215 174 1264 Et
197 1217 346 1265 modo
371 1218 661 1266 marmoreis
686 1218 904 1267 referant
928 1219 1102 1268 audita
1125 1221 1365 1280 theatris;

172 1293 241 1342 Et
263 1295 411 1342 modo
438 1294 650 1344 Niliacis
675 1297 898 1345 carmina
920 1297 1030 1345 lusa
1052 1298 1231 1347 modis.

107 1370 217 1420 Nec
242 1371 490 1436 plectrum
514 1373 710 1430 dextra,
739 1374 982 1422 citharam
1008 1374 1231 1424 tenuisse
1253 1375 1456 1424 sinistra

174 1449 385 1498 Nesciat
409 1450 612 1499 arbitrio
636 1451 822 1500 femina
845 1452 997 1501 docta
1019 1469 1148 1501 mec.

109 1662 182 1684 nem
216 1656 379 1694 tamquam
417 1662 527 1695 parum
561 1654 684 1697 proprie
715 1654 774 1686 hoc

106 1702 175 1734 loco
198 1701 350 1739 locutum,
366 1712 440 1734 cum
462 1708 583 1735 naturae
607 1714 710 1735 rerum
726 1704 773 1735 vi-

109 1750 220 1784 deatur
235 1751 403 1789 adversari,
417 1758 452 1783 ut
472 1753 584 1784 mulier
598 1753 705 1785 varica
728 1753 775 1785 in-

108 1807 219 1843 gentes
241 1801 355 1843 gradus
375 1803 474 1844 possit
494 1802 610 1834 facere.
658 1803 775 1835 Confu-

109 1849 158 1882 dit
179 1849 326 1881 nimirum
348 1850 395 1882 vir
417 1851 617 1883 doctissimus
643 1855 775 1883 ‘caricam

109 1909 182 1931 cum
197 1911 282 1936 vara,
297 1910 370 1931 cum
385 1900 509 1932 diversa
532 1901 605 1933 sint.
654 1902 775 1939 Varica,

111 1958 181 1990 quae
195 1948 349 1980 divaricat
363 1949 472 1992 pedes,
489 1956 520 1981 et
534 1957 648 1993 praeter
658 1951 777 1993 justam

110 2008 290 2029 mensuram
312 1998 376 2029 late
396 2000 550 2031 extendit.
597 2000 779 2033 Dii-aricare

111 2046 236 2078 Nonius
265 2048 441 2079 Marcellus
466 2048 690 2091 interpretatur
718 2053 778 2082 dis-

116 2097 246 2127 tendere.
274 2097 413 2128 rGlossae
436 2097 482 2129 H.
509 2098 671 2141 Stephani,
698 2102 780 2130 vari-

111 2152 172 2183 cat,
199 2145 402 2189 ὑπερβαίνει.
434 2147 504 2178 aliae
531 2148 641 2190 glossae
670 2151 779 2186 varica,

113 2193 246 2237 ῥαιβόω.
261 2197 393 2232 varicus,
410 2195 535 2238 ῥαιβός.
560 2208 579 2228 a
590 2200 670 2230 varis
684 2198 780 2240 igitur

112 2250 144 2275 et
158 2243 294 2276 incurvis
317 2246 452 2287 pedibus
475 2246 642 2279 deducitur
663 2260 781 2290 gressus

113 2295 244 2325 varicus.
276 2294 332 2325 sed
355 2295 488 2326 alterum
509 2301 630 2328 naturae
657 2297 780 2334 vitium,

115 2342 247 2374 alterum
262 2343 385 2375 rusticae
403 2345 650 2377 consuetudinis.
675 2346 781 2377 me-

117 2403 199 2424 sms.
238 2393 344 2424 Docta
378 2400 451 2425 sunt
488 2400 520 2426 et
548 2396 685 2437 egregia,
712 2408 782 2438 quae

116 2441 266 2474 Heinsius
279 2442 329 2474 hic
346 2443 460 2475 adfert.
484 2444 539 2476 sed
552 2451 658 2487 posset
668 2451 699 2477 et
713 2445 783 2488 capi

117 2489 157 2522 de
170 2491 287 2523 femina
300 2492 418 2524 rustica
433 2498 465 2524 et
485 2493 621 2535 ingentis
644 2501 784 2532 staturae,

119 2550 189 2581 quae
201 2540 320 2572 varicos
335 2542 450 2583 gradus
462 2542 574 2582 ferret3
597 2554 670 2575 nam
684 2550 716 2576 et
728 2545 783 2576 illa

118 2594 238 2628 statura
258 2589 356 2621 nimia
377 2591 584 2624 rusticitatem
604 2594 727 2635 probat,
753 2600 784 2625 et

117 2637 218 2670 solent
233 2638 376 2681 ingentes
390 2640 454 2672 illae
468 2642 590 2674 feminae
603 2643 784 2675 deformiter

121 2691 152 2717 et
175 2688 289 2720 rustice
311 2688 468 2723 incedere.
491 2691 536 2723 sic
560 2692 702 2724 Martial.
727 2693 785 2727 xii.

1408 1458 1507 1503 320

843 1655 947 1697 Epist.
964 1656 1020 1686 32.

888 1705 929 1735 Et
945 1716 1013 1735 cum
1028 1715 1127 1736 sorore
1142 1716 1220 1735 cana
1232 1711 1327 1737 mater
1338 1707 1467 1748 ingenti.

844 1754 939 1791 Quod
959 1754 1043 1786 male
1065 1753 1212 1786 Raderus
1234 1755 1320 1797 capit
1343 1755 1383 1787 de
1406 1762 1511 1789 aetate.

844 1805 964 1835 Bunm.

887 1854 965 1885 307.
991 1853 1070 1884 Pars
1094 1854 1211 1885 humeri
1233 1861 1332 1885 tamen
1358 1857 1415 1886 ima
1434 1858 1509 1899 tui]

845 1903 895 1934 De
909 1906 1030 1934 exsertis
1046 1904 1176 1934 humeris
1187 1903 1259 1934 vide
1275 1905 1380 1935 lVass.
1393 1905 1433 1936 ad
1444 1907 1513 1938 Sal-

845 1951 922 1983 lust.
945 1952 1041 1984 Catil.
1062 1952 1141 1983 xliv.
1167 1952 1222 1983 ubi
1247 1952 1412 1995 distinguit
1435 1955 1515 1988 inter

846 2004 964 2033 nudare
979 2003 1136 2033 humerum
1152 2008 1184 2033 et
1202 2013 1349 2034 erserere:
1373 2004 1431 2036 hoc
1448 2016 1515 2038 esse

847 2050 941 2082 etiam
967 2051 1118 2094 proferre,
1142 2052 1275 2094 jactare,
1303 2053 1456 2094 educere;
1483 2061 1516 2087 et

846 2100 891 2131 ita
906 2111 1067 2143 possemus
1087 2101 1147 2132 hoc
1170 2107 1363 2144 praeceptum
1379 2104 1517 2137 Nasonis

848 2160 910 2181 non
923 2150 964 2181 ad
979 2151 1166 2182 exserendus
1184 2151 1340 2188 humeros,
1357 2153 1411 2184 sed
1426 2161 1515 2196 parte

847 2205 970 2231 tantum
992 2200 1056 2231 ima
1071 2201 1237 2232 nudandos
1261 2202 1457 2244 restringere,
1478 2216 1517 2238 ne

847 2248 1080 2281 inverecundiae
1103 2250 1208 2282 nimiae
1236 2251 1386 2293 magister
1408 2253 1518 2287 videa·

849 2305 908 2330 tur.
955 2300 1075 2331 Bonm.

893 2349 970 2379 313.
1024 2349 1082 2380 His
1118 2361 1173 2380 sua
1211 2349 1392 2391 Sisyphides,
1437 2353 1516 2395 δῖα]

851 2397 976 2435 Ulixes,
993 2398 1079 2430 illius
1093 2399 1219 2441 Sisyphi
1236 2399 1330 2437 filius,
1347 2400 1413 2443 qui,
1429 2400 1520 2435 illata

851 2447 893 2485 vi,
915 2453 950 2478 ut
976 2447 1077 2485 aiunt,
1101 2448 1279 2490 Autolycae,
1301 2450 1421 2481 Laertae
1445 2462 1520 2484 con-

846 2497 928 2539 jugi,
950 2497 1078 2529 Ulixem
1102 2510 1141 2529 ex
1166 2508 1204 2529 ea
1227 2500 1377 2541 suscepit.
1425 2502 1520 2539 Quod

850 2546 978 2588 quidem
1015 2549 1162 2589 probrum
1199 2547 1258 2590 ipsi
1286 2548 1369 2590 Ajax
1397 2551 1520 2593 objicit,

850 2596 984 2626 Metam.
1009 2596 1076 2627 xiii.
1101 2598 1155 2627 31.
1186 2607 1257 2638 sqq.
1283 2598 1336 2629 ubi
1361 2598 1400 2630 de
1425 2601 1519 2632 armis

851 2644 997 2680 Achillis,
1011 2644 1137 2675 Ulixem
1161 2645 1241 2676 inter
1264 2652 1297 2676 et
1312 2646 1453 2690 Ajacem,
1469 2661 1518 2682 so-

852 2693 965 2726 lemnis
979 2693 1179 2737 disceptatio.
1227 2695 1346 2728 Aimn.
