1760 3172
207 159 262 199 12
609 158 659 199 Ρ.
698 157 911 200 OVIDII
944 158 1225 201 NASONIS

211 273 324 320 Sive
350 273 592 320 latrocinii
619 273 711 320 sub
740 273 951 335 imagine
977 274 1197 321 calculus
1217 275 1314 321 *ibit
1337 293 1347 329 ;

279 349 375 397 Fac
402 357 571 413 pereat
595 350 748 397 vitreo
772 350 914 396 miles
941 351 1003 397 ab
1030 351 1172 398 hoste
1197 358 1328 398 tuus,

212 426 326 490 lpse
352 434 465 474 tene
490 427 708 474 distenta
734 427 836 473 suis
862 428 1152 474 umbracula
1175 427 1353 489 virgis:

278 502 394 566 Ipse
419 503 526 550 face
552 504 599 549 in
625 504 789 558 turba,
814 505 914 566 qua
941 505 1074 551 venit
1100 505 1196 559 illa,
1224 506 1404 552 locum.

1500 507 1597 550 210

217 579 320 627 Nec
345 580 519 626 dubita
543 580 686 626 tereti
713 595 969 626 scamnum
997 580 1270 643 producere
1296 581 1453 627 lecto:

280 656 345 703 Et
369 663 538 703 tenero
564 657 749 703 soleam
775 657 936 712 deme,
964 657 1038 703 vel
1065 657 1210 712 adde,
1238 657 1370 720 pedi.

214 733 360 796 Saepe
385 733 534 779 etiam
559 733 789 789 dominae,
817 734 1042 797 quamvis
1069 734 1293 781 horrebis
1319 740 1369 781 et
1394 734 1517 797 ipse,

280 809 505 872 Algentis
531 826 706 857 manus
732 817 809 858 est
833 811 1139 859 calfacienda
1163 812 1290 858 sinU.

213 1016 311 1047 victus
332 1022 390 1053 est,
409 1017 582 1058 persolvere
607 1029 734 1050 necesse
759 1019 867 1050 habet.

214 1065 261 1095 Ac
277 1064 317 1095 de
340 1065 411 1095 talis
430 1071 461 1096 et
481 1066 591 1097 ceteris
614 1066 756 1098 ludorum
773 1079 868 1108 gene-

213 1113 308 1149 ribus,
325 1113 395 1144 vide
418 1125 486 1156 quae
509 1115 540 1145 in
562 1116 734 1147 secundum
757 1116 869 1147 librum

211 1161 358 1193 'l‘ristium
380 1173 416 1192 ex
443 1163 571 1194 Polluce
595 1170 626 1194 et
647 1164 716 1195 aliis
742 1165 870 1206 quibus-

211 1209 284 1240 dam
301 1210 527 1241 annotavimus.
575 1212 658 1243 Nam
674 1224 743 1254 quae
760 1214 810 1244 hic
831 1214 870 1244 de

213 1260 334 1290 Venere
354 1265 386 1290 et
409 1260 484 1295 Coo,
508 1260 582 1291 item
607 1261 646 1291 de
665 1262 745 1292 Chio
763 1268 794 1293 et
817 1264 871 1293 Se-

212 1308 302 1339 nione
340 1308 435 1338 tradit
468 1310 606 1347 Merula,
644 1317 781 1341 veterum
817 1312 869 1342 de-

211 1357 428 1399 scriptionibus
444 1368 504 1389 uon
523 1359 648 1390 omnino
670 1360 870 1401 respondent.

213 1406 295 1436 Nam
315 1408 497 1443 caniculam,
522 1418 585 1448 qua
604 1408 754 1439 unitatem
776 1409 870 1450 signi-

214 1454 359 1491 ficabant,
386 1455 463 1486 alias
483 1457 582 1486 chium
609 1458 773 1488 vocabant.
819 1459 870 1490 Se-

215 1506 328 1535 nimzem
353 1511 470 1541 autem,
489 1505 542 1546 qui
565 1512 596 1538 et
620 1506 723 1545 ἑξίτης
741 1507 869 1539 diceba-

212 1560 271 1589 tur,
282 1559 313 1584 et
325 1553 479 1585 senarium
493 1565 654 1586 numerum
666 1556 872 1597 significabat,

212 1615 307 1638 coum,
330 1603 471 1644 plerique
497 1606 548 1643 (ut
578 1604 690 1635 Pollux
718 1605 778 1646 ait)
803 1607 871 1648 qui-

212 1651 285 1682 dam
301 1651 395 1682 etiam
418 1651 527 1693 χιάδα,
543 1653 607 1684 sive
617 1656 740 1693 jactum
761 1656 872 1686 chium.

219 1700 313 1731 Venus
323 1707 440 1737 autem,
455 1712 518 1742 qua
527 1702 653 1733 Merula
662 1704 872 1744 septenarium

214 1760 374 1780 numerum
393 1750 491 1781 notari
512 1751 599 1787 dicit,
616 1757 680 1782 tum
697 1752 871 1790 dicebatur,

213 1798 338 1840 quando
351 1799 455 1830 nullus
470 1801 551 1830 talus
566 1801 675 1831 eodem
697 1802 796 1838 vultu,
810 1813 872 1844 quo

211 1847 318 1883 ceteri,
330 1848 433 1878 stabat
445 1860 453 1886 3
476 1855 542 1879 erat
555 1849 759 1891 queisjactus
771 1850 871 1881 lucro-

212 1896 362 1932 sissimus,
388 1896 627 1939 depositumque
657 1904 755 1929 totum
781 1899 870 1930 tolle-

214 1947 280 1977 bat.
336 1946 429 1977 Unde
452 1952 484 1977 et
512 1947 668 1978 Martialis
693 1947 784 1984 dixit,
813 1949 869 1980 lib.

214 1995 278 2025 xiV.
299 1995 350 2025 14.

258 2045 334 2074 Cum
351 2046 466 2074 steterit
491 2046 574 2075 vultu
597 2046 700 2075 nullus
719 2048 772 2076 tibi
793 2048 872 2078 talus

343 2094 451 2128 eodem,

302 2143 433 2172 Munera
459 2153 503 2173 me
527 2144 605 2173 dices
630 2155 739 2185 magna
762 2146 873 2175 dedisse

343 2193 407 2222 tibi.

219 2240 353 2283 Reliqua
370 2240 442 2271 vide
467 2240 536 2271 loco
562 2240 678 2272 citato:
703 2242 756 2273 ubi
780 2248 811 2273 et
833 2242 872 2274 de

216 2290 290 2321 ludo
314 2290 570 2325 latrunculorum,
598 2296 630 2321 et
653 2290 722 2321 aliis
744 2291 872 2332 quibus-

213 2340 298 2375 dam,
320 2348 389 2380 quae
412 2338 501 2368 nobis
523 2338 712 2374 viderentur,
729 2339 872 2380 exposui-

214 2399 295 2419 mus.
337 2388 525 2418 vamms.
568 2387 670 2418 Recte
707 2388 871 2430 Micyllus.

220 2439 310 2469 Pana
327 2442 385 2472 est,
401 2442 436 2468 ut
457 2446 494 2467 ex
518 2442 620 2478 pacto,
636 2437 661 2467 si
681 2437 738 2468 hoc
763 2437 810 2468 vel
834 2437 871 2467 il-

215 2485 389 2527 ludjaciat,
406 2484 437 2515 in
457 2485 594 2516 medium
612 2486 749 2516 conferat
771 2492 871 2516 certos

215 2545 366 2571 nummos,
385 2544 462 2575 quos
473 2534 570 2565 victor
584 2534 742 2565 universos
757 2535 871 2565 aufert.

215 2590 250 2615 ut
275 2583 436 2624 Augustus
467 2582 550 2624 apud
578 2583 772 2618 Suetonium,
799 2593 871 2625 cap.

217 2633 292 2664 lxxi.

258 2683 333 2712 206.
363 2681 503 2711 Damnosi
523 2680 636 2720 crinea]
662 2680 794 2716 Seniani,
819 2681 873 2722 qui

935 1021 1042 1062 jactus
1063 1020 1273 1056 felicissimus,
1291 1020 1365 1050 unio
1384 1029 1439 1049 seu
1452 1018 1539 1049 canis
1555 1018 1600 1048 illi

937 1070 1107 1100 contrarius
1126 1069 1352 1111 opponebatur.
1376 1068 1421 1099 sic
1442 1073 1474 1098 et
1494 1067 1602 1098 Persio

937 1121 1075 1149 dmnnosa
1092 1119 1233 1149 canicula
1254 1117 1294 1148 de
1312 1117 1424 1148 eadem
1442 1127 1474 1147 re
1490 1117 1601 1157 Satyra

938 1167 1040 1203 tertia,
1061 1174 1092 1197 et
1111 1169 1213 1197 dener
1234 1168 1325 1197 senio.
1375 1165 1456 1196 Unio
1480 1165 1512 1195 in
1532 1163 1603 1194 talis

937 1216 1024 1248 κύων
1039 1216 1105 1247 sive
1124 1215 1223 1246 canis.
1243 1216 1276 1246 in
1298 1214 1421 1246 tesseris
1438 1214 1513 1251 ὄνος
1534 1213 1601 1244 sive

939 1265 1057 1296 asinus.
1104 1265 1315 1296 Mittebantur
1338 1270 1443 1295 autem
1469 1263 1523 1294 tali
1548 1262 1599 1293 sri-·
1619 1264 1625 1268 '

939 1313 1006 1345 tillo
1042 1324 1061 1344 a
1096 1313 1279 1344 ludentibus
1311 1313 1342 1343 in
1380 1323 1524 1354 pyrgum,
1560 1322 1597 1343 ne

939 1363 1039 1393 fraudi
1056 1362 1142 1393 locus
1157 1368 1251 1393 esset.
1297 1362 1419 1392 Hmss.

981 1412 1056 1442 209.
1082 1410 1146 1451 Ipse
1162 1418 1228 1442 tene
1250 1413 1380 1442 distenta
1401 1412 1462 1441 suis
1481 1411 1600 1440 umbra-

938 1462 1008 1490 cula
1023 1460 1144 1502 virgis]
1172 1460 1254 1491 Vide
1270 1470 1340 1501 quae
1363 1459 1402 1490 de
1415 1459 1552 1500 flabellis
1571 1465 1602 1489 et

939 1511 1075 1540 umbellis
1101 1509 1329 1545 adnotavimus,
1356 1508 1396 1539 ad
1422 1508 1530 1539 Amor.
1558 1507 1601 1538 iii.

941 1559 1033 1599 Eleg.
1050 1558 1083 1590 ii.
1099 1560 1150 1589 38.
1196 1558 1314 1589 Amn.

983 1608 1057 1638 211.
1085 1608 1183 1638 Tereti
1198 1619 1350 1638 scamnum
1362 1608 1528 1646 producere
1544 1607 1601 1637 lec-

941 1656 999 1696 t‹⁷.]
1030 1657 1163 1698 Lipsius,
1187 1657 1244 1686 lib.
1271 1656 1318 1687 iii.
1340 1656 1472 1687 centur.
1499 1656 1601 1698 Epist.

940 1705 1034 1735 Misc.
1060 1705 1092 1736 ii.
1117 1715 1278 1736 scamnum
1302 1705 1384 1735 idern
1412 1714 1491 1740 esse,
1517 1704 1602 1746 quod

939 1754 1049 1784 sellam
1068 1753 1133 1784 sive
1149 1753 1331 1784 cathedram
1351 1758 1453 1794 putat.
1469 1753 1525 1783 sed
1540 1763 1603 1794 qua

939 1803 1057 1833 ratione
1072 1809 1145 1834 tunc
1166 1813 1327 1833 scamnum
1346 1802 1430 1832 lecto
1450 1802 1602 1843 produce—

939 1852 1045 1882 retur'!
1088 1851 1206 1882 Melius
1239 1850 1361 1892 capitur
1396 1850 1435 1881 de
1464 1860 1602 1888 scamno,

939 1911 1001 1941 quo
1016 1901 1184 1932 utebantur
1199 1901 1297 1931 lectos
1312 1899 1438 1931 altiores
1452 1910 1600 1931 conscen-

938 1950 1014 1980 suri.
1031 1960 1086 1991 per
1099 1950 1207 1980 lectum
1218 1959 1290 1980 vero
1303 1949 1353 1979 hic
1370 1959 1430 1979 non
1443 1948 1600 1986 lecticam,

938 1998 993 2029 sed
1022 1997 1247 2029 accubitorium
1276 1997 1496 2038 intelligerem,
1525 1998 1600 2039 quia

940 2047 979 2078 de
991 2047 1074 2077 solea
1090 2047 1240 2088 sequitur,
1253 2057 1347 2088 quam
1359 2045 1496 2088 posuisse
1509 2056 1599 2078 accu-

940 2095 1070 2132 bituros,
1093 2095 1197 2126 notius
1215 2100 1273 2131 est,
1295 2105 1390 2136 quam
1413 2101 1447 2125 ut
1471 2094 1598 2126 demon-

941 2144 1030 2175 strari
1045 2150 1146 2186 egeat.
1192 2145 1308 2175 Burni.

983 2194 1058 2223 212.
1084 2192 1195 2223 Tener-o
1216 2194 1323 2223 soleam
1346 2193 1438 2228 deme,
1459 2193 1504 2222 rel
1524 2194 1601 2223 adde

939 2242 1035 2282 pe‹lz'.]
1056 2241 1300 2283 Exequebantur
1312 2238 1380 2272 h'aec
1392 2240 1479 2282 pueri
1492 2240 1532 2271 ad
1545 2252 1599 2283 pe-

941 2290 1007 2326 des,
1023 2296 1055 2321 et
1070 2290 1191 2321 ancillae
1207 2301 1295 2332 quas,
1312 2300 1328 2320 e
1345 2300 1484 2326 munere,
1499 2300 1518 2321 a
1532 2302 1600 2321 san-

939 2341 1021 2370 dalio
1042 2340 1208 2370 vocabant.
1255 2340 1430 2371 Differebat
1456 2346 1562 2371 autem
1582 2351 1601 2372 a

940 2388 1046 2419 calceo
1061 2390 1159 2419 solea:
1183 2388 1310 2419 calceus
1325 2388 1408 2419 enim
1424 2389 1536 2430 pedem
1555 2395 1600 2420 to-

940 2442 1006 2468 tum
1035 2437 1132 2476 texit3
1165 2438 1252 2474 solea,
1287 2438 1427 2479 plantam
1454 2444 1599 2469 tantum:

938 2497 1009 2527 pars
1031 2486 1113 2517 enim
1134 2486 1272 2528 superior
1293 2486 1424 2518 habenis
1440 2486 1600 2518 devincie-

939 2535 1041 2565 batur.
1088 2536 1168 2572 Quae
1189 2541 1293 2566 autem
1315 2534 1435 2566 Latinis
1450 2535 1596 2567 differen-

940 2583 984 2614 tia
998 2583 1139 2614 calceum
1153 2584 1233 2615 inter
1245 2590 1277 2615 et
1291 2586 1410 2620 soleam,
1421 2584 1532 2615 eadem
1544 2595 1600 2627 po-

941 2633 1074 2663 nebatur
1098 2633 1181 2674 apud
1199 2634 1328 2664 Graecos
1348 2633 1426 2665 inter
1444 2632 1600 2676 ὑπόδημα

942 2688 968 2711 el
988 2679 1176 2714 σανδάλιον.
1223 2682 1338 2713 ΛΜΛιι.
