1760 3172
248 199 333 239 218

644 197 694 238 Ρ.
728 197 941 239 OVIDII
976 196 1256 239 NASONIS

247 312 311 360 Et
335 313 563 360 dedimus
590 313 792 375 tragicis
817 312 1058 375 scriptum
1084 313 1250 373 regale
1275 314 1558 369 cothurnis;

313 389 540 453 Quaeque
563 390 724 452 gravis
747 390 899 437 debet
923 390 1074 436 verba
1097 391 1369 437 cothurnus
1395 391 1574 438 habet:

245 465 496 529 Dictaque
516 474 633 513 sunt
652 466 812 521 nobis,
835 465 1062 528 quamvis
1084 481 1260 512 manus
1282 466 1456 514 ultima
1470 474 1635 530 coepto

311 542 499 598 Defuit,
528 543 576 589 in
601 542 752 589 facies
777 558 986 605 corpora
1009 558 1152 590 versa
1176 559 1344 590 novas.

1539 547 1634 591 556

240 619 410 683 Atque
434 620 627 667 utinam
652 635 853 666 revoces
878 619 1098 666 animum
1124 619 1376 683 paulisper
1400 621 1462 667 ab
1487 621 1574 675 ira,

311 697 376 744 Et
400 713 555 745 vacuo
576 698 754 760 jubeas
782 697 895 743 hinc
922 696 1013 743 tibi
1043 712 1206 760 pauca
1231 697 1356 758 legi!

243 774 430 831 Pauca,
458 775 640 838 quibus
666 775 826 838 prima
851 790 1060 836 surgens
1086 775 1148 821 ab
1173 774 1361 837 origine
1388 774 1575 829 mundi,

311 851 369 898 In
395 859 482 898 tua
505 851 692 898 deduxi
718 859 960 914 tempora,
990 850 1177 906 Caesar,
1205 867 1330 914 opus
1356 868 1366 898 :

1539 853 1636 898 560

241 927 526 991 Adspicias,
555 935 799 991 quantum
825 927 1024 975 dederis
1051 927 1170 974 mihi
1196 927 1414 990 pectoris
1440 927 1564 991 ipse,

267 1027 270 1030 ⁴
310 1004 524 1067 Quoque
549 1005 713 1052 favore
739 1005 888 1052 animi
914 1012 1065 1068 teque
1090 1012 1307 1068 tuosque
1333 1021 1525 1052 canam.

244 1080 359 1127 Non
384 1097 477 1143 ego
502 1081 721 1128 mordaci
747 1081 988 1128 destrinxi
1011 1081 1230 1128 carmine
1256 1097 1577 1144 quemquam,

312 1157 419 1204 Nec
445 1174 585 1205 meus
610 1159 760 1204 ullius
786 1159 993 1205 crimina
1015 1174 1187 1205 versus
1212 1158 1380 1205 habet.

244 1233 503 1280 Candidus
529 1250 558 1280 a
581 1234 768 1281 salibus
799 1235 1001 1281 suffusis
1025 1234 1142 1282 felle
1166 1234 1353 1297 refugi3

1539 1237 1635 1282 565

310 1310 463 1357 Nulla
486 1318 732 1358 venenato
756 1311 900 1358 litera
923 1310 1073 1358 mista
1090 1312 1206 1374 joco
1231 1319 1324 1358 est.

246 1385 384 1433 Inter
410 1394 485 1433 tot
509 1387 698 1450 populi,
727 1394 803 1433 tot
829 1386 1002 1450 scripti
1027 1387 1185 1434 millia
1207 1388 1380 1442 nostri,

309 1463 473 1517 Quem
498 1480 610 1511 mea
636 1464 864 1527 Calliope
891 1465 1089 1520 laeserit,
1117 1482 1245 1512 unus
1271 1481 1381 1527 ego.

242 1541 358 1588 Non
384 1541 532 1604 igitur
555 1543 736 1588 nostris
765 1543 920 1588 ullum
946 1542 1164 1604 gaudere
1192 1541 1438 1595 Quiritem

307 1618 553 1680 Auguror,
581 1626 633 1665 at
657 1619 840 1666 multos
867 1619 1156 1673 indoluisse,
1184 1619 1343 1666 malis.

1537 1622 1633 1666 570

245 1695 354 1742 Nec
366 1695 486 1742 mihi
497 1696 736 1743 credibile
753 1704 831 1744 est
841 1712 1146 1759 quemquam
1156 1696 1422 1744 insultasse
1427 1696 1634 1759 jacenti,

309 1772 486 1820 Gratia
509 1773 711 1820 candori
737 1773 777 1819 si
804 1789 905 1836 qua
929 1773 1084 1820 relata
1110 1788 1220 1820 meo
1245 1779 1337 1819 est.

238 1915 292 1945 per
313 1905 492 1946 scripsimus
513 1906 632 1947 grande
653 1917 742 1947 opus,
759 1913 791 1937 at
807 1906 898 1941 illud,

239 1953 322 1995 quod
338 1959 391 1984 tuo
412 1959 538 1996 tuaeque
555 1955 682 1985 familiae
705 1955 812 1986 honori
828 1966 902 1986 con-

238 2009 392 2033 secratum
421 2002 491 2039 fuit,
522 2003 666 2034 exsilium
694 2004 787 2045 rupit,
818 2005 848 2035 h.
874 2014 901 2034 e.

239 2051 355 2086 effecit,
374 2057 407 2081 ut
423 2062 482 2081 non
502 2051 688 2093 perpolitum
706 2062 774 2088 nec,
800 2053 832 2083 in
851 2063 899 2083 re-

238 2099 333 2140 liquis
356 2098 443 2130 libris
469 2099 581 2130 ultima
607 2100 682 2130 lima
709 2111 769 2131 non
792 2101 900 2132 addita

239 2148 394 2189 integrum
423 2148 598 2179 ederetur.'’
647 2149 698 2179 De
728 2150 900 2181 mutatione

238 2197 457 2238 inscriptionis,
495 2197 583 2239 quasi
621 2205 714 2229 antea
745 2199 900 2239 Augusto,

238 2246 322 2282 dein,
338 2252 458 2277 mutato
478 2247 618 2283 consilio,
635 2248 826 2280 Germanico
845 2250 900 2279 de-

239 2295 386 2331 dicasset,
407 2307 455 2327 res
474 2296 610 2327 difficilis
631 2303 688 2333 est,
712 2303 745 2327 ut
762 2297 829 2339 jam
846 2298 900 2328 do—

237 2344 302 2375 cuit
317 2345 529 2380 Burmannus,
547 2352 656 2376 contra
673 2356 768 2386 quem
793 2346 901 2388 dispu-

239 2400 284 2423 tat
299 2394 340 2424 cl.
352 2393 516 2425 Schirach.
537 2394 622 2425 clau.
639 2400 719 2436 part.
734 2402 812 2437 post.
828 2406 900 2438 pag.

239 2443 312 2473 250.
359 2442 508 2473 HAuLEs.

280 2492 354 2522 553.
377 2491 547 2533 Scripserat
569 2492 767 2533 tragoediam,
784 2492 901 2524 Medea

237 2540 427 2582 inscriptam,
438 2551 508 2582 quae
518 2551 589 2571 vero
599 2541 726 2571 interiit.
752 2542 900 2572 HARLES.

282 2590 356 2620 560.
379 2589 514 2620 Adludit
530 2590 569 2620 ad
593 2590 778 2632 principium
796 2592 899 2622 Meta-

237 2639 450 2679 morphoseim.
496 2639 644 2670 HARLES.

273 2688 346 2717 566.
362 2688 486 2728 Mina]
503 2687 640 2724 Quidam
652 2690 776 2724 vetusti,
789 2691 897 2724 vincta,

239 2736 284 2765 vel
300 2738 424 2771 juncta:
451 2737 532 2767 unde
549 2737 630 2768 haud
649 2737 811 2768 invenuste
825 2748 897 2768 con·

965 1905 1035 1946 jicit
1052 1904 1200 1935 Heinsius
1217 1907 1321 1935 tincta.
1357 1904 1429 1935 Pari
1443 1905 1534 1935 modo
1550 1905 1634 1947 apud

970 1953 1262 1995 Moschum.1dyll.
1283 1953 1304 1984 i.
1326 1955 1378 1984 29.
1405 1954 1445 1985 τὰ
1472 1953 1532 1995 γὰρ
1556 1955 1634 1996 πυρὶ

970 2002 1080 2034 πάντα
1091 2002 1269 2042 βέβαπται.
1281 2003 1320 2034 ad
1331 2014 1424 2044 quem
1436 2003 1539 2033 locum
1551 2003 1633 2039 vide,

970 2063 1039 2093 quae
1063 2053 1095 2083 in
1122 2052 1298 2083 Chrestom.
1325 2052 1438 2083 Graeca
1461 2058 1546 2093 poet.
1575 2054 1631 2083 ob—

970 2101 1103 2132 servavi.
1151 2102 1298 2132 HARLES.

1013 2151 1086 2180 567.
1111 2151 1212 2181 Locus
1225 2156 1271 2180 est
1287 2155 1467 2191 corruptus:
1492 2156 1524 2180 et
1539 2151 1632 2180 millia

969 2201 1084 2238 scripti,
1102 2210 1156 2241 pro
1172 2198 1273 2229 millia
1287 2198 1473 2234 carminum,
1490 2209 1551 2229 non
1566 2198 1634 2240 pla—

969 2254 1051 2279 cent.
1066 2249 1175 2278 Burm.
1192 2247 1319 2287 conjicit
1338 2259 1343 2277 ε
1369 2250 1463 2278 studii
1479 2254 1520 2278 tot
1537 2249 1633 2279 millia

971 2298 1075 2331 ›tosti-i,
1090 2297 1121 2327 id
1141 2302 1200 2332 est,
1217 2296 1333 2337 poetici
1347 2296 1440 2326 studii
1458 2303 1632 2327 consortes:

969 2345 1078 2376 melior
1114 2355 1188 2376 sane
1228 2352 1275 2375 est
1309 2344 1498 2381 emendatio,
1537 2356 1632 2386 quam

969 2393 1090 2424 Heinsii
1105 2406 1110 2423 :
1140 2394 1224 2424 Inter
1244 2395 1321 2423 enim
1338 2395 1441 2433 populi
1459 2401 1500 2425 tot
1515 2397 1633 2435 scriptis

968 2444 1061 2473 millia
1081 2445 1194 2473 nostris.
1243 2443 1388 2474 Hirmas.

1010 2492 1083 2523 571.
1115 2492 1296 2531 Quemquam
1319 2492 1467 2522 insultare
1478 2493 1631 2533 jacenti]

969 2540 1133 2571 Insidens-§e
1150 2541 1303 2572 meliores.

1009 2591 1080 2631 Οὐχ
1095 2589 1166 2628 ὁσίη
1183 2590 1386 2631 κταμένοισιν
1407 2589 1455 2621 ἐπ’
1472 2589 1632 2631 ἀνδράσιν

1053 2638 1269 2679 εὐχετάασθαι
1282 2651 1289 2675 ;

968 2689 1096 2719 Homer.
1111 2688 1226 2729 Odyss.
1244 2700 1274 2719 x.
1291 2700 1353 2719 ver.
1367 2689 1440 2718 412.

1010 2737 1082 2767 572.
1119 2737 1183 2768 Περ
1203 2737 1356 2777 candori]
1398 2736 1535 2767 Verbum
1559 2748 1630 2766 can·
