1760 3172
419 184 730 228 TRISTIUM
763 183 884 226 LIB.
913 183 952 224 Ι.
986 183 1165 225 ELEG.
1198 183 1307 225 VII.

1474 184 1559 225 167

94 359 101 363 ,
167 301 375 350 Femina
397 317 486 350 seu
518 299 770 365 princeps,
797 314 970 346 omnes
995 298 1085 345 tibi
1110 299 1246 345 culta
1270 314 1358 362 per
1383 314 1558 354 annos,

231 378 303 426 Te
328 378 476 426 docet
498 377 786 440 exemplum
812 375 1040 438 conjugis
1066 391 1178 422 esse
1201 376 1348 422 bonae
1370 394 1380 432 ;
1494 378 1558 422 26

165 454 565 517 Adsimilemque
591 453 666 500 sui
690 453 841 514 longa
865 451 1195 499 adsuetudine
1220 451 1365 508 fecit3

234 531 457 579 Grandia
482 530 524 577 si
548 529 711 593 parvis
740 528 1023 575 adsimilare
1049 528 1182 575 licet.

167 607 283 656 Heu
308 608 445 665 mihi,
472 622 572 654 non
597 622 804 669 magnas
831 605 967 669 quod
994 605 1181 652 habent
1206 620 1318 652 mea
1342 605 1562 652 carmina

235 685 522 747 Nostraque
547 689 663 730 sunt
686 681 875 730 meritis
902 697 987 729 ora
1011 681 1202 728 minora
1226 680 1353 728 tuis!
1394 681 1559 743 [vires‚

169 761 222 809 Si
248 763 370 825 quid
396 768 448 809 et
470 762 520 808 in
545 759 688 807 nobis
714 759 809 806 vivi
835 759 929 806 fuit
954 765 1068 806 ante
1093 758 1292 820 vigoris,
1497 761 1555 804 31

236 838 559 886 Exstinctum
583 836 745 898 longis
772 835 957 883 occidit
982 851 1128 882 omne
1154 834 1325 882 malis:

172 915 344 962 Prima
367 916 534 962 locum
560 919 760 960 sanctas
785 912 1016 959 heroidas
1041 911 1169 958 inter
1193 911 1405 959 haberes
1426 929 1436 968 ;

236 992 408 1039 Prima
430 991 573 1039 bonis
599 990 750 1038 animi
775 990 1122 1053 conspicerere
1148 989 1236 1036 tui.

170 1070 646 1132 Quantumcumque
664 1075 832 1116 tamen
852 1067 1102 1131 praeconia
1121 1073 1293 1114 nostra
1311 1067 1563 1121 valebunt,

239 1146 560 1196 Carminibus
586 1146 719 1193 vives
745 1152 945 1209 tempus
974 1145 1025 1191 in
1049 1160 1195 1191 omne
1221 1144 1361 1192 meis.
1500 1147 1563 1192 36

620 1363 947 1412 ELEGIA
1000 1364 1120 1412 VII.

175 1455 234 1502 S1
264 1454 376 1518 quis
401 1454 556 1501 habes
582 1453 737 1500 nostri
764 1452 951 1500 similes
980 1453 1028 1499 in
1056 1453 1271 1515 imagine
1297 1449 1479 1510 uultus,

241 1531 402 1579 Deme
427 1530 551 1578 meis
577 1531 803 1586 hederas,
833 1530 1086 1578 Bacchica
1110 1539 1257 1587 serta,
1284 1532 1457 1579 comis.

174 1608 282 1656 Ista
305 1609 487 1656 decent
509 1609 648 1656 laetos
675 1608 838 1655 felicia
863 1608 1006 1670 signa
1028 1615 1203 1672 poetas
1222 1626 1232 1657 :

240 1685 572 1750 Temporibus
598 1702 695 1732 non
721 1692 798 1733 est
824 1692 942 1749 apta
966 1702 1149 1734 corona
1172 1687 1314 1734 meis.

173 1801 202 1826 te
218 1794 277 1825 hoc
293 1793 400 1825 docuit
413 1805 421 1832 ;
445 1804 499 1825 seu
518 1793 615 1825 Liviae
630 1793 774 1836 exemplo
791 1792 838 1824 di-

174 1843 291 1875 dicisti.
337 1844 469 1874 Bnnsn.

219 1893 272 1923 24.
296 1892 423 1932 BIores]
454 1891 660 1923 Sanctissima
684 1891 840 1923 instituta.

178 1942 255 1973 Cum
284 1953 360 1972 nova
390 1943 466 1973 luce,
525 1941 605 1973 Cum
635 1942 685 1973 die
717 1940 814 1972 natali
828 1952 837 1979 3

178 2002 275 2034 quum
289 1990 474 2022 nascereris.

218 2042 273 2072 25.
299 2040 425 2071 Femina
443 2051 492 2071 seu
511 2041 677 2082 princeps]
704 2041 766 2071 Seu
789 2039 840 2071 Li-

175 2091 269 2127 viam,
296 2100 391 2132 quam
418 2089 575 2131 praecipua
614 2089 675 2120 fide
704 2089 840 2124 coluisti,

176 2140 299 2171 imitata
310 2150 353 2170 es.
376 2138 606 2170 Amerbachius
622 2139 662 2170 ad
678 2139 840 2174 Martiam,

176 2189 287 2220 Martii
302 2187 441 2230 Philippi
459 2186 559 2218 vitrici
575 2187 714 2229 Augusti
731 2187 841 2225 filiam,

168 2237 341 2269 'contendit
355 2236 562 2267 referendum.

184 2302 187 2305 *
220 2288 272 2318 30.
290 2286 402 2317 Nostra
416 2286 495 2326 orm]
513 2286 628 2317 Nostra
642 2287 747 2318 verba.
770 2286 839 2317 Ali-

177 2347 272 2378 quem
283 2336 377 2378 pleno
393 2345 445 2366 ore
460 2335 602 2371 laudare,
620 2336 720 2366 verbis
734 2336 842 2366 multis

178 2398 210 2424 et
224 2391 407 2434 grandibus·
432 2391 534 2422 Poxr.
567 2391 678 2421 Nostra
694 2403 757 2422 ora.
781 2391 841 2421 Pro

179 2452 320 2472 sermone
341 2447 372 2472 et
395 2440 533 2479 fabulis3
557 2440 684 2470 Phaedr.
710 2440 742 2470 in
764 2440 842 2482 prol.

179 2490 234 2520 lib.
251 2490 273 2520 i.
319 2488 578 2530 DuplerfczbelIis
600 2500 627 2519 os
642 2496 694 2519 est.
739 2489 844 2520 Etiam

179 2550 234 2581 pro
249 2538 382 2569 fiducia:
407 2540 431 2568 si
445 2540 517 2569 satis
533 2540 591 2568 oris
606 2539 701 2568 habes.

225 2590 276 2619 32.
304 2587 492 2618 Eistinctum
515 2589 611 2629 longis
631 2589 743 2618 cncidit
761 2599 845 2618 omne

182 2637 297 2676 malis]
320 2636 516 2677 Κακοφωνία
531 2641 578 2667 est
593 2637 781 2672 exstinctum,
798 2648 845 2666 er-

179 2688 276 2717 cidit.-
300 2685 358 2715 etsi
374 2684 500 2715 minime
516 2684 622 2725 ignoro
636 2687 769 2716 eicidere
785 2684 844 2715 hac

181 2734 406 2778 significatione
441 2733 592 2766 usitatum
619 2745 686 2766 esse
717 2734 844 2771 Ovidio,

906 1794 1024 1835 primus
1043 1800 1149 1826 tamen
1173 1794 1332 1831 Pontiani,
1348 1794 1465 1836 primus
1481 1796 1571 1827 Vati-

907 1854 1004 1875 canus
1019 1850 1050 1875 et
1065 1855 1119 1875 sex
1138 1844 1191 1875 alii
1213 1847 1331 1881 occidit,
1349 1845 1433 1886 quod
1449 1856 1571 1888 sequor.

907 1893 1025 1924 mes.

955 1992 981 2022 1.
1007 1992 1126 2023 Nostris
1147 1993 1282 2033 similes]
1311 1992 1416 2023 Nostri
1433 2004 1486 2024 sex
1506 2004 1572 2024 me-

908 2041 1011 2078 liores,
1032 2048 1063 2072 et
1080 2053 1151 2073 mox
1174 2041 1387 2073 Bacchiaserrn
1410 2053 1465 2084 pro
1490 2043 1569 2073 Buc-

908 2092 1004 2122 clzica.
1028 2091 1146 2122 mes.
1184 2090 1221 2121 In
1240 2093 1380 2132 imagine.
1419 2091 1455 2120 In
1470 2090 1573 2132 effigie

908 2151 1040 2181 gemmae
1064 2139 1242 2181 insculpta3
1266 2139 1338 2169 vide
1366 2139 1449 2169 Plin.
1474 2138 1495 2169 i.
1519 2140 1572 2171 37.

911 2190 956 2220 Ex
977 2189 1095 2220 hedera
1115 2188 1200 2219 enim
1220 2194 1319 2230 poetae
1342 2187 1423 2229 elegi
1445 2198 1573 2219 eorona-

911 2239 1035 2275 bantur,
1050 2237 1133 2268 sicut
1149 2248 1186 2268 ex
1201 2247 1319 2278 quercu
1334 2237 1462 2268 heroici.
1497 2238 1572 2268 Pro-

909 2288 1038 2330 pertius.

911 2339 1029 2368 Ennius
1039 2339 1155 2367 hirsuta
1171 2339 1276 2377 cingat
1290 2347 1343 2366 sua
1355 2337 1436 2366 dicta
1453 2348 1572 2373 corona,

954 2387 1000 2417 ,Μί
1009 2387 1094 2428 folia
1115 2398 1148 2416 er
1167 2387 1275 2416 hedera.
1294 2387 1426 2427 porrige,
1445 2386 1574 2423 Bacche,

1039 2442 1104 2466 ῒηιι.

912 2487 962 2516 De
988 2485 1106 2516 hedera
1133 2484 1228 2525 legito
1259 2484 1340 2514 Pl‘m.
1369 2483 1424 2514 lib.
1450 2483 1514 2513 xvi.
1544 2490 1576 2515 et

910 2535 1172 2576 Theophrastum,
1189 2534 1243 2563 lib.
1258 2533 1303 2563 iii.

956 2585 986 2615 4,
1013 2584 1201 2622 Temporibus
1217 2582 1315 2622 meis]
1342 2582 1417 2612 Meo
1433 2581 1540 2623 capiti,
1557 2592 1576 2613 a

911 2638 999 2676 parte
1015 2638 1113 2662 totum
1130 2632 1211 2662 κατὰ
1227 2630 1444 2672 συνεκδοχὴν.
1466 2631 1578 2662 Falsus

912 2690 961 2717 est
970 2682 1021 2712 hic
1037 2681 1171 2718 Merula,
1187 2680 1241 2723 qui
1256 2680 1317 2712 alio
1330 2680 1422 2711 modo
1437 2680 1577 2722 exponit„

913 2732 1006 2763 C1or.

986 2785 1021 2814 M
1039 2785 1057 2814 4
