1760 3172
388 203 696 246 TRISTIUM
730 201 850 244 LIB.
884 201 949 245 II.
981 203 1074 245 EL.
1108 204 1326 248 UNICA.

1470 208 1555 249 213

164 317 280 365 Non
305 318 465 375 timui,
491 318 663 374 fateor,
687 333 767 374 ne,
794 333 896 381 qua
919 324 993 365 tot
1017 318 1117 367 iere
1143 321 1338 376 carinae,

229 395 277 441 N
282 395 499 459 aufraga,
527 396 735 444 servatis
761 395 1008 451 omnibus,
1035 412 1134 443 una
1154 396 1295 445 foret.

1458 401 1556 446 470

166 472 295 520 Sunt
319 473 428 520 aliis
454 474 669 538 scriptae,
699 473 880 537 quibus
907 473 1016 520 alea
1040 473 1242 529 luditur,
1271 482 1429 524 artes:

228 547 352 596 Haec
378 556 456 597 est
481 550 542 597 ad
570 557 766 597 nostros
792 565 890 596 non
914 549 1022 597 leve
1049 549 1237 597 crimen
1262 567 1394 599 avos.

164 623 298 679 Quid
321 627 519 674 valeant
542 627 628 674 tali
647 645 657 684 ;
700 642 799 689 quo
825 625 987 690 possis
1004 627 1227 690 plurima
1242 629 1384 691 jactu

233 701 471 765 Fingere3
513 704 778 750 damnosos
805 702 1075 766 effugiasve
1101 721 1280 763 canes3

165 778 378 827 Tessera
397 787 520 843 quot
539 796 769 828 numeros
790 780 996 838 habeat3
1026 781 1244 829 distante
1258 789 1435 830 vocato
1460 785 1557 830 475

230 856 438 905 Mittere
464 873 563 920 quo
591 857 785 913 deceat,
814 873 914 921 quo
939 858 1057 906 dare
1082 859 1236 906 missa
1259 860 1435 917 modo;

165 931 394 981 Discolor
416 941 472 981 ut
492 941 627 982 recto
653 941 907 997 grassetur
930 935 1086 984 limite
1112 936 1272 993 miles,

232 1009 399 1065 Quum
423 1011 618 1059 medius
644 1012 842 1074 gemino
868 1012 1091 1059 calculus
1117 1013 1259 1062 hoste
1285 1014 1440 1077 perit3

205 1171 281 1202 473.
308 1172 391 1207 Quid
412 1174 533 1204 valeant
557 1174 642 1214 tali]
679 1174 828 1216 Descrip-

163 1231 230 1251 sere
251 1221 305 1252 alii
328 1228 427 1263 poetae
451 1223 583 1254 talorum
602 1223 734 1262 ludum;
757 1223 830 1255 vide

160 1270 298 1301 Turneb.
314 1271 369 1302 lib.
385 1272 483 1303 xxvii.
497 1282 569 1314 cap.
586 1274 617 1304 3.
653 1274 829 1313 Quojactu.

165 1319 238 1356 Quo
267 1326 395 1362 puncto.
459 1321 555 1352 Venus
584 1322 667 1353 enim
694 1323 725 1352 in
759 1322 830 1353 talis

161 1368 325 1399 victoriam
351 1369 525 1408 adferebat,
548 1377 583 1402 ut
609 1372 700 1402 Canis
720 1372 827 1413 jactu-

161 1428 240 1450 ram.
284 1419 372 1450 Senio
400 1430 472 1450 vero
495 1419 651 1451 interdum
676 1420 827 1457 lucrosus,

164 1467 248 1498 unde
271 1478 290 1498 a
305 1468 411 1499 Persio
432 1468 542 1499 dexter
564 1469 755 1511 appellatur:
780 1469 826 1499 in-

162 1516 286 1547 terdum
311 1517 490 1554 damnosus,
511 1523 546 1549 ut
566 1518 713 1560 designat
730 1518 827 1549 Tran-

162 1565 281 1608 quillus
295 1566 327 1597 in
342 1566 502 1608 Augusto.

205 1616 279 1646 474.
304 1615 440 1657 Figere]
469 1616 599 1658 Fingere
613 1615 757 1658 plerique
773 1627 826 1647 ve-

161 1668 253 1695 teres.
280 1664 400 1695 Hmss.
429 1665 525 1696 Talos
541 1665 646 1696 Graeci
663 1665 824 1707 ἀστραγά-

159 1713 241 1750 λους
256 1719 381 1749 vocant,
398 1712 563 1755 ipsumque
580 1713 690 1744 ludum
706 1714 826 1756 ἀστρα-

162 1762 323 1804 γαλίζειν,
350 1767 383 1793 et
406 1762 579 1805 ἀστρίζειν.
621 1764 701 1794 Sunt
723 1769 828 1795 autem

163 1811 256 1843 unius
274 1811 331 1842 tali
346 1812 537 1853 superficies,
556 1812 620 1843 sive
640 1812 736 1844 facies
751 1825 828 1855 qua-

161 1865 248 1892 tuor:
268 1871 400 1902 quarum
414 1861 525 1904 prima,
541 1872 611 1903 quae
632 1868 663 1893 et
676 1863 828 1894 unitatem

163 1909 330 1951 significat,
359 1909 459 1947 κύων,
487 1911 547 1942 hoc
578 1917 635 1947 est,
665 1911 767 1948 Canis,
797 1918 828 1943 et

163 1961 237 2002 χῖος
252 1959 340 1995 item,
355 1959 528 1991 dicebatur.
562 1961 623 1991 Illa
635 1966 740 1992 autem
756 1972 826 2003 quae

163 2008 237 2040 huic
252 2008 395 2050 opposita
410 2013 506 2050 atque
529 2009 659 2040 adversa
675 2016 752 2046 erat,
767 2011 825 2046 ἐξί-

163 2070 234 2097 της,
255 2057 313 2088 hoc
335 2062 393 2094 est,
410 2057 508 2095 Senio,
528 2064 560 2089 et
573 2061 654 2096 κῶος
676 2058 763 2095 item,
778 2070 827 2090 re-

162 2107 257 2149 liquae
283 2107 353 2138 duae
384 2107 521 2138 numeris
545 2109 745 2144 notabantur,
765 2114 826 2139 ter-

165 2156 251 2188 nario
270 2161 359 2198 puta,
378 2162 409 2187 et
425 2157 633 2198 quaternario,
650 2167 723 2188 nam
738 2158 826 2189 bina-

162 2205 227 2237 rius
241 2210 273 2236 et
288 2204 448 2247 quinarius
471 2216 618 2237 numerus
633 2206 665 2237 in
680 2207 751 2238 talis
766 2218 827 2238 non

163 2260 270 2287 erant:
295 2259 402 2285 auctor
420 2254 545 2292 Pollux,
558 2255 614 2286 lib.
628 2255 669 2286 ix.
685 2257 813 2288 NIICYL.

208 2304 282 2334 475.
307 2303 427 2334 Tessera
442 2313 498 2334 sex
519 2304 618 2335 latera
634 2304 780 2342 habebat,
796 2311 828 2336 et

162 2352 262 2384 tribus
284 2351 408 2383 tesseris
422 2351 601 2390 ludebatur,
619 2364 689 2395 quae
711 2364 826 2385 concu-

162 2401 282 2433 tiuntur
298 2401 331 2432 in
348 2401 466 2438 fritillo,
485 2407 516 2433 et
534 2402 607 2434 inde
628 2403 660 2434 in
683 2404 826 2435 tabulam

162 2453 332 2481 mittuntur
370 2449 517 2481 lusoriam
558 2451 623 2483 sive
667 2453 823 2484 talariam.

161 2500 269 2530 Multa
279 2509 402 2541 quoque
415 2505 523 2531 contra
531 2501 689 2532 Pavonem
702 2502 740 2533 de
754 2503 825 2533 alea

162 2555 303 2579 veterum
314 2548 455 2589 disputat
466 2549 606 2581 Dorville
618 2551 650 2581 in
663 2562 756 2582 vann.
767 2551 825 2582 cri-

162 2597 229 2628 tica
247 2608 318 2640 cap.
339 2596 404 2629 viii.
425 2608 498 2639 pag.
517 2601 671 2631 251-318.
696 2601 737 2632 cf.
757 2602 825 2632 Sal-

163 2657 241 2678 mas.
268 2647 309 2677 ad
335 2647 508 2689 Vopiscum
541 2648 573 2678 in
603 2649 709 2680 histor.
738 2649 825 2691 Aug.

162 2695 302 2737 scriptor.
318 2701 392 2727 tom.
406 2697 438 2727 ii.
454 2707 528 2739 pag.
544 2697 617 2728 737.
634 2708 705 2740 sqq.
740 2698 826 2735 Quid

164 2755 236 2775 vero
250 2744 290 2776 sit
304 2747 436 2777 distante
452 2757 512 2777 voc.
527 2745 655 2778 difficile
672 2753 718 2778 est
734 2747 826 2779 intel-

896 1174 993 1211 lectu,
1025 1181 1057 1206 et
1086 1176 1270 1217 interpretes
1299 1175 1331 1206 in
1361 1175 1423 1206 alia
1456 1176 1561 1206 omnia

896 1230 1068 1256 transeunt.
1134 1226 1203 1266 Ego
1239 1236 1310 1256 vero
1344 1226 1561 1267 Verpoortenii

897 1274 1140 1315 explicationem
1177 1275 1347 1306 faciliorem
1384 1275 1537 1317 proferam
1552 1287 1559 1305 2

897 1323 949 1353 Illi
962 1323 1056 1364 igitur
1070 1324 1193 1355 videtur
1204 1335 1259 1365 per
1273 1336 1430 1355 nnmerum
1446 1326 1561 1355 distan-

896 1378 950 1402 tem
967 1372 1101 1414 intelligi
1112 1374 1233 1409 Venus,
1250 1374 1302 1415 qui
1315 1374 1421 1415 jactus
1437 1379 1561 1406 consta-

895 1421 950 1451 bat
965 1422 1101 1453 numeris
1113 1433 1185 1453 cum
1201 1422 1280 1453 inter
1296 1433 1328 1452 se
1341 1422 1480 1458 diversis,
1494 1428 1560 1453 tum

896 1476 930 1500 ut
956 1481 1058 1511 neque
1082 1473 1165 1501 canis
1192 1481 1294 1512 neque
1317 1473 1405 1506 senio,
1431 1470 1461 1500 h.
1478 1482 1505 1501 e.
1525 1472 1561 1502 fi-

895 1529 983 1559 gura,
998 1530 1068 1561 quae
1084 1520 1241 1550 senarium
1259 1520 1406 1556 habebat,
1418 1520 1498 1551 inter
1509 1531 1562 1551 eos

895 1569 1137 1610 conspiceretur.
1169 1570 1369 1599 Burmannus
1383 1569 1563 1611 conjectura

896 1618 1033 1658 quadam
1063 1618 1217 1659 probabili
1247 1628 1425 1649 succurrere
1457 1619 1562 1650 studet

894 1666 973 1702 loco,
995 1673 1026 1697 et
1049 1668 1225 1709 suspicatur
1247 1668 1297 1698 hic
1322 1667 1440 1708 aliquid
1465 1668 1561 1699 latere

895 1716 934 1746 de
945 1716 1091 1747 turricula
1110 1717 1155 1747 vel
1171 1727 1279 1758 pyrgo,
1296 1716 1328 1746 in
1344 1727 1437 1758 quem
1453 1717 1559 1748 mitte-

893 1765 1009 1796 bantur
1019 1771 1161 1796 tesserae:
1183 1766 1261 1796 forte
1276 1778 1283 1805 ς
1299 1777 1452 1807 pyrgoqne
1465 1773 1562 1798 rotato

894 1816 1023 1851 mittere,
1040 1820 1075 1845 ut
1096 1815 1136 1846 sit
1157 1825 1276 1851 sensus,
1300 1815 1443 1846 docuisse
1467 1826 1560 1857 quos-

894 1862 979 1899 dam,
994 1874 1056 1904 quo
1080 1863 1171 1894 modo
1187 1863 1311 1899 deceat,
1333 1870 1431 1894 rotato
1454 1864 1561 1894 fritillo

893 1912 938 1942 ita
967 1912 1090 1943 mittere
1119 1918 1261 1948 tesseras,
1291 1918 1326 1943 ut
1355 1911 1430 1942 felix
1454 1913 1561 1954 jactus

893 1961 1029 1997 eveniat,
1046 1967 1077 1992 et
1091 1972 1163 1992 cum
1187 1968 1220 1992 tu
1238 1961 1370 1996 miseris,
1387 1972 1448 2002 quo
1468 1962 1561 1994 modo

894 2016 1026 2041 tesseras
1043 2011 1113 2042 illas
1129 2013 1202 2041 dare
1223 2011 1367 2042 collusori
1383 2011 1510 2047 debeas,
1527 2019 1562 2043 ut

894 2059 948 2090 ille
961 2060 1118 2091 infelicem
1136 2060 1375 2102 faciatjactum.
1411 2061 1561 2092 HAnLizs.

939 2110 1014 2142 477.
1038 2110 1203 2140 Pollucem
1222 2109 1286 2140 viii.
1310 2110 1342 2140 7.
1360 2109 1427 2152 jam
1450 2110 1561 2142 lauda-

894 2164 968 2189 runt
993 2158 1146 2200 Micyllus
1166 2164 1198 2189 et
1214 2159 1378 2200 Verpoort.
1399 2158 1453 2200 qui
1477 2159 1560 2191 hunc

894 2207 999 2238 lusum
1008 2207 1197 2238 breviterita
1208 2207 1355 2248 explicat.
1387 2213 1409 2224 “
1423 2208 1561 2244 Quomo-

894 2255 934 2286 do
951 2258 1135 2287 latrunculis
1152 2256 1192 2287 sit
1206 2256 1390 2291 ludendum,
1404 2256 1458 2298 qui
1474 2264 1563 2288 erant

895 2305 1022 2341 calculi,
1035 2305 1122 2336 vitrei
1134 2306 1207 2342 fere,
1219 2316 1348 2346 quorum
1361 2316 1422 2336 una
1432 2316 1504 2346 pars
1514 2307 1561 2337 ni-

894 2354 952 2396 gri,
974 2355 1073 2385 altera
1092 2354 1154 2385 albi
1175 2360 1280 2385 erant:
1307 2354 1396 2385 alteri
1412 2355 1561 2386 diceban-

895 2409 944 2434 tur
966 2405 1085 2440 milites,
1108 2403 1197 2434 alteri
1223 2403 1346 2434 hostes:
1379 2404 1468 2445 cujus
1492 2404 1559 2436 ludi

895 2453 1060 2484 artificium
1074 2458 1151 2488 erat,
1167 2458 1201 2483 ut
1220 2464 1300 2483 unus
1322 2453 1465 2484 calculus
1483 2453 1560 2485 duo-

894 2502 952 2532 bus
973 2502 1100 2532 alterius
1119 2501 1230 2532 coloris
1248 2501 1392 2543 utrinque
1409 2501 1559 2539 inclusus,

894 2550 984 2592 quasi
1000 2551 1212 2592 deprehensus
1223 2550 1426 2581 auferretur.''
1472 2552 1560 2583 Male

894 2605 1054 2642 comparat
1065 2599 1192 2630 Merula
1207 2610 1278 2630 cum
1294 2599 1379 2636 ludo,
1396 2599 1449 2641 qui
1466 2600 1559 2632 hodie

894 2649 1009 2680 dicitur
1028 2648 1170 2679 Scachia.
1201 2648 1333 2679 Tramite
1352 2648 1415 2680 duo
1436 2648 1506 2680 libri
1527 2656 1559 2682 et

893 2699 963 2728 MS.
980 2699 1101 2729 Bersm.
1146 2698 1297 2728 HARLES.

939 2747 1127 2787 Grassetur]
1163 2747 1192 2777 h.
1208 2757 1235 2778 e.
1263 2747 1369 2783 Quum
1398 2747 1499 2778 socius
1526 2749 1558 2779 in

980 2800 1006 2830 P
1023 2801 1041 2830 3
