1760 3172
365 176 456 218 EX
488 175 699 218 PONTO
734 174 853 215 LIB.
888 174 951 215 II.
985 175 1177 217 EPIST.
1211 176 1265 217 V.

1422 177 1508 217 419

126 290 365 338 Rusticus
390 290 675 354 agricolam,
703 290 844 336 miles
869 289 971 337 fera
994 289 1127 337 bella
1151 299 1424 353 gerentem,

192 367 460 416 Rectorem
484 367 648 414 dubiae
675 367 839 415 navita
863 368 1045 431 puppis
1067 376 1217 416 amat.

123 443 199 491 Tu
224 461 425 508 quoque
451 444 705 492 Pieridum
731 445 913 502 studio,
942 446 1179 501 studiose,
1206 447 1405 501 teneris,

190 521 500 586 Ingenioque
524 522 676 579 faves,
702 523 974 585 ingeniose,
1002 539 1129 570 meo.

125 598 293 646 Distat
315 616 440 664 opus
466 607 716 657 nostrum3
747 601 835 648 sed
860 600 1079 659 :fontibus
1105 601 1210 648 exit
1235 601 1297 648 ab
1318 601 1505 649 isdem:

189 676 324 724 Artis
350 684 400 724 et
423 677 650 740 ingenuae
671 679 832 725 cultor
857 684 1066 741 uterque
1094 694 1280 725 sumus
1447 680 1508 724 66

124 753 348 817 Thyrsus
374 755 505 802 enim
529 755 686 811 vobis,
715 762 910 818 gestata
935 763 1012 803 est
1037 757 1205 804 laurea
1235 756 1406 812 nobis3

192 830 293 879 Sed
316 839 484 880 tamen
510 834 750 880 ambobus
776 834 927 882 debet
952 833 1116 881 inesse
1142 834 1291 881 calor.

126 907 298 972 thue
321 910 446 957 meis
471 911 687 958 numeris
713 918 799 958 tua
823 911 908 958 dat
931 911 1164 958 facundia
1187 926 1379 965 nervos,

195 985 279 1033 Sic
297 986 432 1034 venit
456 1003 484 1034 a
508 988 650 1034 nobis
675 987 725 1034 in
750 994 836 1035 tua
859 988 1010 1035 verba
1033 988 1178 1035 nitor.
1448 990 1510 1033 70

124 1062 154 1109 J
160 1079 245 1111 ure
269 1064 418 1127 igitur
441 1065 605 1112 studio
630 1065 844 1113 confinia
867 1065 1085 1113 carmina
1110 1073 1289 1118 vestro,

194 1140 260 1188 Et
284 1143 560 1190 commilitii
587 1160 726 1191 sacra
749 1144 937 1191 tuenda
961 1150 1124 1207 putas.

127 1218 226 1266 Pro
250 1220 434 1282 quibus
455 1228 511 1284 ut
534 1229 748 1278 maneat,
776 1221 839 1268 de
865 1237 965 1285 quo
990 1220 1224 1275 censeris,
1253 1220 1458 1273 amicus,

194 1296 500 1361 Comprecor
524 1299 586 1346 ad
610 1298 721 1346 vitae
746 1305 971 1362 tempora
996 1313 1190 1345 summa
1214 1303 1339 1353 tuae3

129 1373 480 1439 Succedatque
504 1376 602 1423 tuis
628 1376 761 1423 orbis
787 1377 1068 1424 moderator
1092 1375 1299 1423 habenis
1319 1392 1328 1422 :
1449 1376 1510 1421 75

194 1450 341 1506 Quod
366 1469 561 1500 mecum
586 1454 757 1518 populi
776 1462 891 1502 vota
914 1461 1181 1519 precantur
1204 1453 1352 1500 idem.

126 1604 223 1646 plina.
266 1606 468 1647 Ingeniorum
501 1607 584 1639 enirn
617 1608 787 1640 similitudo

126 1653 281 1686 amicitias
295 1655 502 1698 conglutinat.

170 1704 223 1734 60.
239 1703 474 1745 Servatfffdera
488 1708 534 1736 sui
548 1707 670 1747 studii]
685 1707 725 1737 Et
740 1717 787 1738 re—

126 1752 205 1783 tinet
226 1753 478 1795 conjunctionem
498 1755 586 1786 illam
601 1766 670 1797 quae
690 1763 737 1787 est
755 1756 788 1787 in

128 1803 202 1844 ipsis
217 1803 329 1834 studiis
341 1810 373 1835 et
388 1803 571 1846 disciplinis.

171 1851 223 1883 65.
241 1853 345 1883 Distat
367 1864 438 1892 opus
462 1853 621 1894 nostrum]
647 1853 729 1891 Quia
754 1861 787 1885 tu

130 1911 223 1932 vacas
250 1901 448 1943 eloquentiae,
472 1912 530 1943 ego
555 1913 629 1933 vero
657 1902 786 1944 poeticae

129 1950 285 1982 facultati.
323 1952 369 1982 Ab
390 1951 644 1992 {sdemfontibua
669 1952 719 1982 Ab
735 1952 787 1983 iis-

129 1999 200 2031 dem
215 2000 327 2031 Musis.

173 2050 225 2081 67.
251 2049 384 2091 Thyrsus
407 2052 485 2080 enim
510 2051 597 2086 vobis,
611 2056 728 2092 gestura
747 2057 787 2080 est

131 2100 238 2130 laurea
262 2099 369 2139 nobis]
400 2099 483 2129 Mihi
505 2104 605 2130 totum
635 2098 788 2130 distichon

129 2148 189 2180 hoc
203 2148 308 2180 dubiae
319 2148 392 2180 fidei
405 2154 452 2179 est
463 2154 654 2191 suspectum.
672 2150 790 2180 Hems.

134 2199 265 2240 Hyrsus
280 2201 358 2229 enim
372 2200 460 2229 vobis.
484 2199 545 2229 Per
558 2199 706 2239 thyrsum,
723 2208 788 2228 ora-

131 2248 242 2278 toriam
263 2247 446 2279 facultatem
461 2247 626 2289 intelligit:
650 2258 705 2290 per
721 2248 789 2278 lau-

132 2309 224 2334 ream,
253 2296 418 2338 poeticam.
471 2297 571 2335 Quasi
600 2296 704 2328 dicat:
739 2307 792 2327 vos

132 2346 253 2378 Bacchi
274 2346 408 2377 stimulis
432 2346 603 2388 agitamini,
621 2357 676 2377 nos
693 2346 790 2388 Apol-

132 2395 205 2427 linis
220 2408 226 2426 :
245 2395 359 2438 quibus
373 2400 479 2427 tamen
495 2395 631 2437 utrisque
649 2406 723 2427 suus
738 2405 789 2426 ca-

132 2446 178 2477 lor
193 2451 251 2483 est,
267 2456 403 2487 suusque
417 2445 562 2488 impetus.
598 2446 724 2476 MicYL.

177 2495 229 2526 70.
253 2495 302 2526 Sic
324 2496 404 2526 venit
429 2507 447 2525 a
471 2497 551 2525 nobis
572 2498 604 2525 in
629 2502 683 2525 tua
703 2495 789 2525 verba

134 2544 242 2585 nitor]
274 2543 326 2574 Ab
347 2548 412 2575 arte
432 2544 575 2586 poetica:
601 2555 620 2575 a
644 2555 706 2586 qua
729 2554 790 2574 non

134 2593 255 2624 alienus
279 2599 326 2624 est
349 2599 461 2624 orator.
506 2594 557 2624 Ita
581 2593 664 2624 enim
686 2592 755 2625 Cic.
770 2592 790 2622 i.

134 2642 174 2673 de
187 2643 316 2673 Oratore
328 2655 334 2673 :
360 2647 381 2659 ‘¹
398 2643 453 2673 Est
465 2642 547 2673 enim
563 2642 711 2673 finitimus
725 2652 791 2672 ora-

854 1609 911 1640 tori
936 1614 1038 1650 poeta,
1055 1607 1191 1639 numeris
1215 1606 1389 1637 adstrictior
1411 1606 1515 1647 paulo,

854 1658 1016 1688 verborum
1032 1663 1137 1688 autem
1147 1655 1277 1686 licentia
1288 1654 1422 1690 liberior,
1434 1655 1514 1685 mul—

854 1706 893 1738 tis
912 1717 983 1738 vero
1005 1705 1136 1736 ornandi
1161 1704 1327 1746 generibus
1346 1703 1460 1739 socius,
1478 1714 1513 1734 ac

853 1767 933 1799 pene
948 1756 1038 1799 pa1·,'’
1054 1757 1112 1786 Sec.

900 1807 951 1836 71.
975 1804 1136 1836 Fabricius
1156 1809 1255 1834 totum
1276 1803 1381 1832 locum
1405 1801 1450 1832 ita
1469 1801 1517 1832 in—

855 1860 1051 1897 terpretatur.
1095 1854 1115 1885 J
1119 1863 1171 1884 ure
1196 1858 1288 1894 putas
1311 1850 1428 1881 tuenda
1451 1861 1516 1882 car—

856 1906 940 1936 mina
969 1904 1072 1935 studio
1099 1909 1211 1937 vestro,
1239 1902 1271 1932 id
1301 1907 1347 1932 est
1374 1901 1517 1937 oratorio,

857 1954 1000 1990 confinia,
1023 1960 1055 1985 et
1081 1951 1255 1984 commilitii
1281 1961 1379 1986 sacra,
1405 1951 1517 1992 quibus

857 2004 945 2045 quasi
971 2002 1197 2034 commilitones
1225 2000 1323 2031 dediti
1349 2000 1441 2030 ambo
1465 2010 1515 2030 su-

857 2065 936 2090 mus,
947 2053 1065 2084 tuenda
1080 2059 1183 2094 putas.
1208 2051 1267 2081 Pro
1280 2050 1393 2091 quibus
1408 2048 1519 2079 studiis

856 2102 1003 2134 videlicet
1027 2107 1058 2133 et
1079 2101 1173 2132 sacris
1195 2099 1311 2131 mutuis
1329 2109 1518 2140 comprecor,

858 2159 892 2183 ut
918 2152 958 2183 ad
985 2158 1125 2183 extrema
1152 2161 1251 2191 usque
1280 2149 1349 2180 vitae
1379 2155 1519 2189 tempora

859 2208 984 2233 maneat
1004 2201 1061 2231 tibi
1092 2199 1212 2231 amicus
1237 2198 1454 2232 Germanicus,
1480 2196 1519 2227 de

859 2262 921 2292 quo
947 2249 1091 2285 censeris,
1122 2248 1152 2278 h.
1169 2258 1197 2278 e.
1225 2247 1264 2278 de
1293 2246 1382 2288 cujus
1411 2246 1518 2276 favore

859 2299 975 2342 pendet
993 2303 1047 2328 tua
1067 2297 1214 2338 dignitas,
1231 2295 1280 2326 vel
1299 2295 1388 2336 cujus
1407 2304 1518 2325 census

858 2349 907 2379 vel
924 2347 1049 2379 familiae
1066 2345 1156 2388 quasi
1171 2355 1241 2387 pars
1256 2355 1299 2375 es.
1336 2343 1487 2374 HAnLEs.

902 2399 953 2429 75.
972 2397 1070 2437 Tuis]
1098 2396 1219 2436 Magna
1233 2405 1270 2425 ex
1286 2398 1375 2436 parte
1388 2398 1517 2428 veteres,

860 2452 892 2478 et
912 2447 992 2477 bene
1012 2443 1169 2486 rescripsit
1184 2443 1293 2474 Heins.
1310 2445 1369 2473 tuis
1384 2441 1521 2477 habenis,

859 2496 890 2526 h.
911 2507 939 2527 e.
970 2494 1106 2525 consiliis
1133 2499 1164 2523 et
1192 2491 1345 2534 regimini,
1370 2491 1518 2526 succedat,

858 2545 888 2575 h.
911 2555 940 2576 e.
963 2553 1106 2586 prospere
1134 2547 1269 2584 regatur,
1296 2543 1462 2571 moderator
1487 2550 1518 2569 n.

858 2594 989 2628 futurus,
1006 2592 1036 2622 h.
1049 2602 1077 2623 e.
1093 2590 1309 2622 Germanicus.
1349 2590 1497 2620 Hamus.

991 2788 1080 2816 Ei?
