1760 3172
239 174 325 216 398

631 170 682 212 P.
716 168 928 212 OVIDII
962 168 1241 212 NASONIS

241 290 412 353 Atque
437 288 508 335 ita
530 286 784 343 victorem,
811 301 925 333 cum
951 301 1131 348 magno
1155 285 1290 333 vocis
1315 285 1516 340 honore,

310 365 504 414 Bellica
527 363 742 412 laudatis
767 362 899 410 dona
922 362 1122 409 dedisse
1146 361 1260 409 viris
1279 378 1290 410 ε
1566 364 1630 408 30

243 442 495 506 Claraque
520 449 800 489 sumturum
825 440 986 504 pictas
1012 438 1227 502 insignia
1249 445 1429 496 vestes,

308 520 442 568 Tura
465 520 602 584 prius
624 518 809 567 sanctis
836 517 1134 582 imposuisse
1159 515 1282 564 focis
1302 533 1312 564 :

241 596 272 644 J
277 597 600 660 ustitiamque
627 595 702 643 sui
727 601 866 642 caste
890 595 1120 659 placasse
1142 593 1380 657 parentis,

309 674 404 721 Illo
429 689 542 738 quae
566 673 812 736 templum
837 678 1039 736 pectore
1064 686 1262 735 semper
1286 670 1453 717 habet.

244 751 459 815 Quaque
483 750 609 806 ierit,
636 749 756 797 felix
781 749 1035 813 adjectum
1055 748 1315 813 plausibus
1341 763 1514 804 omen3
1568 749 1631 793 35

312 828 548 891 Saxaque
573 826 748 874 roratis
775 825 1032 874 erubuisse
1058 825 1198 872 rosis.

243 904 479 952 Protinus
505 911 712 967 argento
735 919 904 951 versos
929 903 1176 950 imitantia
1199 918 1382 959 muros,

311 982 533 1030 Barbara
556 997 671 1030 cum
695 981 838 1029 victis
865 981 1052 1046 oppida
1071 981 1172 1028 lata
1194 981 1310 1028 viris
1331 997 1341 1028 ε

246 1058 593 1122 Fluminaque,
615 1066 666 1107 et
690 1066 901 1116 montes,
930 1067 980 1107 et
1004 1060 1054 1106 in
1079 1059 1192 1106 altis
1218 1073 1409 1123 pascua
1433 1055 1596 1114 silvis3

311 1135 566 1200 Armaque
591 1152 705 1184 cum
729 1137 841 1184 telis
867 1138 917 1184 in
942 1144 1078 1185 strue
1103 1137 1251 1184 mista
1275 1135 1395 1183 suis.

244 1295 328 1326 tibus
343 1301 538 1337 congrueret,
555 1301 586 1327 et
601 1296 691 1338 quasi
708 1297 909 1338 conspiraret.

246 1346 349 1377 PONT-

289 1394 342 1425 29.
360 1393 436 1424 Cum
450 1406 557 1437 magno
572 1396 648 1426 'vocis
664 1394 800 1436 honam]
828 1395 908 1426 Cum

245 1443 339 1475 laude
354 1454 459 1474 eorum
475 1443 620 1480 militum,
634 1455 765 1486 quorum
781 1444 911 1475 virtutes

246 1503 360 1534 magna
384 1503 459 1523 voce
486 1492 629 1524 laudavit
651 1493 830 1535 imperator,
855 1493 910 1524 de-

245 1541 319 1574 inde
342 1541 437 1573 etiam
462 1541 552 1573 donis
569 1542 758 1574 militaribus
772 1543 810 1574 de
826 1554 910 1574 more

247 1591 388 1623 donavit.

290 1642 343 1672 30.
360 1641 479 1672 Bellica
494 1641 598 1682 domn]
626 1642 720 1672 Dona
741 1640 908 1673 militaria:

246 1695 283 1721 ut
316 1689 464 1726 armillas,
495 1690 600 1721 hastas
636 1701 742 1732 puras,
773 1696 910 1732 torques,

247 1739 403 1781 phaleras,
420 1745 451 1770 et
466 1739 530 1770 alia
544 1740 576 1771 id
592 1750 701 1781 genus.

292 1790 344 1820 31.
361 1789 463 1820 Pictas
475 1790 592 1830 vestes]
609 1790 722 1820 Vestes
737 1788 909 1832 triumpha-

248 1838 304 1874 les,
321 1838 435 1879 quibus
459 1838 688 1880 triumphantes
710 1839 910 1881 imperatores

248 1887 428 1919 utebantur.

292 1938 345 1972 33,
375 1937 428 1967 34.
465 1936 527 1967 Hic
564 1936 652 1968 locus
687 1937 824 1969 difficilis
854 1943 911 1969 est.

248 1985 409 2021 Heinsius,
433 1982 581 2027 intelligit
606 1986 645 2017 de
668 1987 785 2028 templo
809 1988 909 2019 Justi-

248 2035 300 2066 tiae
317 2036 356 2066 ab
371 2034 516 2076 Augusto
534 2035 644 2077 posito.
689 2036 751 2067 Sed
772 2036 811 2067 de
834 2042 913 2067 tem-

249 2085 302 2127 plo
329 2085 466 2117 Justitiae
496 2085 567 2116 silet
595 2085 733 2122 historia,
764 2085 808 2116 ait
834 2087 913 2117 Ver-

249 2139 387 2176 poorteu,
403 2134 492 2176 cujus
508 2140 612 2165 notam
626 2134 801 2165 adscribere
812 2135 915 2177 juvat.

251 2188 273 2201 ‘¹
292 2184 472 2225 Conjiciunt
485 2183 639 2220 nonnulli,
651 2184 763 2226 respici
780 2185 819 2215 ad
834 2191 912 2215 tem-

249 2233 336 2275 plum
351 2233 466 2265 Martis
480 2233 609 2269 Ultoris,
626 2239 680 2264 aut
694 2234 713 2265 J
716 2234 829 2265 ustitiae
846 2234 911 2265 Au—

249 2283 332 2324 gusti
354 2283 506 2325 templum
525 2293 732 2314 marmoreum
752 2293 818 2315 esse
837 2283 912 2314 aedi-

250 2332 389 2368 ficatum,
412 2332 479 2374 ipso
503 2332 596 2371 vivo3
626 2332 710 2374 quod
738 2343 912 2374 repugnare

250 2381 373 2411 videtur
396 2382 524 2412 Sueton.
540 2380 572 2412 in
587 2381 671 2423 Aug.
687 2392 714 2412 c.
730 2382 782 2412 52.
827 2381 912 2419 Quid

249 2429 275 2460 si
298 2432 388 2461 cedem
411 2431 576 2462 Carmentae
601 2431 825 2472 intelligamus,
842 2441 911 2472 quae

250 2479 369 2510 Graecis
402 2480 516 2511 Themis
545 2480 642 2516 dicta,
672 2486 749 2511 teste
780 2480 911 2521 Dionys.

250 2528 353 2560 Italic.
368 2528 437 2560 libr.
452 2529 473 2560 i.
498 2540 593 2571 quam
618 2529 718 2560 aedem
737 2529 912 2571 Augustus,

249 2582 284 2608 ut
303 2578 399 2609 ferme
420 2589 527 2610 omnes
551 2579 639 2616 alias,
662 2579 824 2610 refecerit?
848 2579 913 2610 Sita

249 2631 355 2657 autem
380 2627 439 2658 fuit
464 2627 503 2658 ad
526 2633 645 2670 portam
668 2628 912 2665 Carmentalem,

249 2675 300 2706 cui
325 2675 466 2718 proxima
489 2683 555 2708 erat
581 2683 671 2719 porta
691 2676 913 2720 Triumphalis,

250 2735 304 2766 per
333 2735 426 2766 quam
450 2726 584 2767 peractis
618 2725 666 2758 his
691 2726 785 2758 sacris
812 2726 912 2768 ingre-

1570 1135 1635 1180 40

977 1296 1126 1328 diendum
1141 1296 1200 1328 suit
1214 1294 1464 1338 triumphatori.''
1490 1294 1638 1325 HAnrr-:s-

979 1347 1131 1378 Parentis.
1162 1346 1339 1387 Augustum
1356 1344 1519 1375 vitricum:
1544 1354 1638 1386 quem

976 1402 1097 1438 patrem
1123 1395 1273 1438 adpellat,
1295 1405 1349 1437 per
1373 1393 1584 1436 adoptionem,
1608 1399 1640 1425 et

977 1445 1099 1476 Liviam
1113 1451 1243 1476 matrem
1259 1444 1413 1485 designat.

1020 1496 1072 1526 36.
1103 1496 1187 1525 Rasis
1211 1493 1348 1534 roratis]
1376 1492 1470 1524 Rosis
1494 1502 1560 1524 rore
1583 1491 1639 1524 ad-

977 1544 1100 1586 spersis,
1116 1549 1148 1575 et
1173 1543 1361 1579 recentibus,
1377 1547 1431 1573 aut
1449 1551 1541 1573 mane
1567 1551 1639 1572 cum

978 1603 1043 1624 rore
1059 1592 1210 1624 collectis.

1021 1643 1074 1674 37.
1090 1643 1236 1673 Protinus
1256 1647 1392 1682 argento,
1412 1640 1487 1681 δὶα]
1512 1641 1642 1672 Portata

978 1698 1061 1728 sunt,
1082 1692 1195 1733 inquit,
1215 1691 1254 1722 de
1276 1700 1360 1721 more
1384 1690 1417 1721 in
1438 1700 1476 1720 ea
1497 1690 1641 1720 ovatione

978 1741 1134 1784 triumpho
1158 1740 1264 1777 simili,
1290 1739 1406 1782 oppida
1433 1749 1472 1770 ex
1502 1744 1641 1780 argento,

979 1790 1019 1821 ad
1034 1790 1271 1821 similitudinem
1291 1793 1452 1830 captarum
1466 1787 1641 1824 civitatum,

977 1851 1040 1872 una
1063 1851 1135 1871 cum
1156 1840 1230 1872 viris
1256 1838 1409 1881 superatis
1433 1838 1472 1869 ab
1499 1838 1566 1880 ipso
1587 1837 1641 1869 Ti-

977 1889 1076 1920 herio.

1026 1937 1140 1978 Veros]
1175 1939 1348 1969 Burmann.
1384 1935 1514 1967 retinuit
1549 1946 1642 1972 veros,

979 1997 1049 2018 cum
1066 1986 1142 2028 quia
1157 1997 1218 2017 non
1233 1991 1334 2028 putat,
1350 1985 1383 2016 in
1399 1985 1525 2016 ferculis
1539 1994 1643 2016 muros

979 2047 1101 2068 eversos
1122 2035 1289 2071 exhibitos,
1307 2040 1390 2066 certe
1414 2044 1588 2076 numquam
1610 2033 1643 2064 id

979 2086 1066 2128 legit,
1084 2092 1150 2117 tum
1174 2086 1250 2127 quia
1272 2085 1402 2116 verbum
1428 2086 1543 2114 imitari
1563 2094 1644 2114 veros

979 2136 1136 2177 postulare
1152 2135 1286 2166 videtur.
1317 2133 1379 2165 Sed
1393 2133 1476 2164 enim
1491 2144 1560 2165 voc.
1576 2144 1641 2164 ver-

978 2196 1021 2215 sos
1050 2190 1194 2226 argutum
1222 2189 1254 2215 et
1278 2183 1370 2214 valde
1399 2183 1552 2214 blandum
1576 2188 1643 2221 θεὶς

979 2234 1113 2264 breviter
1143 2233 1252 2264 laudat
1275 2233 1422 2264 virtutem
1452 2237 1483 2262 et
1509 2232 1641 2273 gloriam

980 2282 1140 2318 bellicam,
1164 2288 1258 2324 atque
1281 2282 1327 2312 illi
1350 2280 1442 2317 muri,
1475 2291 1553 2322 quos
1576 2290 1643 2311 ver-

981 2336 1061 2362 terat
1077 2331 1230 2368 Tiberius,
1250 2331 1283 2362 in
1308 2330 1433 2362 ferculis
1456 2329 1567 2371 integri
1589 2340 1642 2361 ex-

979 2381 1080 2412 hiberi
1096 2386 1250 2423 poterant.
1288 2381 1438 2411 HAnLns.

1024 2432 1076 2461 40.
1095 2431 1212 2471 Arma]
1232 2430 1373 2472 Proprie,
1392 2440 1462 2471 quae
1482 2429 1521 2460 ab
1537 2430 1641 2465 armis,

979 2480 1011 2511 h.
1033 2490 1062 2511 e.
1086 2480 1221 2511 humeris
1248 2479 1450 2522 dependent;
1484 2479 1544 2509 tela
1573 2478 1642 2520 qui-

979 2530 1038 2561 bus
1057 2529 1163 2572 procul
1181 2536 1347 2571 pugnatur.
1385 2527 1557 2565 Fabricius,
1573 2526 1644 2558 talis

980 2585 1090 2615 strueS,
1106 2579 1161 2615 ait,
1177 2586 1225 2610 est
1248 2579 1279 2609 in
1295 2579 1376 2609 hanc
1391 2577 1474 2608 diem
1491 2577 1522 2608 in
1537 2582 1643 2608 monte

980 2628 1157 2670 Esquilino,
1181 2628 1231 2659 cui
1255 2627 1400 2670 imposita
1417 2627 1454 2658 C.
1470 2626 1565 2657 Marii
1581 2631 1642 2656 tro-

980 2677 1086 2720 phaea:
1104 2677 1177 2709 talis
1196 2677 1299 2708 efficta
1321 2676 1456 2708 cernitur
1470 2675 1502 2706 in
1517 2685 1643 2706 nummo

981 2726 1117 2767 quodam
1133 2726 1267 2768 Augusti
1284 2725 1428 2758 Caesaris.
1467 2725 1614 2755 Hinuzs.
