1760 3172
374 169 683 211 TRISTIUM
716 168 835 209 LIB.
872 167 962 209 III.
998 168 1176 210 ELEG.
1210 168 1345 209 VIII.

1473 166 1557 209 245

585 339 936 387 ELEGIA
993 339 1141 386 VIII.

168 447 330 494 NUNC
349 463 441 510 ego
452 446 744 511 Triptolemi
761 461 997 510 cuperem
1012 445 1350 492 conscendere
1365 459 1554 499 currus,

234 523 377 571 Misit
401 524 450 571 in
476 523 696 586 ignotam
721 523 809 593 qui
835 522 956 569 rude
982 537 1152 569 semen
1177 522 1383 567 humum
1404 537 1412 567 :
1593 518 1599 529 ³

166 601 213 648 N
217 618 313 648 unc
340 617 432 664 ego
458 601 656 648 Medeae
682 601 860 648 vellem
885 601 1091 650 fraenare
1116 600 1373 652 dracones

231 678 369 733 Quos
396 679 569 726 habuit
593 678 788 741 fugiens
814 694 944 734 arce,
974 677 1230 733 Corinthe,
1258 683 1345 723 tua
1367 693 1376 723 :

166 755 313 804 Nunc
342 773 433 819 ego
452 757 717 819 jactandas
743 763 969 824 optarem
995 771 1190 802 sumere
1216 770 1423 818 pennaS,
1529 756 1557 799 5

235 833 350 881 Sive
374 840 501 890 tuas,
531 833 720 880 Persen
739 825 1016 903 ;31³Daedale,
1044 831 1147 879 sive
1172 838 1311 887 tuas;

170 909 255 967 Ut,
282 918 455 958 tenera
479 909 661 957 nostris
686 910 896 958 cedente
920 908 1167 956 volatibus
1194 924 1329 964 aura,

231 988 562 1052 Adspicerem
589 988 761 1052 patriae
786 988 933 1034 dulce
959 993 1164 1050 repente
1190 986 1366 1041 solum,

166 1064 495 1128 Desertaeque
521 1065 698 1112 domus
724 1065 932 1120 vultum,
961 1079 1308 1126 memoresque
1335 1063 1548 1117 sodales,

232 1142 464 1206 Caraque
489 1142 741 1206 praecipue
767 1142 995 1205 conjugis
1021 1157 1106 1188 ora
1130 1157 1271 1188 meae.
1500 1144 1557 1186 lO

167 1219 349 1276 Stulte,
378 1220 500 1283 quid
524 1237 552 1267 o
577 1220 761 1267 frustra
782 1219 908 1267 votis
935 1218 1212 1283 puerilibus
1238 1225 1400 1281 optas,

233 1296 358 1351 Quae
384 1314 482 1344 non
506 1297 609 1344 ulla
632 1297 721 1344 tibi
746 1296 941 1360 fertque
967 1296 1194 1359 feretque
1221 1295 1363 1342 dies?

168 1374 222 1421 Si
249 1376 403 1422 semel
427 1375 701 1439 optandum
727 1381 821 1431 est,
847 1374 1132 1436 Augustum
1158 1388 1341 1420 numen
1368 1372 1533 1428 adora,

234 1451 299 1499 Et
323 1468 475 1516 quem
501 1452 717 1507 sensisti,
746 1451 837 1499 rite
863 1467 1084 1515 precare,
1115 1450 1298 1497 Deum.

168 1528 260 1576 Ille
284 1529 375 1577 tibi
401 1546 696 1594 pennasque
721 1536 890 1594 potest
914 1543 1191 1591 currusque
1216 1527 1440 1573 volucres
1500 1528 1557 1572 15

230 1606 499 1676 Tradere3
488 1598 602 1662 sdet
626 1608 856 1665 reditum,
886 1607 1109 1671 protinus
1133 1606 1236 1652 ales
1261 1604 1374 1652 eris.

167 1683 220 1730 Si
246 1700 420 1747 precer
439 1685 564 1741 haee,
588 1701 752 1748 neque
774 1684 906 1732 enim
928 1683 1115 1747 possim
1141 1683 1331 1744 majora
1349 1682 1555 1745 precari,

233 1760 312 1808 Ne
337 1777 450 1808 mea
474 1761 572 1807 sint
597 1762 750 1808 timeo
774 1768 889 1808 vota
913 1760 1140 1807 modesta
1164 1775 1356 1822 parum.

212 1923 239 1953 l.
265 1921 437 1961 Triptolemi
460 1922 596 1962 currus]
625 1922 758 1953 Currum
779 1922 825 1951 in-

166 1971 290 2012 telligit,
302 1981 396 2013 quem
409 1981 427 2002 a
442 1971 556 2001 Cerere
571 1970 694 2012 accepit
705 1971 827 2012 Tripto-

164 2021 282 2051 lemus:
307 2020 447 2051 fabulam
463 2020 557 2050 refert
571 2021 716 2051 Lactant.
733 2019 827 2050 Ovid.

165 2071 197 2100 in
226 2071 358 2101 Metam.
386 2074 417 2100 et
452 2069 484 2100 in
514 2075 625 2111 quarto
655 2070 828 2100 Fastorum.

166 2120 261 2150 Mna.
303 2119 504 2150 Conscendere
519 2130 641 2150 currus.
661 2120 827 2150 Consistere

166 2180 263 2200 curru
284 2169 376 2212 prim.
396 2169 501 2199 Palat.
523 2168 613 2210 prim.
629 2169 776 2200 Vatican.
796 2174 828 2199 et

166 2229 247 2249 unus
271 2218 460 2249 Mediceus:
494 2217 589 2249 etiam
617 2218 721 2259 probe.
773 2218 827 2248 Se-

167 2268 275 2309 quenti
309 2279 410 2304 versu,
439 2279 495 2310 pro
527 2270 661 2310 ignotam
695 2268 827 2303 humum,

167 2316 374 2348 Richelianus
388 2319 540 2359 ignaram.
585 2317 703 2348 HnrNs.

211 2367 242 2396 2.
267 2365 307 2396 Ιη
332 2368 465 2408 ignotam
492 2366 646 2406 humum]
685 2367 829 2407 Ignotam

168 2414 290 2451 semini,
305 2415 378 2456 quia
395 2426 553 2457 nunquam
575 2420 738 2456 expertum
762 2420 828 2445 erat

167 2470 292 2495 terram.
337 2465 442 2495 Pom.

211 2515 242 2544 3.
267 2514 419 2544 Dracones
447 2513 584 2553 Medeon]
609 2513 737 2549 Medea,
761 2519 830 2555 post.

168 2563 265 2595 Peliae
278 2574 399 2597 necem,
411 2562 520 2594 fraude
533 2562 701 2599 interemti,
713 2562 830 2605 junctis

169 2613 271 2644 currui
305 2612 493 2643 draconibus
530 2612 662 2653 aufugit,
691 2612 744 2643 lib.
774 2612 828 2642 vii.

169 2662 379 2704 Metamorph.

216 2713 264 2742 12.
283 2712 379 2751 Tibi]
401 2710 613 2741 Retinendum
631 2720 742 2741 censeo
759 2721 829 2739 oum

896 1921 1078 1951 Burmanno
1095 1932 1102 1958 3
1128 1918 1277 1949 Heinsius
1299 1923 1408 1949 contra
1429 1918 1558 1959 rescrip-

894 1976 976 2001 serat
1006 1971 1078 2000 tulit
1097 1983 1104 1999 :
1139 1975 1170 2000 at
1206 1968 1272 1999 dies
1308 1968 1478 2009 aliquando
1511 1974 1558 1999 tu-

895 2019 942 2056 lit,
966 2025 1001 2050 ut
1030 2019 1150 2050 videret
1177 2019 1342 2060 conjugem
1371 2023 1402 2048 et
1427 2018 1559 2049 sodales.

897 2069 1043 2099 HARLES.

943 2119 991 2149 13.
1026 2117 1229 2159 Augustum]
1264 2117 1310 2147 Ex
1342 2116 1506 2147 Hafniensi
1532 2124 1561 2146 et

896 2167 1088 2198 Medouiano
1115 2167 1195 2197 bene
1216 2165 1374 2207 rescripsit
1401 2164 1562 2200 Heinsius,

898 2222 931 2248 ut
950 2227 967 2248 e
986 2217 1087 2247 Ponto
1103 2215 1145 2246 iv.
1162 2216 1193 2245 6.
1214 2216 1263 2245 10.
1279 2225 1351 2245 nam
1366 2214 1458 2255 vulgo
1478 2214 1562 2254 lege-

896 2267 989 2297 batur
1015 2266 1171 2307 Augusti3
1205 2264 1294 2305 isque
1325 2263 1433 2294 docuit
1455 2274 1561 2294 exem-

897 2315 968 2357 plis,
985 2314 1135 2345 Ovidium
1150 2313 1285 2344 scribere
1302 2312 1427 2342 solitum
1445 2312 1539 2342 fuisse
1554 2324 1559 2340 z

899 2366 1004 2406 Caput
1016 2364 1195 2404 Augustum
1207 2374 1214 2400 3
1238 2372 1350 2392 nomen
1363 2361 1561 2402 Augustum3

897 2414 974 2444 deus
1013 2412 1196 2453 Augustus3
1234 2412 1333 2442 forum
1372 2411 1562 2451 Augustum.

899 2464 1044 2493 Himmzs.

947 2513 995 2542 14.
1021 2511 1172 2551 Sensisci]
1200 2522 1229 2540 n.
1244 2510 1357 2540 iratum
1373 2514 1404 2540 et
1416 2509 1560 2540 exsilium

898 2562 955 2591 sibi
978 2561 1178 2601 irrogantem.
1203 2571 1231 2590 v.
1248 2570 1340 2602 supra
1362 2558 1415 2589 ad.
1436 2558 1469 2589 ii.
1488 2560 1562 2590 229.

899 2611 1011 2641 Melior
1028 2611 1093 2641 haec
1115 2616 1162 2640 est
1177 2610 1282 2645 lectio,
1299 2619 1393 2650 quam
1411 2610 1508 2639 Iaesisti
1523 2609 1562 2640 ab

902 2660 1030 2690 Heinsio
1046 2670 1082 2688 ex
1099 2658 1237 2700 quinque
1258 2659 1379 2699 scriptis
1395 2664 1563 2700 receptam.

901 2721 928 2738 v.
947 2710 1053 2739 Burm.
1100 2709 1249 2738 Hmms.

1036 2763 1059 2791 R
1080 2764 1097 2791 :3
