1760 3172
534 188 833 233 REMEDIA
864 187 1127 230 AMORIS.

1424 190 1507 231 121

115 308 263 363 Quod
288 308 330 355 si
353 323 440 355 vos
465 306 645 369 aliquis
670 304 920 352 conducet
942 318 1089 350 casus
1114 302 1164 349 in
1189 318 1360 359 unum,

181 384 357 432 Mente
381 398 571 431 memor
594 381 721 437 tota,
749 396 861 444 quae
886 379 1064 426 damus
1090 395 1242 435 arma,
1270 387 1402 427 tene.

117 462 263 510 Nunc
289 478 415 526 opus
441 468 519 509 est
543 459 721 507 armis:
762 459 859 514 hic,
886 457 916 504 ὀ
940 455 1227 513 fortissime,
1254 473 1440 520 pugna.

182 538 444 586 Vincenda
468 544 546 585 est
569 538 669 585 telo
694 534 1021 584 Penthesilea
1043 540 1147 581 tuo.

1416 536 1512 581 676

119 614 269 663 Nunc
292 615 385 663 tibi
410 614 589 670 rivalis,
617 630 748 661 nunc
775 614 955 660 durum
979 612 1147 668 limen,
1175 611 1390 659 amanti:

185 691 234 739 N
238 708 335 739 unc
359 691 538 738 mediis
565 691 779 738 subeant
803 689 941 736 irrita
962 689 1115 736 verba
1141 688 1281 735 Deis.

119 768 230 818 Nec
255 785 498 833 compone
524 784 710 823 comaS‚
739 766 858 830 quia
883 766 949 813 sis
973 772 1212 813 venturus
1238 765 1301 813 ad
1327 765 1490 812 illam:

188 845 296 894 Nec
322 853 441 908 toga
465 845 531 892 sit
556 845 671 892 laxo
697 842 1056 907 conspicienda
1080 842 1208 889 sinu.

1423 846 1520 890 680

128 923 284 970 Nulla
307 922 371 970 sit
394 929 450 970 ut
473 922 675 986 placeas
701 921 875 968 alienae
901 935 1021 966 cura
1044 919 1224 983 puellae
1246 936 1256 967 ε

189 999 219 1046 J
225 1016 305 1047 am
329 998 478 1047 facito
504 1015 532 1046 e
557 999 726 1046 multis
752 1014 852 1045 una
876 998 940 1044 sit
964 996 1048 1044 illa
1070 995 1179 1043 tibi.

132 1076 233 1123 Sed
259 1077 382 1139 quid
407 1076 659 1139 praecipue
684 1075 865 1123 nostris
887 1074 1149 1121 conatibus
1175 1073 1356 1129 obstet,

193 1152 441 1217 Eloquar3
483 1154 716 1217 exemplo
743 1168 997 1217 quemque
1022 1151 1236 1199 docente
1262 1167 1368 1198 suo.

129 1230 419 1278 Desinimus
444 1230 603 1286 tarde,
631 1230 751 1293 quia
776 1247 866 1277 nos
893 1245 1153 1293 speramus
1179 1228 1349 1276 amari.

1430 1230 1526 1274 685

195 1306 331 1354 Dum
360 1307 456 1354 sibi
483 1307 700 1370 quisque
726 1308 909 1371 placet,
937 1307 1142 1354 credula
1165 1307 1311 1353 turba
1337 1320 1525 1353 sumus.

129 1382 198 1430 At
220 1390 274 1430 tu
299 1399 392 1431 nec
417 1400 566 1431 voces
593 1384 741 1447 (quid
767 1384 900 1431 enim
924 1384 1148 1431 fallacius
1175 1383 1270 1429 illis
1288 1382 1329 1443 ἲ)

199 1461 380 1519 Crede,
407 1478 498 1509 nec
524 1468 738 1510 aeternos
766 1462 964 1527 pondus
989 1462 1174 1509 habere
1202 1459 1355 1507 Deos.

175 1650 250 1680 682.
273 1649 344 1680 Jam
355 1649 433 1692 face
455 1658 493 1682 ut
517 1662 531 1682 e
551 1653 655 1683 multis
675 1663 740 1682 una
762 1653 799 1682 sit

133 1699 189 1729 illa
215 1698 300 1738 tibi]
335 1699 477 1730 Scribam
504 1699 650 1738 libenter,
674 1701 802 1741 Jamque

124 1747 201 1789 face
216 1759 230 1778 e
244 1748 358 1779 multis.
403 1749 465 1780 Sed
486 1755 518 1780 et
539 1750 690 1791 superiori
713 1760 802 1781 versu

131 1808 196 1838 pro,
216 1797 314 1827 Nulla
329 1809 404 1828 cura
418 1798 556 1835 omnino,
575 1800 680 1830 Multa
695 1799 801 1841 legen-

133 1846 219 1882 dum,
235 1851 271 1876 ut
290 1845 385 1887 paulo
406 1854 479 1878 ante
500 1848 620 1879 monui.
646 1848 799 1890 quicquid

136 1894 206 1926 libri
221 1899 340 1926 veteres
354 1894 562 1926 dissentiunt:

177 1944 281 1974 Malta
295 1945 334 1974 sit
349 1951 382 1974 ut
396 1946 517 1984 placeas
531 1946 638 1976 alienae
651 1957 729 1977 cura
742 1957 801 1986 pn-

265 1993 341 2029 ellae‚

225 2041 354 2082 Jamque
365 2042 441 2084 face
456 2054 470 2073 e
485 2044 588 2074 multis
608 2044 665 2074 illa
685 2045 723 2074 sz't
743 2056 806 2074 una

271 2092 336 2121 tibi.

143 2138 200 2174 Eo,
207 2138 320 2180 inquit,
330 2151 436 2171 curam
448 2147 604 2177 converte,
613 2146 649 2172 ut
657 2141 710 2172 alii
721 2141 809 2183 puel-

143 2188 181 2218 1ae
196 2188 333 2230 placeas.
348 2195 445 2231 utque
460 2196 546 2221 tuam
570 2191 658 2221 illam
676 2201 736 2221 non
751 2190 810 2221 nisi

145 2236 225 2267 inter
239 2238 354 2269 multas
368 2249 463 2274 ames,
481 2250 519 2270 ne
535 2240 601 2270 sola
618 2250 727 2270 sensus
742 2245 812 2270 tuos

145 2292 288 2327 occupet.
318 2288 436 2318 HmNs.
466 2288 534 2329 Ego
549 2288 671 2319 nullum
686 2299 811 2319 sensum

145 2334 247 2371 video,
272 2335 297 2366 si
324 2335 531 2367 Heinsianam
560 2337 811 2368 emendationem

148 2394 325 2424 sequamur,
346 2390 378 2416 et
398 2386 584 2417 inconcinne
608 2386 777 2417 admodum
794 2397 812 2417 a

149 2433 257 2474 puella
269 2433 326 2465 illa
343 2434 456 2471 aliena,
472 2435 503 2465 in
520 2440 727 2477 pentametro,
744 2445 812 2466 ora-

148 2481 192 2513 tio
222 2483 261 2513 ad
290 2484 389 2520 illam,
414 2495 511 2525 quam
537 2485 611 2515 olim
642 2491 812 2521 amaverat,

151 2531 352 2568 convertitur,
367 2543 439 2563 cum
457 2534 494 2564 τὸ
511 2534 565 2564 illa
581 2533 620 2564 de
638 2533 747 2564 eadem
763 2533 813 2574 agi

151 2580 306 2611 ostendat.
328 2591 423 2622 quare
444 2582 615 2623 vulgatam,
638 2593 731 2623 quam
751 2593 816 2613 om-

151 2638 209 2659 nes
230 2629 355 2660 codices
373 2631 570 2668 confirmant,
593 2630 723 2667 retineo,
747 2642 817 2673 quae

151 2675 237 2708 hunc
263 2679 415 2720 optimum
435 2690 559 2710 sensum
579 2680 686 2711 habet.
709 2680 732 2711 si
753 2681 820 2711 ulla

146 2725 186 2757 sit
202 2726 258 2759 tibi
269 2738 344 2759 cura
353 2728 498 2770 placendi
510 2730 635 2771 puellae,
649 2741 745 2772 quam
753 2730 818 2772 jam

869 1661 930 1682 non
961 1660 1016 1692 pro
1042 1655 1107 1684 tua,
1130 1647 1186 1679 sed
1207 1658 1263 1690 pro
1289 1646 1393 1678 aliena
1419 1647 1535 1679 habere

868 1701 988 1738 debes3
1020 1700 1070 1730 fac
1098 1704 1134 1729 ut
1159 1697 1215 1728 illa
1239 1697 1281 1728 sit
1307 1697 1363 1727 tibi
1388 1708 1405 1728 e
1430 1698 1537 1729 multis

869 1760 946 1785 una,
969 1759 1071 1791 neque
1091 1748 1282 1790 praecipuam
1302 1752 1356 1777 aut
1378 1748 1535 1788 egregiam

870 1799 999 1830 habeas.
1023 1799 1123 1828 aliena
1141 1802 1199 1832 est,
1219 1796 1368 1831 alienata,
1386 1796 1435 1826 vel
1456 1802 1536 1827 tarn-

869 1859 964 1890 quam
985 1853 1146 1883 extranea,
1161 1852 1195 1876 ut
1209 1846 1321 1876 Teren.
1338 1844 1430 1876 Adel.
1446 1845 1490 1875 iii.
1504 1847 1535 1876 2.

869 1898 1031 1928 AEschz'nus
1049 1898 1167 1927 alienus
1186 1901 1227 1926 est
1247 1907 1263 1924 α
1288 1895 1538 1936 nostrafamilia.

871 1952 903 1977 et
924 1947 1041 1987 Hecyr.
1056 1945 1078 1976 i.
1093 1945 1126 1975 ii.
1143 1945 1229 1979 Quod
1251 1944 1331 1974 hunc
1349 1944 1481 1974 alienum
1502 1945 1538 1974 ab

871 2007 928 2026 sese
944 1997 1031 2026 vidit.
1055 2000 1161 2036 posset
1177 1999 1208 2024 et
1223 1993 1286 2034 legi
1302 2005 1308 2023 ε

918 2046 985 2075 Jam
995 2045 1071 2087 face
1086 2046 1121 2074 de
1137 2045 1240 2074 multis
1255 2054 1317 2073 unu
1333 2044 1371 2072 sit
1387 2043 1441 2072 illa
1456 2044 1519 2073 tibi.

877 2095 920 2125 Ut
935 2106 1015 2125 unus
1030 2096 1065 2124 de
1087 2095 1167 2124 'nobis
1187 2098 1218 2123 et
1232 2091 1357 2126 similia,
1373 2091 1412 2121 de
1428 2091 1542 2133 quibus

878 2143 942 2173 vid.
960 2143 1000 2174 ad
1021 2143 1146 2174 Petron.
1161 2142 1237 2171 xliv.
1283 2142 1400 2171 Bunm.

922 2192 996 2223 686.
1013 2192 1096 2221 Dum
1110 2193 1164 2221 sibi
1179 2192 1300 2231 quisque
1312 2189 1443 2230 placen]
1469 2189 1544 2219 Ma-

878 2241 920 2277 lo,
942 2243 1074 2281 placent.
1103 2240 1173 2277 vide
1197 2246 1286 2270 notas
1308 2240 1416 2270 Amor.
1437 2239 1493 2270 lib.
1510 2238 1544 2269 ii.

879 2290 930 2320 El.
949 2290 991 2321 xi.
1006 2300 1085 2321 vers.
1107 2291 1160 2320 21.
1203 2290 1323 2319 HnrNs.
1360 2289 1399 2318 In
1418 2289 1544 2319 Mente-

879 2339 963 2370 liano
979 2340 1160 2381 eratfavet:
1185 2338 1270 2379 quod
1288 2337 1338 2368 hic
1357 2338 1545 2379 praeferrein,

880 2399 942 2419 non
953 2388 1036 2419 enim
1046 2389 1097 2419 hic
1112 2388 1151 2418 de
1168 2388 1327 2424 superbia,
1341 2398 1411 2428 qure
1424 2387 1546 2429 proprie

881 2437 958 2467 facit
979 2443 1013 2467 ut
1038 2437 1096 2468 sibi
1120 2438 1268 2479 placeant
1291 2436 1441 2471 homines,
1466 2436 1547 2477 (vid.

882 2486 921 2516 ad
945 2486 1073 2516 Petron.
1097 2486 1193 2521 xliv.)
1220 2485 1273 2516 sed
1295 2485 1333 2515 de
1349 2495 1395 2521 eo,
1413 2484 1467 2526 qui
1490 2485 1548 2516 sibi

882 2535 1053 2571 blanditur,
1071 2546 1214 2566 caussam
1230 2545 1317 2565 suam
1333 2534 1399 2576 ipse
1413 2534 1488 2576 agit.
1504 2535 1548 2566 sic

884 2595 968 2626 supr.
986 2585 1038 2614 74.

934 2633 1077 2663 Vindictae
1092 2632 1323 2674 quzsquefacete
1336 2643 1404 2664 surr.

886 2683 927 2712 Et
956 2693 1037 2712 mOX.
1065 2682 1138 2712 695.
1166 2684 1225 2722 ipse
1243 2682 1377 2724 favebit,
1401 2695 1469 2714 cum
1498 2686 1551 2716 sibi

888 2731 1073 2763 Bersmanni
1089 2730 1194 2763 editio.
1240 2732 1357 2763 Bunm.
