1760 3172
159 182 245 223 294

549 180 601 222 Ρ.
635 178 849 222 OVIDII
899 179 1181 221 NASONIS

164 296 288 344 Haec
314 312 407 359 ego
433 302 615 343 cuncta
638 295 792 359 priUS,
811 311 963 358 quam
983 302 1050 351 te,
1069 295 1342 352 carissime,
1360 295 1560 343 credam

232 373 487 421 Mutatum
513 388 682 420 curam
708 373 1005 436 deposuisse
1031 373 1146 420 mei.
1498 377 1562 420 20

165 450 418 498 Innumeri
445 456 639 497 montes
666 449 794 496 inter
820 465 898 496 me
924 456 1094 512 teque,
1122 449 1332 512 viaeque,

230 528 578 591 Fluminaque,
600 535 650 574 et
674 527 856 590 campi,
886 543 976 574 nec
1002 527 1128 574 freta
1149 542 1328 590 pauca,
1345 528 1535 589 jacent.

164 604 305 653 Mille
331 613 499 669 potest
523 605 704 660 causis,
733 620 762 651 a
786 612 835 652 te
862 621 975 667 quae
1001 604 1145 651 litera
1171 620 1307 667 saepe
1538 606 1572 628 ³”

233 682 394 729 Missa
420 682 502 737 sit,
526 676 578 728 in
605 688 800 728 nostras
826 682 964 728 nulla
987 681 1153 728 venire
1178 696 1370 727 manus.

166 759 307 807 Mille
329 758 498 807 tamen
523 774 700 806 causas
727 758 993 806 scribendo
1014 758 1156 805 vince
1178 757 1479 820 frequenter,
1497 759 1560 804 25

234 837 486 884 Excusem
514 854 574 913 ne
601 845 650 883 te
676 852 891 900 semper,
920 836 1095 890 amice,
1124 835 1260 882 mihi.

1518 821 1610 878 ‚34ss

614 1159 916 1207 ELEGIA

966 1159 1116 1206 VIII.

161 1309 229 1355 JA
242 1326 279 1355 M
308 1326 419 1356 mea
443 1326 659 1374 cycneas
687 1310 945 1358 imitantur
969 1317 1198 1374 tempora
1219 1310 1431 1373 plumas,

232 1385 397 1433 Inficit
422 1395 472 1434 et
496 1387 663 1450 nigras
689 1403 814 1435 cana
840 1394 1046 1435 senecta
1070 1403 1268 1435 comas:

162 1463 275 1510 Jam
303 1464 522 1511 subeunt
548 1464 663 1511 anni
688 1465 905 1528 fragiles,
933 1473 984 1514 et
1007 1466 1209 1513 inertior
1234 1473 1354 1512 aetas
1378 1483 1388 1521 ;

228 1540 446 1604 Jamque
472 1557 649 1605 parum
674 1542 814 1589 firmo
842 1559 920 1591 me
946 1543 1066 1589 mihi
1093 1542 1219 1591 ferre
1244 1558 1392 1605 grave
1418 1549 1510 1589 est.

162 1617 208 1664 N
215 1635 310 1665 unc
337 1625 458 1674 erat,
486 1626 541 1666 ut
565 1620 728 1683 posito
753 1620 990 1668 deberem
1011 1621 1109 1668 fine
1134 1621 1360 1668 laborum
1531 1637 1560 1666 o

1534 1622 1558 1644 t.

227 1695 424 1751 Vivere,
453 1713 533 1744 me
560 1698 694 1744 nullo
722 1698 1024 1746 sollicitante
1051 1705 1216 1755 metu3

161 1772 391 1836 Quaeque
419 1789 540 1820 meae
564 1791 762 1838 semper
787 1771 1083 1838 placuerunt
1108 1775 1211 1822 otia
1235 1775 1405 1830 menti,

229 1851 464 1915 Carpere,
493 1858 543 1898 et
568 1852 617 1898 in
644 1853 822 1900 studiis
849 1853 1062 1901 molliter
1087 1868 1199 1901 esse
1224 1851 1377 1908 meis;

155 2047 232 2079 tore,
247 2043 390 2074 muliebri
406 2044 498 2079 facie,
515 2043 649 2085 pedibus
665 2055 702 2075 ac
722 2045 824 2075 cauda

155 2091 266 2128 leonis,
284 2092 396 2133 pennis
412 2098 515 2123 autem
530 2093 672 2124 volucris.
708 2095 825 2124 Ferunt

156 2141 329 2183 Sphingem
350 2141 443 2182 juxta
457 2142 582 2172 Thebas
601 2142 737 2184 aenigma
753 2143 824 2173 hos-

156 2191 274 2233 pitibus
303 2191 496 2232 proposuisse
510 2203 516 2220 ε
547 2191 632 2233 quod
664 2193 739 2223 satis
769 2203 823 2223 no-

155 2245 236 2271 tum.
292 2240 332 2270 Et
360 2240 528 2281 Harpyias.
561 2241 720 2272 Hesiodus
745 2242 824 2274 duas

155 2295 280 2320 tantum
295 2289 372 2320 dicit
385 2290 542 2333 Harpyias
555 2290 649 2322 fuisse
666 2302 703 2322 ex
715 2291 822 2322 Thau-

158 2345 264 2370 mante
287 2345 319 2370 et
334 2339 462 2370 Electra
477 2346 578 2377 natas,
595 2340 715 2372 scilicet
730 2340 824 2372 Aello

156 2394 188 2418 et
209 2389 391 2430 Ocypeten:
418 2389 543 2421 tertiam
570 2389 694 2421 addidit
718 2391 821 2426 Maro,

156 2437 306 2475 Celaeno;
338 2448 508 2480 earumque
537 2439 666 2471 formam
695 2440 739 2472 ita
768 2441 823 2472 de-

156 2486 274 2523 scribit,
294 2488 368 2518 )En.
381 2487 426 2518 iii.
439 2489 504 2519 216
518 2502 523 2519 :

205 2536 342 2578 Virginei
358 2538 513 2569 volucrum
534 2539 823 2581 vultus,jlrdissirna

243 2588 357 2616 ventris

202 2633 369 2671 Proluvies,
383 2647 524 2678 uncaeqne
537 2643 690 2673 manus,et
703 2639 820 2677 pallida

243 2693 354 2722 semper

202 2731 375 2772 Orasssme.

893 2046 1171 2087 Serpentigerosque
1190 2045 1348 2086 Gigantes.
1385 2043 1514 2086 Legitur
1528 2055 1560 2076 e-

893 2096 980 2131 tiam,
1007 2096 1290 2136 Serpentipedesque
1310 2094 1476 2136 Gigantes:
1500 2095 1560 2126 hoc

892 2152 950 2181 est,
973 2145 1139 2186 Gigantes,
1165 2154 1298 2186 quorum
1323 2143 1419 2185 pedes
1443 2144 1476 2174 in
1498 2154 1560 2175 ser-

893 2201 1024 2236 pentum
1035 2194 1194 2225 volumina
1203 2193 1402 2224 desinebant.
1427 2193 1477 2225 De
1491 2194 1560 2236 qui-

892 2245 951 2275 bus
966 2244 1111 2274 Macrob.
1123 2244 1248 2274 Saturn.
1263 2242 1317 2273 lib.
1328 2242 1349 2273 i.
1386 2242 1505 2274 Hfflxs.

940 2294 988 2323 18.
1007 2292 1276 2332 Centimanumque
1293 2291 1431 2333 Gygen]
1449 2291 1559 2332 Gyges

892 2343 1035 2383 (auctore
1051 2340 1208 2380 Hesiodo)
1223 2341 1306 2371 Coeli
1322 2347 1354 2371 et
1364 2341 1467 2371 Terrae
1479 2341 1562 2372 filius

892 2391 960 2427 suit,
981 2390 1138 2432 fraterque
1164 2391 1286 2421 Briarei
1307 2396 1338 2421 et
1361 2390 1460 2426 Cotti,
1482 2401 1559 2432 quo-

890 2451 959 2471 rum
974 2439 1113 2481 singulos
1128 2446 1257 2470 centum
1279 2450 1391 2470 manus
1412 2439 1558 2471 habuisse

891 2489 981 2526 dixit,
1010 2496 1042 2520 et
1075 2489 1181 2531 capita
1211 2489 1454 2531 quinquaginta.
1514 2489 1557 2519 Hi

894 2539 1015 2569 Titanes
1035 2538 1112 2569 dicti
1134 2545 1217 2575 sunt,
1234 2550 1271 2570 ac
1292 2539 1465 2570 decennale
1491 2539 1558 2570 bel-

892 2588 956 2619 lum
971 2599 1044 2619 cum
1059 2588 1185 2619 Saturni
1199 2589 1270 2619 filiis
1287 2594 1463 2629 gesserunt.
1502 2588 1556 2619 Se·

891 2640 1086 2678 mihouemqne
1111 2640 1219 2669 virum.
1264 2637 1481 2668 Minotaumm
1503 2637 1557 2669 de—

892 2693 989 2724 notat,
1006 2693 1117 2718 natura
1137 2687 1256 2730 duplici
1273 2700 1278 2717 z
1304 2698 1376 2718 nam
1396 2697 1493 2728 usque
1516 2687 1555 2718 ad

892 2736 1035 2768 humeros
1052 2743 1168 2773 taurus,
1182 2743 1295 2768 caetera
1312 2736 1403 2767 homo
1417 2735 1486 2767 suit.
