1760 3172
205 183 290 224 402

590 179 640 219 P.
679 177 891 219 OVIDII
927 177 1205 218 NASONIS

209 297 301 344 Est
316 311 426 344 mea
439 295 588 357 culpa
602 293 778 356 gravis,
792 292 878 339 sed
897 307 1008 355 quae
1025 307 1104 339 me
1119 292 1326 356 perdere
1343 292 1501 338 solum
1530 294 1585 338 15

274 374 412 420 Ausa
435 372 592 431 sitset
617 370 805 417 nullum
832 371 991 431 majus
1018 370 1191 416 adorta
1214 368 1368 416 nefas.

210 451 309 506 Nil,
328 450 421 496 nisi
443 434 541 495 non
563 447 761 511 sapiens
787 462 989 510 possum
1015 446 1319 508 timidusque
1344 445 1503 492 vocari
1525 462 1533 492 :

275 526 398 574 Haec
423 526 521 572 duo
547 531 662 571 sunt
686 523 834 570 animi
861 522 1060 570 nomina
1084 538 1197 570 vera
1221 523 1334 569 mei.

209 604 335 652 Esse
360 603 562 666 quidem
589 601 762 656 fateor,
790 600 1015 648 meritam
1041 607 1154 664 post
1177 600 1389 647 Caesaris
1415 599 1552 653 iram,

275 680 539 728 Difficilem
563 677 795 743 precibus
822 684 872 725 te
897 693 1099 741 quoque
1118 678 1230 740 jure
1255 677 1394 724 meis.

1523 679 1587 722 20

208 757 434 821 Quaeque
459 764 545 803 tua
569 762 646 803 est
670 754 830 818 pietas
856 755 906 801 in
930 761 1088 802 totum
1114 771 1293 802 nomen
1319 754 1432 810 Iuli,

273 834 344 882 Te
369 834 498 889 laedi,
527 849 681 896 quum
707 833 818 895 quis
847 832 1042 880 laeditur
1067 833 1197 887 inde,
1224 840 1387 896 putaS.

209 911 310 959 Sed
334 911 453 958 licet
477 925 612 958 arma
635 909 779 964 feraS‚
808 916 858 956 et
879 909 1083 957 vulnera
1107 925 1236 956 saeva
1259 909 1475 964 mineriS,

274 988 388 1036 Non
414 995 581 1035 tamen
606 986 805 1041 efficies,
832 993 888 1032 ut
911 986 1115 1034 timeare
1140 986 1275 1033 mihi.

205 1065 395 1130 Puppis
421 1064 807 1113 Achaemeniden
835 1064 1041 1111 Graium
1066 1063 1280 1127 Trojana
1303 1063 1518 1128 recepit;

273 1142 465 1190 Profuit
489 1149 539 1190 et
565 1141 715 1206 Myso
741 1140 907 1188 Pelias
933 1142 1077 1189 hasta
1100 1141 1231 1189 duci.
1525 1143 1587 1187 26

209 1219 447 1282 Confugit
472 1218 717 1266 interdum
743 1218 915 1282 templi
939 1218 1147 1266 violator
1171 1219 1234 1266 ad
1259 1235 1409 1274 aram,

273 1296 382 1344 Nec
408 1303 577 1360 petere
601 1294 776 1343 offensi
801 1295 1016 1342 numinis
1041 1296 1208 1343 horret
1228 1313 1390 1359 opem.

208 1373 404 1421 Dixerit
427 1374 520 1420 hoc
546 1373 723 1436 aliquis
750 1380 912 1420 tutum
938 1389 1035 1420 non
1061 1389 1171 1421 esse
1193 1392 1203 1432 ;
1245 1373 1471 1430 fatemur,

278 1450 379 1499 Sed
404 1467 503 1497 non
528 1467 616 1514 per
640 1450 862 1515 placidas
887 1450 925 1497 it
948 1466 1060 1497 mea
1083 1451 1264 1514 puppis
1290 1466 1463 1514 aquas.
1524 1454 1588 1497 30

205 1527 336 1576 Tuta
360 1535 534 1592 petant
558 1528 638 1575 alii
661 1545 670 1576 :
710 1527 904 1575 fortuna
928 1528 1203 1575 miserrima
1226 1535 1334 1575 tuta
1359 1535 1435 1574 est
1456 1546 1465 1583 ;

272 1605 404 1653 Nam
428 1606 573 1653 timor
596 1613 802 1653 eventus
827 1605 1084 1654 deterioris
1111 1606 1270 1652 abest.

248 1750 297 1780 15.
314 1748 370 1779 Sed
388 1760 450 1788 quae
470 1759 514 1778 me
531 1750 653 1788 perdere
668 1749 760 1779 solum
778 1750 859 1780 Ausa

201 1797 266 1837 sic.]
298 1797 360 1828 Sed
385 1797 469 1839 quod
495 1797 610 1828 crimen
636 1796 712 1828 mihi
739 1803 860 1828 tantum

203 1846 353 1883 nocuerit,
375 1857 436 1877 non
460 1847 540 1877 aliis.
589 1846 673 1877 Nam
699 1857 768 1888 quae
791 1847 860 1878 aliis

202 1902 326 1933 nocent,
356 1896 474 1938 majora
499 1901 570 1927 sunt
599 1896 738 1932 crimina,
766 1907 859 1938 quam

202 1956 241 1976 ea
251 1956 321 1987 quae
337 1946 395 1976 sibi
412 1952 545 1976 tantum.
575 1947 621 1976 Ex
634 1956 696 1987 quo
706 1945 859 1987 designat,

202 2000 238 2025 ut
252 1994 366 2036 saepius
381 1994 470 2030 dixit,
488 2000 653 2036 peccatum
675 2005 765 2026 suum
780 2006 861 2026 erro-

204 2053 268 2073 rem
280 2043 384 2085 potius
398 2043 577 2079 dicendum,
594 2050 625 2074 et
641 2043 711 2074 ideo
732 2044 861 2085 dignum

203 2092 304 2123 venia.

250 2142 299 2172 18.
318 2141 389 2172 Hoec
404 2143 463 2172 duo
479 2141 627 2182 nomina]
655 2142 864 2184 Imprudentis

205 2189 325 2221 scilicet
340 2195 372 2220 et
387 2190 501 2221 timidi,

247 2240 299 2270 21.
313 2240 350 2270 Ιη
366 2246 459 2270 totum
472 2251 577 2270 nomen
595 2239 690 2280 Iuli.]
710 2240 747 2270 In
758 2250 864 2271 omnes

205 2299 242 2319 cx
259 2294 353 2329 gente
367 2289 464 2320 Julia.

247 2338 299 2368 23.
329 2338 531 2379 Verpoorten,
569 2337 702 2373 adludit,
739 2337 793 2373 ait,
823 2348 861 2368 ex

204 2395 288 2416 more
309 2386 348 2417 ad
370 2386 512 2417 militiam
532 2385 707 2422 Messalini,
723 2386 776 2428 qui
796 2392 862 2417 tum

206 2435 374 2466 Dalmatiae
395 2440 426 2466 et
441 2436 587 2466 Panoniae
611 2435 787 2477 praefectus,
803 2436 863 2466 for-

206 2489 269 2514 tem
294 2484 326 2515 in
347 2485 428 2516 bello
447 2495 570 2526 operam
591 2485 707 2516 Caesari
729 2495 862 2516 navave—

207 2538 268 2571 rat,
287 2539 320 2564 et
333 2533 377 2564 sic
393 2533 424 2564 in
438 2535 530 2565 armis
545 2540 620 2564 erat.
657 2535 806 2566 HAnLEs.

248 2583 300 2612 25.
314 2583 457 2623 Acharna]
480 2583 592 2614 Comes
610 2583 722 2620 Ulixis,
743 2584 781 2614 ab
806 2583 864 2614 hoc

206 2630 238 2660 in
253 2630 357 2662 Sicilia
373 2632 508 2667 relictus,
524 2638 630 2674 postea
644 2633 683 2662 ab
701 2634 812 2668 AEnea,
828 2643 864 2663 eo

206 2679 359 2717 veniente,
375 2687 525 2723 receptuS.
561 2681 688 2713 Fundus
711 2687 757 2713 est
774 2683 861 2723 Virg-

207 2727 281 2758 AEn.
302 2728 345 2759 iii.
368 2730 441 2760 590.
457 2730 530 2761 614.
552 2741 599 2772 sq.
622 2730 662 2761 ad
687 2741 779 2772 quem
795 2742 861 2761 ver-

928 1758 996 1778 sum
1021 1749 1080 1779 cel.
1109 1749 1221 1789 Heyne
1255 1749 1410 1784 observat,
1443 1748 1589 1790 temporis

928 1796 1040 1827 rationi
1057 1796 1233 1835 adversari3
1259 1796 1385 1827 Ulixem
1408 1796 1491 1827 enim
1511 1797 1590 1827 inter

927 1845 1017 1876 initia
1033 1846 1142 1876 erroris
1163 1846 1211 1876 sui
1231 1845 1270 1876 ad
1287 1845 1443 1887 Cyclopas
1456 1845 1589 1883 venisse,

929 1901 961 1925 at
977 1895 1111 1926 AEneam
1126 1895 1224 1926 multo
1239 1894 1347 1926 serius.
1386 1895 1534 1926 HAnuzs.

971 1945 1024 1976 26.
1050 1944 1135 1984 Myso
1157 1944 1254 1984 duell]
1279 1944 1418 1985 Telepho
1436 1945 1500 1985 regi
1515 1945 1588 1987 My-

928 1995 992 2030 siae,
1009 1993 1175 2036 provinciae
1197 1993 1353 2034 Phrygiae,
1374 2003 1443 2034 quae
1465 1994 1590 2036 adjacet

928 2044 1132 2085 Hellesponto
1147 2056 1153 2073 :
1179 2043 1268 2084 cujus
1288 2042 1447 2073 historiam
1463 2044 1587 2075 abunde

928 2093 1063 2124 diximus
1078 2092 1110 2122 in
1125 2091 1223 2134 primo
1239 2092 1277 2123 de
1296 2092 1450 2123 Remedio
1466 2093 1589 2125 amoris.

971 2143 1024 2173 29.
1037 2142 1156 2172 Dixerit
1172 2143 1224 2172 hoc
1242 2141 1379 2182 aliquis]
1407 2142 1588 2184 Respondet

929 2191 1001 2222 huic
1025 2190 1201 2232 quaestioni.
1247 2191 1357 2221 Posset
1375 2191 1457 2221 enim
1477 2191 1590 2233 aliquis

929 2240 1050 2271 dicere:
1084 2238 1235 2281 exemplis
1259 2239 1381 2280 probas,
1405 2245 1508 2281 poeta,
1531 2241 1590 2271 mi-

931 2290 1012 2320 nime
1042 2288 1215 2320 timendum
1243 2298 1310 2319 esse
1342 2288 1493 2319 offensum
1520 2289 1589 2320 Au-

929 2340 1010 2379 gusti
1047 2348 1161 2369 numen
1179 2350 1184 2367 :
1224 2348 1281 2378 ego
1317 2348 1389 2368 vero
1425 2338 1587 2370 consilium

929 2394 1015 2419 tuum
1039 2398 1149 2418 censeo
1171 2398 1231 2417 non
1254 2398 1320 2418 esse
1340 2393 1450 2423 tutum,
1472 2388 1511 2418 al»
1531 2388 1588 2418 iui-

930 2436 1009 2467 mico
1028 2437 1159 2467 salutem
1180 2442 1211 2467 et
1233 2436 1317 2467 bona
1333 2441 1451 2478 petere.
1495 2438 1587 2474 Quod

930 2493 960 2517 et
976 2487 1091 2517 fatetur
1107 2485 1261 2516 Ovidius:
1285 2486 1339 2516 sed
1353 2485 1454 2522 addit,
1473 2497 1505 2517 se
1519 2487 1587 2528 cogi

931 2535 1019 2577 quasi
1049 2546 1103 2578 per
1133 2541 1362 2577 tempestatem,
1390 2535 1422 2565 in
1448 2536 1589 2577 quemvis

930 2591 1051 2626 portum
1067 2585 1244 2625 confugere.
1289 2584 1393 2615 ΡοΝΤ.

973 2635 1024 2664 31.
1052 2634 1187 2664 Fortuna
1208 2635 1383 2669 miserrima,
1402 2634 1478 2674 δια]
1505 2635 1587 2671 Quia

929 2682 1005 2713 nihil
1036 2682 1163 2713 miseriae
1192 2682 1342 2714 accedere
1369 2682 1407 2713 ad
1433 2693 1586 2714 summam

929 2738 1044 2772 potest:
1065 2743 1121 2763 nec
1135 2731 1217 2762 enim
1231 2742 1351 2762 sumnia
1366 2731 1454 2763 foret.
1485 2733 1586 2762 Pom.
