1760 3172
188 170 275 212 322
588 170 637 210 Ρ.
672 168 886 210 oVIDII
920 168 1202 210 NASONIS

191 286 347 347 Sique
369 285 503 348 quod
525 286 743 332 instabat
762 284 974 331 dominae
996 284 1275 331 miserabile
1297 283 1490 338 vulnuS‚
1525 285 1582 329 15

257 362 333 408 Sit
358 362 617 425 perfuncta
643 361 766 408 meis
793 368 992 423 tempus
1020 360 1068 406 in
1095 375 1240 406 omne
1265 361 1437 407 malis:

189 438 416 501 Quaeque
463 438 597 500 gravi
646 454 805 501 nuper
843 438 957 501 plus
998 453 1149 500 quam
1189 444 1426 500 quassata
1470 451 1581 499 pro-

387 515 513 562 cella
539 522 631 568 est,

255 590 402 645 Quod
428 598 672 654 superest,
700 597 864 636 tutum
890 605 978 652 per
1003 605 1137 637 mare
1164 590 1302 637 navis
1328 598 1423 637 eat.

192 667 283 713 Illa
306 668 472 723 domo,
501 675 721 729 nataque
747 683 852 721 sua,
874 666 1138 730 patriaque
1163 667 1382 714 fruatur:

259 744 447 808 Erepta
472 745 578 791 haec
605 744 689 791 uni
715 744 780 790 sit
805 743 926 791 satis
953 760 1065 791 esse
1090 744 1226 791 mihi.
1522 748 1586 790 20

189 820 449 874 Quatenus
475 829 526 869 et
551 838 648 868 non
674 828 752 868 est
776 821 825 866 in
852 837 966 867 caro
992 822 1205 883 conjuge
1232 820 1370 877 felix,

255 898 379 945 Pars
405 899 517 946 vitae
544 899 672 946 tristi
698 905 881 945 caetera
905 898 1038 945 nube
1062 906 1233 945 vacet:

187 974 351 1030 Vivat,
370 983 604 1038 ametque
620 976 793 1030 virum,
809 975 1046 1038 quoniam
1063 975 1134 1022 sic
1151 975 1362 1038 cogitur,
1376 975 1581 1031 absens;

255 1052 686 1116 Consummetque
714 1068 885 1110 annos,
914 1053 1002 1100 sed
1028 1053 1277 1108 diuturna,
1306 1069 1438 1100 suos.

187 1129 472 1192 Adjicerem
498 1138 548 1177 et
572 1138 794 1177 nostros:
836 1130 924 1177 sed
950 1146 1011 1177 ne
1038 1130 1272 1192 contagia
1294 1129 1383 1176 sati
1518 1131 1582 1175 25

257 1206 609 1270 Corrumpant,
637 1206 804 1262 timeo,
832 1223 959 1270 quos
986 1207 1088 1269 agit
1113 1207 1238 1270 ipsa,
1265 1206 1381 1254 mei.

192 1282 275 1329 Nil
301 1283 488 1330 homini
513 1290 705 1330 certum
733 1290 837 1340 est;
877 1284 982 1332 fieri
1009 1284 1120 1347 quis
1146 1301 1293 1348 posse
1320 1290 1535 1347 putaret,

257 1360 329 1407 Ut
352 1360 567 1409 facerem
593 1362 643 1408 in
669 1361 847 1409 mediis
874 1362 980 1409 haec
1008 1378 1100 1424 ego
1127 1377 1269 1409 sacra
1294 1361 1470 1408 Getis?

190 1436 427 1500 Adspice,
455 1445 510 1484 ut
535 1453 654 1485 aura
677 1445 846 1485 tamen
870 1437 1032 1485 fumos
1059 1455 1085 1485 e
1112 1445 1221 1485 ture
1246 1445 1443 1486 coortos

256 1513 314 1560 In
340 1521 507 1577 partes
534 1513 705 1571 Italas,
735 1522 785 1562 et
810 1515 922 1562 loca
946 1515 1125 1562 dextra
1148 1515 1289 1563 ferat.
1519 1517 1584 1561 30

192 1591 381 1638 Sensus
407 1591 538 1638 inest
561 1592 713 1654 igitur
738 1592 952 1648 nebulis,
982 1608 1107 1655 quas
1133 1592 1291 1654 exigit
1315 1592 1472 1655 ignis:

258 1667 538 1714 Consilium
563 1668 763 1731 fugiunt
788 1676 971 1716 caetera
996 1685 1139 1732 paene
1164 1685 1348 1716 meum.

191 1744 430 1801 Consilio,
459 1761 724 1793 commune
750 1762 946 1793 sacrum
972 1762 1127 1809 quum
1152 1746 1240 1792 fiat
1263 1746 1314 1792 in
1339 1762 1423 1793 ara

258 1820 529 1877 Fratribus,
557 1823 749 1870 alterna
773 1823 858 1885 qui
884 1823 1076 1886 periere
1102 1839 1268 1877 manu,

191 1897 310 1962 Ipsa
334 1898 427 1946 sibi
453 1899 660 1955 discors,
684 1908 924 1964 tanquam
950 1900 1212 1948 mandetur
1237 1901 1300 1947 ab
1322 1900 1434 1955 illis,
1519 1903 1583 1947 35

259 1976 515 2023 Scinditur
540 1977 589 2023 in
615 1985 781 2041 partes
808 1985 913 2025 atra
938 1977 1105 2025 favilla
1129 1977 1271 2024 duas.

233 2176 285 2205 21.
317 2176 499 2216 Quatenus]
538 2177 729 2218 Verpoorten
759 2176 854 2207 inter·
924 2177 1009 2208 bella
1022 2183 1094 2208 nota
1107 2183 1180 2208 sunt
1192 2176 1323 2207 Diodori
1338 2183 1369 2208 et
1380 2177 1505 2219 Papinii
1522 2187 1586 2208 mo-

189 2229 340 2266 pretatur,
353 2236 511 2265 quousque,
524 2225 549 2255 si
564 2235 625 2256 non
640 2231 742 2267 potest
757 2225 789 2256 in
805 2236 853 2257 me
922 2227 1094 2258 numentis:
1124 2225 1239 2257 mutuis
1265 2225 1348 2257 enim
1367 2226 1481 2257 ictibus
1502 2226 1584 2257 ceci·
1648 2245 1652 2247 —

191 2274 263 2305 felix
288 2284 374 2312 esse3
406 2280 471 2311 aut,
495 2278 646 2315 quoniam,
670 2275 755 2316 quod
778 2275 855 2306 mihi
921 2275 1006 2306 dere.

190 2324 290 2365 magis
305 2324 425 2366 placet3
449 2330 544 2365 atque
559 2331 706 2364 quatenus
718 2335 772 2366 pro
784 2336 853 2365 que·
966 2326 1017 2355 35.
1036 2323 1104 2364 Ipsa,
1123 2325 1177 2354 sibi
1202 2324 1340 2364 discors]
1367 2324 1472 2360 Quum
1492 2324 1586 2366 Poly-

192 2375 272 2403 niam
282 2379 351 2414 post
358 2373 543 2404 Ciceronem
553 2372 615 2404 dici
626 2378 765 2414 coeptum
776 2383 854 2409 esse,
922 2373 1000 2403 nicis
1015 2372 1148 2403 cadaver
1163 2371 1342 2413 impositum
1368 2371 1477 2403 suisset
1494 2373 1586 2404 Eteo-

190 2421 446 2453 animadvertitur
469 2422 502 2453 in
524 2421 694 2453 novissima
719 2421 854 2453 editione
922 2422 979 2453 elis
995 2432 1079 2462 rog0,
1095 2421 1197 2452 subito
1213 2421 1340 2452 flamma
1355 2421 1515 2453 discessit:
1534 2431 1587 2452 ca·

190 2471 217 2500 T
218 2469 357 2501 ursellini
389 2470 428 2501 de
457 2470 620 2513 particulis
646 2471 681 2501 L.
713 2472 748 2502 L.
780 2481 854 2513 pag.
921 2476 1014 2501 nente
1037 2469 1180 2512 Papinio,
1202 2469 1281 2500 libro
1305 2469 1484 2501 Thebaidos
1509 2469 1586 2501 duo-

191 2521 266 2551 678.
321 2520 469 2551 HAmAE-s.
925 2518 1057 2555 decimo,
1072 2529 1134 2550 ver.
1156 2520 1316 2560 430.sqq.
1364 2520 1405 2550 Et
1430 2520 1588 2555 Lucanus,

234 2570 288 2601 25.
311 2569 368 2600 Sed
388 2581 425 2600 ne
444 2571 586 2610 contagia
598 2569 697 2611 fati]
724 2568 784 2600 Sed
802 2580 853 2600 ve-
926 2567 1036 2599 Phars.
1052 2567 1107 2598 lib.
1120 2567 1140 2598 i.
1156 2578 1220 2598 ver.
1233 2568 1293 2599 551
1309 2579 1315 2597 :

192 2628 260 2649 reor
288 2628 327 2649 ne
352 2617 417 2649 fata
446 2627 517 2649 mea
542 2617 681 2649 infelicia
706 2628 854 2649 annorum
968 2616 1127 2647 Scinditur
1143 2619 1173 2647 in
1187 2623 1300 2656 partes.
1310 2619 1483 2659 geminoque
1497 2628 1586 2648 cacu-

193 2667 296 2697 uxoris
309 2666 493 2697 felicitatem
510 2672 719 2708 corrumpant.
1009 2667 1089 2696 mine
1104 2668 1217 2708 surgit,

236 2716 288 2746 34.
309 2715 493 2755 Fratribus]
514 2715 634 2746 Eteocli
648 2721 678 2746 et
692 2715 834 2757 Polynici
847 2730 851 2745 z
970 2715 1118 2745 Thebanos
1137 2717 1253 2745 imitata
1271 2727 1364 2754 rogos.
