1760 3172
261 198 318 237 48
657 197 706 238 Ρ.
741 197 954 239 OVIDII
989 197 1268 240 NASONIS

270 312 321 357 Si
349 311 440 358 fuit
465 312 812 358 Andromache
837 312 1030 358 tunicas
1057 311 1230 360 induta
1253 314 1500 370 valentes;

334 387 464 441 Quid
491 388 701 434 mirum?
737 388 845 434 duri
871 388 1038 434 militis
1065 404 1189 435 uxor
1214 397 1334 436 erat.

1562 393 1652 437 llo

269 464 472 512 Scilicet
496 465 638 526 Ajaci
664 466 848 527 conjux
874 471 1045 510 ornata
1069 464 1277 520 venires,

334 542 429 588 Cui
454 543 670 604 tegimen
696 549 888 605 septem
914 549 1052 603 terga
1075 541 1211 588 fuere
1236 543 1403 589 boum.

268 618 571 681 Simplicitas
596 617 730 664 rudis
757 625 869 664 ante
895 617 1008 664 fuit:
1049 633 1179 664 nunc
1205 634 1354 666 aurea
1380 618 1541 666 Roma

332 694 549 741 Edomiti
570 710 774 757 magnas
799 694 1021 758 possidet
1045 695 1177 742 orbis
1202 711 1340 758 opes.

264 770 500 834 Adspice,
514 786 625 833 quae
642 787 770 817 nunc
787 777 903 817 sunt
919 769 1183 834 Capitolia,
1197 787 1410 835 quaeque
1425 771 1644 829 fuerunt;

330 846 549 894 Alterius
574 847 711 894 dicas
738 847 820 894 illa
843 846 995 894 fuisse
1019 846 1049 893 J
1055 848 1175 894 ovis.

1555 850 1646 897 116

265 923 431 979 Curia,
458 924 666 971 concilio
691 939 803 986 quae
828 939 958 970 nunc
983 923 1276 985 dignissima
1299 931 1437 972 tanto
1463 932 1555 980 est,

331 1000 408 1048 De
434 1001 630 1064 stipula,
657 999 801 1047 Tatio
826 1016 978 1062 regna
1002 1007 1217 1057 tenente,
1244 1000 1351 1048 fuit.

261 1078 384 1132 Quae
410 1094 540 1124 nune
565 1078 658 1124 sub
678 1077 870 1124 Phoebo
889 1078 1203 1141 ducibusque
1223 1077 1418 1124 Palatia
1434 1076 1642 1140 fulgent,

327 1155 477 1210 Quid,
503 1155 596 1201 nisi
622 1155 828 1202 araturis
854 1171 1041 1218 pascua
1064 1156 1245 1210 bubus,
1273 1154 1442 1201 erant?

1552 1157 1644 1200 120

262 1231 433 1278 Prisca
451 1233 626 1294 juvent
649 1232 799 1280 alios:
839 1248 931 1294 ego
956 1249 1036 1280 me
1061 1248 1191 1279 nunc
1217 1232 1434 1294 denique
1460 1238 1631 1278 natum

328 1308 576 1355 Gratulor.
615 1308 720 1354 haec
746 1315 865 1355 aetas
890 1310 1109 1356 moribus
1136 1315 1254 1371 apta
1277 1309 1418 1355 meis.

262 1384 308 1430 N
314 1401 376 1431 on
402 1384 520 1447 quia
543 1400 673 1430 nunc
698 1391 841 1431 terrae
865 1385 1055 1432 lentum
1080 1385 1375 1432 subducitur
1399 1400 1596 1442 aurum;

325 1460 578 1524 Lectaque
602 1461 796 1508 diverso
820 1462 962 1509 litore
987 1463 1179 1510 concha
1202 1462 1353 1510 venit.

260 1537 367 1585 Nec
393 1538 511 1602 quia
533 1538 830 1586 decrescunt
854 1540 1034 1587 effosso
1059 1555 1303 1586 marmore
1327 1545 1550 1586 montes:

325 1615 433 1662 Nec
460 1615 578 1678 quia
600 1617 821 1664 caeruleae
846 1617 975 1664 mole
998 1617 1232 1679 fugantur
1256 1631 1417 1678 aquae.

302 1707 371 1738 109.
396 1707 504 1749 Sifuit
516 1708 723 1739 Andromache
734 1710 851 1739 tunicas
867 1711 913 1740 in-

255 1760 330 1788 duta
345 1757 514 1798 vagantes]
541 1757 626 1794 Quid
650 1757 708 1787 sibi
725 1758 833 1789 volunt
846 1759 912 1789 istae

256 1808 364 1836 tunicae
393 1807 546 1836 valentes?
590 1816 708 1837 crassas
741 1812 772 1837 et
802 1807 915 1838 densas

256 1855 292 1885 M
295 1855 408 1896 ycillus
421 1856 649 1896 interpretatur.
661 1855 715 1886 sed
726 1855 795 1897 quis
804 1856 913 1886 Latine

255 1905 299 1934 sic
315 1904 438 1934 locutus
452 1905 516 1935 est?
540 1904 590 1934 hic
606 1915 677 1935 vero
692 1904 731 1935 de
744 1904 870 1935 incultis
884 1910 915 1935 et

256 1953 385 1984 horridis
404 1953 480 1994 agit.
504 1959 588 1984 recte
609 1954 762 1995 Micyllus
784 1955 914 1985 valentes

254 2001 401 2043 explicat.
447 2002 562 2032 chr.

302 2051 373 2080 113.
399 2050 498 2081 Rudis
520 2057 589 2081 ante
603 2051 704 2092 suin]
732 2050 912 2087 Vossianus,

252 2100 395 2141 illafuit,
409 2099 500 2130 bene.
515 2099 585 2130 infr.
605 2101 675 2130 128.

298 2148 466 2179 Rusticitas
477 2151 582 2189 priscis
597 2150 649 2179 illa
665 2154 808 2188 superstes
822 2150 896 2178 avis.

254 2196 329 2227 Fuit
337 2198 505 2239 eleganter,
516 2209 570 2239 pro
582 2198 683 2233 desiit,
692 2197 777 2228 abiit.
794 2197 910 2228 IIizrxs.

300 2248 372 2278 119.
406 2247 478 2281 Quae
501 2259 582 2277 nnnc
606 2249 659 2277 sub
686 2247 803 2281 Phoebo,
831 2246 908 2286 ἃς]

252 2294 406 2336 Apollinis
443 2295 528 2326 Actii
564 2296 714 2338 templum
750 2295 909 2336 intelligit,

252 2344 335 2385 quod
359 2345 390 2375 in
415 2344 536 2375 Palatio
551 2344 712 2385 Augustus
732 2344 909 2381 aediflcavit,

251 2393 291 2423 de
316 2404 377 2434 quo
394 2393 532 2436 Propert.
551 2393 592 2424 iv.
616 2395 704 2435 Elcg.
719 2393 762 2424 vi.
783 2393 815 2424 ii.
836 2404 907 2435 sqq.

252 2441 368 2472 Amn.

295 2490 518 2531 Ducibusque.]
555 2490 708 2531 Intelligit
732 2491 908 2532 Augustum

250 2544 282 2567 ct
297 2539 454 2570 Tiberium
471 2539 608 2570 Merula.
624 2539 679 2569 sed
694 2539 719 2569 si
734 2550 770 2569 ex
787 2539 908 2570 calculo

251 2586 419 2618 doctissimi
435 2587 585 2619 Massonii
599 2587 658 2618 Ars
675 2587 810 2618 Amandi
823 2587 907 2618 edita

251 2635 309 2665 suit
336 2648 366 2666 A.
384 2648 416 2667 ι’.
434 2648 463 2667 (-.
482 2648 609 2667 mcc-ur.
635 2647 670 2667 eo
697 2642 834 2678 tempore
855 2635 905 2666 Ti-

250 2684 352 2714 berius
369 2684 471 2715 Rhodi
487 2686 677 2721 versabatur,
693 2691 725 2716 et
739 2685 817 2727 Cajo
834 2695 903 2726 gra-

248 2739 291 2762 tia
306 2732 439 2773 Augusti
461 2735 599 2768 florente,
626 2734 728 2765 nescio
752 2744 790 2764 an
814 2739 905 2764 caute

1550 1617 1640 1662 126

980 1709 1095 1739 Noster
1108 1707 1245 1744 Tiberio,
1264 1707 1317 1749 qui
1340 1708 1432 1748 longe
1453 1716 1473 1737 a
1495 1717 1549 1747 spe
1572 1716 1642 1737 suc-

979 1758 1126 1788 cessionis
1141 1758 1259 1793 aberat,
1277 1756 1398 1787 adulari
1414 1756 1524 1787 fuisset
1538 1766 1643 1788 ausus.

979 1817 1076 1848 quare
1089 1807 1165 1837 forte
1178 1806 1275 1847 Cajus
1285 1811 1317 1836 et
1331 1805 1447 1836 Lucius
1462 1804 1641 1846 intelligen-

979 1854 1022 1891 di,
1042 1855 1155 1896 quibus
1178 1854 1284 1897 paullo
1308 1860 1377 1896 post
1399 1853 1528 1884 mortuis
1546 1853 1641 1885 Tibe-

978 1904 1041 1935 rius
1056 1904 1114 1935 fuit
1129 1903 1307 1946 adoptatus.
1346 1902 1557 1944 Cogitandum
1573 1913 1640 1934 cer-

979 1958 1022 1989 te,
1051 1964 1128 1995 quos
1155 1955 1244 1984 duces
1278 1952 1328 1983 hic
1357 1952 1513 1994 intelligat
1540 1952 1640 1983 Naso.

980 2003 1098 2033 Brnm.

1025 2051 1099 2080 124.
1137 2050 1255 2080 Concha
1282 2051 1400 2091 veum]
1440 2050 1518 2081 Tres
1544 2050 1640 2082 nostri

977 2100 1078 2135 bacca,
1098 2098 1181 2141 quod
1194 2099 1350 2130 Gronovio
1365 2100 1512 2142 placebat
1523 2099 1638 2131 Obser-

977 2154 1039 2179 vat.
1061 2149 1115 2179 lib.
1129 2148 1162 2179 ii.
1190 2159 1259 2190 cap.
1274 2149 1338 2180 xxi.
1364 2160 1402 2180 ex
1425 2149 1639 2181 Pirckheime-

975 2196 1061 2227 riano
1072 2208 1080 2235 ς
1103 2196 1245 2228 meliores
1259 2204 1364 2229 tamen
1386 2208 1458 2229 cum
1473 2198 1637 2239 vulgatum

975 2246 1213 2287 amplectantur,
1226 2247 1268 2277 nil
1283 2247 1382 2278 ausim
1396 2253 1529 2278 mutare.
1551 2248 1582 2278 N
1586 2257 1636 2279 am

975 2305 1029 2335 per
1044 2295 1188 2326 Conchas
1200 2296 1305 2327 baccae
1321 2296 1553 2338 intelliguntur,
1566 2307 1636 2338 quae

974 2343 1006 2374 in
1033 2344 1160 2375 conchis
1188 2351 1357 2376 nascuntur
1389 2351 1424 2376 ut
1452 2345 1635 2387 plurimum.

975 2392 1025 2423 Ita
1050 2399 1081 2423 et
1115 2393 1267 2424 concham
1296 2404 1350 2434 pro
1375 2404 1512 2436 purpura
1540 2405 1637 2436 pone-

974 2441 1060 2472 bant.
1090 2442 1208 2473 Hmss.
1242 2443 1359 2473 Concha
1376 2453 1451 2474 vera
1465 2443 1558 2474 lectio
1575 2450 1635 2475 est.

974 2490 1105 2521 Tertull.
1130 2491 1168 2522 de
1192 2492 1269 2523 cult.
1287 2492 1430 2523 seminar.
1454 2492 1508 2523 lib.
1521 2493 1544 2524 i.
1562 2503 1634 2536 cap.

975 2540 1005 2570 6.
1052 2541 1100 2570 Ad
1116 2541 1167 2571 hoc
1183 2543 1259 2571 enim
1284 2542 1408 2572 conchas
1426 2544 1557 2572 noverim
1571 2553 1635 2572 ma-

972 2591 1014 2619 ris
1026 2600 1123 2628 poma.
1159 2590 1246 2624 Quod
1269 2592 1292 2620 si
1315 2591 1425 2621 concha
1448 2592 1502 2621 illa
1517 2591 1634 2631 aliquid

973 2640 1152 2669 intrinsecus
1173 2640 1319 2678 pustulat,
1337 2641 1443 2671 vitium
1458 2642 1522 2679 ejus
1540 2642 1635 2681 magis

972 2689 1053 2717 debet
1082 2698 1148 2723 esse,
1178 2699 1263 2726 quam
1298 2689 1407 2730 gioria.
1451 2689 1503 2719 De
1533 2687 1633 2719 Bacca

974 2735 1043 2765 vide
1060 2736 1098 2766 ad
1115 2736 1242 2767 Petron.
1259 2746 1327 2778 cap.
1344 2737 1387 2768 lv.
1434 2737 1551 2768 Buram.
