1760 3172
464 140 656 184 ARTIS
688 140 1048 183 AMATORIAE
1080 141 1201 183 LIB.
1236 142 1328 184 III.
1460 148 1463 153 '
1531 141 1589 184 83

182 258 462 309 Priamides
491 255 720 305 Helenen
745 255 888 304 avide
913 255 955 303 si
981 263 1176 320 spectet
1200 257 1449 314 edentem,

249 336 454 393 Oderit3
495 342 548 382 et
570 334 723 389 dicat,
754 334 921 381 Stulta
944 334 1118 397 rapina
1141 350 1254 382 mea
1279 343 1373 382 est.

1480 337 1577 382 760

178 412 360 478 Aptius
386 420 477 469 est,
505 413 786 475 deceatque
811 411 971 474 magis
997 418 1171 476 potare
1195 412 1406 476 puellas.

244 491 376 538 Cum
400 489 609 537 Veneris
635 505 791 553 puero
817 504 917 535 non
942 489 1088 544 male,
1118 488 1337 544 Bacche,
1365 488 1504 535 facis.

175 567 287 616 Hoc
331 583 550 632 quoque,
586 567 690 631 qua
729 566 925 630 patiens
964 574 1119 630 caput
1156 574 1248 621 est,
1277 566 1573 629 animusque

332 678 336 681 -
377 645 637 709 pedesque

245 722 520 770 Constent:
560 738 671 777 nee,
698 737 811 784 quae
838 721 938 767 siut
963 720 1174 783 singula,
1201 720 1319 767 bina
1341 720 1471 767 vide.

175 799 342 864 Turpe
360 801 536 863 jacens
555 798 747 855 mulier,
766 798 924 846 multo
950 797 1232 845 madefacta
1256 799 1407 861 Lyaeo
1427 815 1437 845 :
1478 798 1574 843 765

241 877 510 940 Dignaque
533 876 830 924 concubitus
856 876 1109 939 quoslibet
1132 876 1217 923 illa
1241 874 1362 940 pati.

170 955 279 1004 Nec
306 956 492 1015 somnis
517 956 684 1019 posita
709 961 874 1002 tutum
901 954 1231 1002 succumbere
1257 952 1458 1001 mensa:

241 1033 341 1081 Per
365 1050 564 1084 somnos
589 1033 696 1081 fieri
721 1032 880 1080 multa
904 1032 1140 1096 pudenda
1165 1031 1342 1078 solent.

175 1110 426 1159 Ulteriora
450 1111 608 1175 pudet
631 1109 892 1158 docuisse:
934 1109 1023 1157 sed
1048 1110 1180 1157 alma
1205 1108 1385 1163 Dione,

1477 1108 1572 1153 769

240 1188 503 1253 Praecipue
522 1195 748 1236 nostrum
769 1194 863 1243 est,
884 1186 1020 1250 quod
1037 1187 1211 1250 pudet,
1230 1184 1408 1249 inquit,
1427 1199 1570 1247 opus.

215 1370 299 1402 Neve
318 1372 396 1402 domi
417 1382 560 1411 praesume
581 1373 680 1411 dapes,
695 1377 722 1401 et
739 1372 839 1402 desine

300 1423 380 1451 citra

259 1470 357 1505 Quam
374 1471 468 1509 cupis,
485 1477 512 1500 et
526 1471 631 1510 paullo
648 1481 733 1510 qnam
749 1475 838 1508 potes,

300 1531 357 1551 esse
372 1522 482 1551 minus.

170 1569 228 1601 Est
237 1568 355 1611 duplex
368 1573 562 1611 praeceptum
574 1567 615 1599 ad
627 1567 761 1599 eandem
773 1578 838 1598 rem

168 1618 342 1661 pertinens:
366 1628 426 1649 nec
442 1618 551 1649 venias
565 1617 606 1648 ad
622 1628 748 1649 coenam
762 1627 838 1647 ven—

168 1673 214 1699 tre
230 1669 298 1709 jam
312 1667 418 1710 plen0,
434 1677 537 1709 neque
556 1666 622 1705 illic
639 1666 771 1697 nimium
787 1676 838 1697 ce-

168 1717 270 1748 locem
294 1717 433 1748 saburra.
455 1726 560 1757 neque
584 1709 657 1747 ante
682 1725 786 1751 coena,
807 1721 838 1746 et

168 1766 276 1798 desine
292 1777 361 1797 esse
384 1766 464 1797 citra
484 1765 592 1809 paullo
613 1764 728 1801 minus,
741 1775 836 1806 quam

168 1815 258 1858 cupis
271 1822 303 1846 et
317 1821 416 1858 potes.
426 1815 478 1847 vix
492 1821 600 1846 tamen
615 1814 692 1846 mihi
707 1825 837 1856 persua-

168 1866 228 1898 deo
253 1865 408 1897 Ovidium
432 1863 619 1908 praecepisse
645 1864 770 1908 puellis,
796 1875 835 1895 ne

168 1916 253 1947 domi
281 1921 507 1959 praesumerent
536 1915 644 1958 dapes,
670 1925 742 1946 cum
777 1914 836 1946 hoc

167 1965 304 1996 maxime
317 1964 480 1996 monendae
491 1964 668 2001 videantur,
678 1974 717 1994 ne
729 1974 836 1995 earum

167 2014 339 2057 ingluviem
360 2021 392 2046 et
413 2014 520 2045 sordes
540 2020 573 2045 et
594 2014 734 2056 inopiam
748 2012 835 2044 vide-

166 2070 236 2096 rent
251 2070 418 2100 amatores‚
430 2074 500 2105 quae
517 2074 607 2094 nosse
622 2064 726 2094 omnia
741 2063 836 2094 saluti

167 2112 408 2147 adolescentulis
430 2123 497 2143 esse
520 2118 605 2143 recte
627 2119 735 2144 censet
759 2113 836 2143 Par·

166 2172 260 2193 meno
273 2162 490 2198 Terentianus,
506 2161 539 2192 in
562 2162 709 2193 Eunuch.
726 2154 789 2194 act.
805 2173 836 2193 v.

166 2222 210 2243 sc.
230 2212 261 2242 4.
281 2221 377 2253 quare
397 2218 474 2253 puto
496 2211 555 2243 hoc
576 2219 768 2255 praeceptum
788 2222 836 2242 re-

166 2260 286 2302 spicere
299 2260 473 2297 famelicas,
485 2260 535 2291 vel
548 2271 617 2302 quae
629 2260 743 2292 famem
756 2261 834 2292 tole-

166 2320 234 2341 rare
246 2320 283 2341 eo
297 2320 397 2351 usque
411 2320 475 2340 non
493 2315 636 2352 possunt,
650 2310 726 2341 dum
746 2310 835 2341 cibus

165 2358 272 2390 illatus
295 2358 409 2390 decore
430 2369 558 2395 mensae,
581 2365 613 2390 et
633 2359 772 2391 convivae
796 2370 833 2390 ex

166 2407 276 2439 ordine
305 2409 531 2445 accubuerunt,
554 2409 609 2439 sed
638 2415 837 2451 praecerpunt

170 2457 278 2499 dapes,
294 2463 466 2499 antequam
479 2457 561 2489 alius
576 2457 647 2499 quis
662 2458 747 2489 cibos
763 2457 836 2489 atti-

168 2507 258 2548 gerit.
283 2506 339 2538 sed
362 2511 398 2538 ut
422 2517 533 2537 verum
563 2507 674 2544 fatear,
698 2508 836 2539 nondum

168 2566 242 2587 vera
255 2556 419 2586 verborum
431 2556 527 2586 lectio
547 2556 624 2586 mihi
646 2563 789 2599 apparet.
804 2557 836 2587 in

168 2605 298 2648 reliquis
313 2605 470 2636 Gronovio
486 2605 681 2636 accederem.
696 2606 774 2636 sorte
787 2619 792 2636 :

212 2654 293 2695 Saepe
311 2655 390 2684 domi
408 2665 553 2693 praesume
576 2656 676 2701 dapes,
691 2661 719 2686 et
739 2657 839 2686 desine

298 2710 380 2734 citra

995 1370 1092 1405 Quam
1110 1372 1200 1410 capis,
1218 1377 1245 1400 εἰ
1263 1370 1368 1410 paullo
1391 1380 1480 1409 quum
1492 1373 1573 1408 putes

1035 1421 1112 1450 adde
1128 1420 1236 1450 minus.

907 1468 957 1499 De
970 1478 1045 1499 voce
1061 1470 1139 1499 citra
1152 1468 1224 1499 vide
1240 1467 1280 1499 ad
1295 1467 1426 1509 Epiced.
1440 1466 1472 1496 in
1486 1465 1572 1495 Dru-

906 1528 975 1548 sum
998 1518 1050 1549 50.
1066 1519 1152 1548 Adde
1173 1523 1220 1548 est
1242 1517 1274 1548 in
1287 1515 1454 1547 Vossiana.
1467 1517 1518 1546 ede
1539 1514 1573 1544 in

906 1566 1015 1598 tribus.
1031 1578 1113 1609 saepe
1133 1572 1226 1597 antea
1245 1566 1329 1596 domi
1351 1565 1456 1596 cibum
1480 1573 1573 1606 cape,

907 1622 938 1647 et
960 1626 1063 1647 coram
1085 1622 1223 1647 amatore
1244 1614 1353 1646 desine
1375 1613 1467 1645 edere
1482 1619 1571 1644 ante-

905 1676 1001 1707 quam
1024 1672 1132 1696 satura
1155 1665 1208 1701 sis,
1229 1671 1261 1696 et
1284 1664 1365 1695 adde
1389 1663 1468 1695 cibis
1491 1672 1570 1705 prae-

904 1715 1037 1757 sumptis
1065 1715 1172 1757 paullo
1200 1715 1314 1751 minus,
1345 1723 1438 1755 quam
1469 1718 1571 1755 potes.

903 1764 1021 1794 Bmm.

948 1814 1021 1844 762.
1047 1812 1124 1844 Cum
1146 1813 1267 1844 Veneris
1285 1823 1379 1851 puero
1403 1823 1460 1842 non
1482 1813 1569 1846 male.

904 1862 1151 1905 Bacche,f‹1c·is.]
1179 1863 1249 1893 Hoc
1268 1868 1326 1897 est,
1342 1872 1403 1892 non
1420 1861 1572 1892 inutiliter

904 1918 958 1943 aut
968 1911 1224 1943 inconvenienter
1232 1911 1371 1953 jungeris
1378 1921 1449 1941 cum
1457 1920 1571 1941 amore.

904 1962 1050 1993 Dicimus
1070 1962 1164 1998 enim,
1181 1961 1271 1992 Facit
1295 1972 1362 1991 cum
1385 1962 1439 1991 hac
1462 1972 1502 1996 re,
1516 1970 1572 2002 pro

904 2022 941 2042 eo
952 2011 1035 2053 quod
1048 2016 1106 2047 est,
1116 2011 1193 2042 utile
1206 2018 1253 2041 est
1268 2010 1307 2040 ad
1322 2009 1403 2040 hanc
1416 2020 1494 2047 rem,
1505 2009 1570 2040 sive

903 2061 1050 2092 convenit
1065 2072 1136 2091 cum
1152 2060 1211 2091 hac
1226 2071 1269 2091 re.
1314 2060 1442 2091 MmYL.

948 2111 1022 2141 763.
1047 2110 1113 2140 Hoc
1127 2121 1240 2150 quoque
1254 2121 1340 2150 quam
1351 2111 1469 2149 patiens
1480 2114 1571 2147 caput

903 2167 955 2196 est,
983 2159 1059 2200 δια]
1091 2159 1219 2190 Merula
1247 2158 1375 2201 exponit
1405 2157 1572 2200 ellipticOS,

903 2221 979 2252 pro:
1008 2210 1074 2241 Hoc
1102 2220 1216 2250 quoque
1239 2211 1316 2245 vide,
1338 2220 1425 2248 quam
1451 2208 1572 2248 patiens

901 2265 992 2299 caput
1004 2265 1056 2290 est.
1101 2259 1168 2299 Ego
1183 2268 1256 2288 vero
1270 2255 1394 2288 malim:

947 2308 1014 2338 Hoc
1029 2319 1151 2348 quoque,
1168 2308 1225 2348 qud
1239 2309 1360 2347 patiens
1370 2312 1461 2345 caput
1477 2311 1529 2335 est.

904 2358 949 2388 Ut
964 2357 1003 2388 sit
1024 2367 1150 2388 sensus:
1177 2356 1246 2387 Hoc
1268 2365 1392 2397 quoque
1414 2364 1450 2385 eo
1472 2364 1571 2395 usque

904 2406 1012 2443 facias,
1029 2405 1112 2448 quod
1136 2411 1194 2441 est,
1210 2411 1311 2447 poteS,
1325 2409 1357 2434 et
1380 2409 1410 2434 te
1426 2403 1498 2433 vino
1520 2413 1568 2432 re-

903 2458 1002 2499 pleas,
1019 2456 1081 2498 qua
1103 2455 1225 2497 patiens
1246 2460 1342 2495 caput
1363 2459 1429 2484 est:
1455 2452 1487 2483 id
1508 2458 1568 2487 est,

905 2513 1061 2548 quatenus
1087 2510 1181 2546 caput
1211 2510 1299 2535 tuum
1328 2502 1503 2545 potationes
1540 2508 1573 2531 et

904 2556 1066 2597 crapulam
1082 2554 1160 2584 ferre
1175 2558 1289 2595 potest,
1304 2553 1363 2583 &c.
1410 2552 1536 2582 M1cx-L.

949 2605 1024 2635 765.
1060 2603 1160 2642 Turpe
1178 2607 1288 2643 jacens
1315 2601 1452 2642 mulien]
1485 2599 1573 2632 ,Iacet

907 2653 1031 2696 Api-osii
1055 2661 1087 2683 et
1108 2651 1254 2682 Mentelii
1275 2652 1366 2693 prior,
1381 2650 1438 2682 sed
1461 2661 1571 2694 perpe—

909 2704 1099 2742 ramff‘acens
1112 2701 1233 2748 proprie
1249 2701 1289 2745 de
1304 2700 1400 2732 ebria.
1446 2699 1563 2731 Bran.

1023 2756 1090 2787 G2
