1760 3172
218 188 304 230 122

602 189 657 239 P,
688 189 903 232 OVIDII
935 190 1217 234 NASONIS

216 303 356 352 Neve
376 304 653 368 puellarum
679 305 893 352 lacrimis
920 321 1148 354 moveare
1173 314 1349 355 caveto
1371 325 1381 356 ε

283 381 355 428 Ut
374 381 565 438 flerent,
593 383 762 429 oculos
789 383 1014 431 erudiere
1040 400 1174 431 suos.

1510 388 1607 433 690

214 457 423 506 Artibus
449 459 721 507 innumeris
747 477 886 508 mens
912 467 1230 524 oppugnatur
1254 469 1507 509 amantum
1529 481 1540 519 ;

285 534 358 582 Ut
382 536 507 599 lapis
533 537 776 599 aequoreis
803 537 1027 600 undique
1054 538 1227 600 pulsus
1254 539 1414 601 aquis.

216 611 264 658 N
270 628 326 660 ec
352 629 555 660 caussas
583 614 735 677 aperi,
764 630 917 676 quare
942 614 1153 662 divortia
1177 617 1319 662 malis
1342 633 1351 664 :

282 688 392 737 Nec
418 689 515 745 dic,
543 690 665 753 quid
690 690 888 747 doleas;
929 691 1056 738 clam
1083 698 1252 739 tamen
1276 708 1437 756 usque
1462 693 1592 740 dole.

216 765 324 814 Nec
351 774 561 830 peccata
586 766 740 823 refer;
782 783 843 814 ne
869 766 1042 814 diluat.
1082 767 1189 831 ipse
1214 769 1429 816 favebis:

1511 771 1607 817 695

284 843 356 890 Ut
379 844 553 891 melior
577 844 757 890 caussa
784 859 963 890 caussa
988 843 1053 890 sit
1078 844 1163 891 illa
1186 845 1291 891 tua.

216 919 315 975 Qui
341 920 469 976 silet,
497 928 574 968 est
597 921 766 967 firmus
791 937 800 968 :
842 921 927 984 qui
953 921 1075 968 dicit
1098 921 1256 968 multa
1279 921 1458 985 puellae

282 996 490 1053 Probra,
518 997 746 1044 satisfieri
771 997 994 1060 postulat
1019 997 1101 1044 ille
1126 997 1237 1044 sibi.

217 1072 333 1120 Non
359 1089 451 1136 ego
479 1073 711 1120 Dulichio
737 1073 938 1121 furiales
965 1091 1100 1122 more
1126 1075 1350 1137 sagittas,

283 1149 393 1197 Nec
419 1150 617 1214 rapidas
644 1150 802 1197 ausim
827 1150 1055 1213 tinguere
1081 1151 1131 1197 in
1157 1166 1300 1198 amne
1325 1151 1476 1198 faces.
1513 1154 1610 1198 700

217 1225 326 1274 Nec
352 1242 443 1273 nos
470 1242 744 1289 purpureas
770 1226 912 1290 pueri
937 1227 1276 1274 resecabimus
1302 1228 1432 1275 alas:

283 1303 392 1350 Nec
419 1320 560 1351 sacer
585 1310 687 1351 arte
713 1305 826 1351 mea
853 1304 1011 1351 laxior
1036 1320 1179 1352 arcus
1205 1305 1315 1352 erit.

218 1380 496 1427 Consilium
522 1387 599 1428 est
624 1381 981 1445 quodcumque
1008 1398 1151 1430 cano,
1184 1389 1355 1446 parete
1381 1380 1608 1428 canenti:

285 1456 457 1520 thue
482 1456 621 1512 facis,
649 1458 844 1521 coeptis,
873 1458 1067 1506 Phoebe
1093 1459 1308 1514 saluber,
1336 1458 1472 1505 ades.
1513 1459 1608 1504 704

215 1533 438 1580 Phoebus
465 1534 638 1581 adest:
679 1550 890 1582 sonuere
916 1535 1064 1597 lyrae3
1107 1551 1319 1582 sonuere
1345 1535 1606 1598 pharetrae.

284 1610 439 1672 Signa
465 1611 630 1658 Deum
655 1626 808 1658 nosco
835 1627 923 1674 per
949 1628 1065 1658 sua:
1108 1611 1332 1658 Phoebus
1359 1611 1520 1658 adest.

218 1686 403 1734 Confer
427 1687 698 1751 Amyclaeis
723 1689 1026 1736 medicatum
1051 1689 1207 1736 vellus
1234 1689 1406 1736 ahenis

283 1763 479 1812 Murice
503 1780 617 1811 curn
643 1764 795 1828 Tyrio
817 1783 826 1813 :
866 1766 1058 1830 turpius
1085 1766 1208 1812 illud
1235 1765 1343 1812 erit.

259 1894 333 1925 699.
353 1893 421 1924 Non
433 1905 485 1936 ego
499 1894 787 1936 Dulichiussuriali
803 1907 882 1926 more

214 1943 367 1984 sagittas]
399 1944 465 1984 Ego
489 1943 564 1985 quid
588 1943 620 1974 id
639 1944 800 1975 Dulichias
822 1944 880 1975 sibi

215 1991 292 2022 velit
314 2002 375 2022 non
399 1992 551 2033 intelligo,
576 2004 677 2034 neque
697 1993 792 2024 aliam
815 1993 879 2024 lec-

215 2041 332 2072 tionem
347 2041 463 2072 inveni.
494 2042 608 2073 Naue.
645 2042 771 2073 Scribe:

260 2091 331 2121 Nan
353 2102 405 2132 ego
422 2091 710 2134 Dulicliiofui·iales
730 2104 811 2123 more
830 2104 878 2123 sa-

299 2142 405 2181 giltas.

215 2189 256 2219 Et
265 2189 408 2230 sequenti
419 2199 507 2220 versu
517 2201 582 2231 pru,
596 2189 789 2231 raptasfaces
798 2190 877 2231 lege,

214 2239 336 2277 rapidas
359 2248 430 2268 curn
452 2238 664 2269 Lincolniensi
687 2239 775 2269 libro.
799 2249 879 2269 unus

215 2285 433 2322 Farnesianus,
470 2288 603 2318 rubidus.
640 2289 751 2327 rupidae
778 2289 878 2328 faces,

215 2335 371 2376 quomodo
388 2338 488 2375 rapidi
505 2338 596 2378 ignes.
621 2337 818 2378 persuriules
833 2348 879 2366 sa-

212 2386 317 2425 gittas,
352 2384 519 2426 Cupidinis
555 2385 685 2426 sagittas
722 2385 880 2426 intelligit.

217 2433 362 2464 Dulichio
395 2445 484 2469 more,
519 2445 601 2465 more
638 2433 770 2475 Ulyssis‚
805 2433 879 2475 quia

216 2492 336 2513 amores
349 2493 421 2513 suos
435 2493 505 2514 cum
522 2483 658 2525 Calypso
672 2488 702 2513 et
718 2482 822 2518 Circe,
841 2482 880 2513 de

215 2530 329 2571 quibus
344 2541 438 2573 supra.
458 2532 532 2562 263.
553 2531 645 2562 nimis
666 2541 806 2572 praeceps
823 2531 878 2561 ab·

214 2579 309 2621 rupit.
355 2580 470 2610 Omnia
480 2581 547 2622 jam
562 2580 655 2623 plana
670 2585 701 2611 et
716 2579 880 2622 perspicua

216 2634 298 2659 sunt.
343 2629 461 2660 Hfflxs.

261 2678 333 2708 703.
353 2680 513 2708 Consilium
526 2684 566 2708 est
578 2677 879 2718 quodcmiquecuim]

218 2727 336 2764 Scribe,
355 2728 532 2759 Concilium.
548 2735 642 2769 atque
656 2727 700 2758 ita
713 2727 744 2758 in
759 2738 819 2758 uno
831 2738 880 2758 co-

949 1895 1018 1926 dice
1035 1894 1201 1926 Gallicano
1217 1893 1368 1936 scriptum
1383 1892 1512 1925 offendi,
1543 1893 1612 1924 Hoc

949 1950 997 1976 est
1013 1944 1168 1980 nimirum,
1186 1954 1247 1985 quo
1263 1953 1357 1986 supra
1371 1943 1493 1974 dixerat
1509 1944 1583 1974 523.

994 1994 1035 2024 Et
1063 1995 1216 2034 quisquam
1244 1999 1393 2033 proecepta
1423 1999 1517 2032 potest
1549 2004 1614 2023 mea

1077 2044 1156 2072 dura
1174 2052 1288 2078 vocare,

1036 2091 1084 2122 En
1100 2092 1188 2121 etiam
1202 2097 1302 2130 parles
1318 2091 1507 2121 conciliantis
1522 2101 1588 2131 ago.

951 2140 1120 2171 Concilium
1132 2150 1187 2182 pro
1199 2139 1430 2175 conciliatione,
1446 2147 1501 2170 aut
1515 2140 1613 2170 conci-

948 2191 1036 2226 liatu,
1047 2195 1082 2220 ut
1092 2189 1256 2220 Lucretius
1267 2189 1353 2230 loqui
1367 2195 1461 2219 amat.
1494 2189 1615 2219 Hzms.

946 2240 1014 2280 Ego
1032 2249 1104 2270 vero
1127 2240 1284 2269 consilium
1303 2238 1427 2274 retinui,
1447 2248 1509 2268 non
1529 2237 1612 2268 enim

947 2286 1025 2318 dicit
1034 2287 1096 2317 vini
1106 2294 1137 2318 et
1150 2287 1301 2329 impeturn
1314 2297 1347 2317 se
1359 2287 1480 2322 docere,
1495 2287 1551 2317 sed
1564 2296 1614 2317 ra-

947 2336 1063 2367 tionem
1084 2343 1115 2368 et
1130 2336 1340 2379 prudentiam,
1364 2346 1427 2377 qua
1448 2336 1614 2378 paullatim

948 2385 1108 2416 dediscere
1119 2385 1345 2427 possitjuvenis
1354 2396 1470 2416 amare.
1495 2386 1612 2416 Burni.

992 2434 1064 2464 707.
1079 2434 1190 2476 Confer
1204 2434 1388 2474 Amyclais]
1407 2433 1481 2464 Vid.
1495 2435 1614 2464 Ferrar-

947 2483 985 2513 de
1010 2483 1059 2513 Re
1075 2483 1164 2514 Vest.
1188 2482 1243 2513 lib.
1264 2483 1296 2513 ii.
1321 2493 1391 2524 cap.
1416 2483 1444 2513 7.
1469 2482 1611 2523 Amyclae

948 2532 1156 2573 Peloponnesi
1194 2531 1304 2562 civitas
1329 2532 1422 2573 juxta
1449 2532 1611 2566 Eurotam,

949 2580 1002 2610 ubi
1018 2590 1172 2621 purpureo
1188 2580 1289 2610 colore
1312 2580 1533 2611 imbuebantur
1549 2579 1613 2610 vel-

948 2628 1025 2663 lera,
1055 2638 1137 2669 quae,
1164 2629 1308 2669 quamvis
1336 2629 1478 2671 pulchra,
1509 2634 1613 2659 tamen

949 2676 1063 2708 collata
1083 2688 1153 2708 cum
1171 2678 1283 2718 Tyriis,
1301 2678 1340 2708 de
1357 2689 1412 2709 suo
1434 2678 1532 2721 pretio
1547 2688 1614 2720 per-

950 2726 1023 2758 dere
1039 2725 1171 2757 multum
1190 2727 1387 2758 ridebantur.
1432 2727 1548 2757 Ama.
