1760 3172
263 156 348 196 490

655 154 705 195 Ρ.
740 154 851 196 OVI
860 154 954 195 DII
989 154 1268 198 NASONIS

267 271 495 334 Purpura
520 269 817 334 Pompeium
844 271 1022 317 summi
1049 271 1232 319 velabit
1256 271 1471 327 honoris,
1588 276 1650 319 25

333 348 412 396 Ne
437 348 593 395 titulis
620 348 892 411 quicquam
915 349 1099 397 debeat
1124 349 1206 396 ille
1232 349 1351 396 suis.

266 425 484 473 Cernere
501 426 607 488 jam
632 425 800 472 videor
824 426 985 489 rumpi
1010 426 1286 490 penetralia
1310 427 1470 481 turba,

332 503 398 550 Et
421 504 661 567 populum
685 503 815 560 laedi,
842 504 1106 552 deficiente
1130 504 1267 552 loco:

264 581 575 645 Templaque
600 580 824 645 Tarpeiae
849 582 1064 646 primum
1088 582 1179 628 tibi
1205 581 1338 629 sedis
1365 581 1515 640 adiri;

333 657 400 705 Et
423 658 528 706 fieri
553 657 722 706 faciles
748 658 798 705 in
822 665 909 706 tua
932 665 1047 706 vota
1073 658 1238 706 Deos:

1588 663 1653 706 30

266 736 412 783 Colla
435 737 587 783 boves
614 735 784 783 niveos
809 743 960 783 certae
986 736 1209 799 praebere
1234 735 1412 791 securi,

331 812 468 867 Quos
495 812 617 860 aluit
642 812 832 876 campis
858 813 1014 861 herba
1040 813 1235 860 Falisca
1258 813 1377 860 suis.

264 890 535 953 Quumque
552 889 688 938 Deos
707 906 896 946 omnes,
913 897 1020 937 tum
1042 906 1168 953 quos
1190 889 1462 954 impensius
1482 906 1652 954 aequos

332 967 458 1015 Esse
483 967 573 1014 tibi
599 967 788 1032 cupias,
815 984 930 1015 cum
955 967 1079 1016 Jove
1106 968 1278 1016 Caesar
1302 968 1409 1015 erit.

265 1046 418 1093 Curia
442 1052 493 1093 te
518 1036 1048 1110 excipiet5³⁷patresque
1073 1063 1100 1094 e
1125 1062 1262 1094 more
1286 1045 1447 1093 vocati
1589 1048 1650 1093 35

332 1122 603 1170 Intendent
627 1131 770 1170 aures
796 1123 858 1170 ad
883 1131 968 1171 tua
992 1124 1144 1171 verba
1168 1140 1299 1171 suas.

264 1199 370 1248 Hos
396 1200 479 1247 ubi
504 1199 718 1248 facundo
743 1207 830 1248 tua
852 1218 949 1249 vox
973 1202 1257 1250 hilaraverit
1281 1217 1380 1257 ore,

331 1277 504 1341 thue
529 1277 670 1335 solet,
697 1278 866 1326 tulerit
889 1295 1128 1343 prospera
1152 1279 1303 1327 verba
1327 1278 1464 1335 dies;

261 1446 320 1466 sus.
365 1434 433 1465 Erit
451 1439 592 1470 exactus,
609 1439 641 1465 et
661 1434 751 1475 quasi
767 1433 873 1465 finitus
892 1441 924 1465 et

261 1483 486 1527 expulsus.——J
490 1495 550 1515 ano
563 1495 651 1515 saera
659 1484 778 1515 fiebant
790 1484 923 1515 Calend.

261 1535 391 1566 Januar.
414 1545 513 1575 eoque
534 1534 585 1565 die
609 1533 841 1565 sacrificabatur
865 1533 925 1565 diis

262 1584 294 1615 in
317 1583 475 1626 Capitolio
503 1594 558 1626 pro
586 1584 686 1614 salute
708 1583 864 1625 Principis
892 1589 923 1614 et

263 1632 394 1676 reipubl.
410 1632 546 1674 novique
562 1632 706 1664 consules
722 1632 843 1664 inibant
856 1643 923 1664 ma-

260 1683 440 1725 gistratum:
465 1682 538 1713 hinc
562 1682 676 1714 dicitur
698 1694 782 1713 sacer
807 1686 922 1714 mensis.

262 1733 376 1765 Confer
399 1733 494 1764 Ovid.
519 1733 603 1763 Fast.
627 1732 648 1763 i.
665 1733 717 1763 65.
743 1743 811 1774 sqq.
857 1733 923 1764 Res

260 1789 334 1814 nota
347 1788 403 1815 est.
441 1783 591 1813 HARLEs.

303 1834 356 1864 25.
387 1833 533 1872 Purpura
562 1831 695 1872 summi]
721 1831 827 1863 Vestis
849 1843 922 1874 pur-

261 1893 368 1924 purea,
397 1881 519 1923 insigne
552 1892 742 1912 summorum
771 1880 921 1912 honorum

260 1936 292 1962 et
318 1930 566 1973 magistratuum,
593 1930 695 1972 qualis
717 1935 784 1961 erat
810 1940 921 1961 consu-

262 1982 355 2012 latus.

304 2031 357 2061 26.
379 2030 427 2060 Ne
451 2031 550 2060 titulis
569 2031 726 2070 quicquam
747 2030 850 2060 debeat
872 2030 923 2060 ille

260 2079 347 2120 suis]
371 2080 487 2110 Sensus
509 2083 574 2109 est:
606 2078 781 2119 Purpuram
804 2083 922 2108 vestem

261 2134 363 2160 sumet
380 2127 558 2169 Pompeius,
575 2137 614 2157 ne
630 2126 706 2168 quid
727 2126 820 2162 desit,
839 2127 923 2168 quod

261 2179 301 2209 ab
322 2188 358 2208 eo
381 2176 519 2219 praestari
542 2176 656 2207 debeat
676 2174 740 2206 suis
761 2174 869 2212 titulis,
889 2182 921 2206 et

261 2227 437 2263 virtutibus,
453 2232 484 2257 et
496 2224 760 2268 inscriptionibus,
774 2236 829 2256 seu
846 2225 919 2256 titu-

261 2277 299 2308 lis
314 2275 426 2307 summi
442 2275 566 2306 honoris
581 2280 613 2306 et
628 2273 810 2305 consulatus
823 2274 882 2305 sui.

304 2327 356 2357 27.
383 2326 513 2356 Cernere
526 2328 595 2366 jam
621 2326 704 2355 video
728 2327 827 2363 rumpi
847 2335 921 2364 pene

260 2379 341 2407 atria
356 2376 471 2417 tm·ba.]
498 2376 615 2407 Versus
631 2374 809 2411 mendosus,
827 2380 858 2405 et
871 2381 920 2406 ta-

261 2436 332 2457 men
351 2425 500 2456 Oberlino
522 2430 679 2456 servatus:
705 2425 806 2454 videor
827 2423 920 2465 pleri·

261 2487 321 2518 que
351 2481 479 2510 veteres,
509 2479 618 2512 recte;
656 2473 797 2505 nonnulli
824 2473 920 2505 etiam

257 2526 439 2566 penetralia,
468 2524 553 2566 quod
579 2523 694 2565 recepi,
717 2522 919 2565 probantibus

261 2574 390 2606 Heinsio
405 2580 436 2605 et
451 2575 649 2605 Burmanno:
667 2572 721 2603 sed
737 2583 775 2603 ne
791 2571 835 2603 sic
852 2572 920 2614 qui-

261 2624 332 2656 dem
353 2624 440 2654 locus
463 2622 539 2653 mihi
554 2621 678 2653 videtur
698 2622 791 2664 plane
815 2622 847 2653 in
870 2622 918 2653 in-

261 2678 381 2715 t‘egrum
396 2672 568 2703 restitutus.

307 2722 463 2762 Cernere]
490 2722 520 2752 h.
536 2722 557 2752 l.
582 2721 652 2763 plus
675 2727 733 2758 est,
754 2731 849 2762 quam
874 2724 917 2751 vi-

991 1438 1072 1472 dere,
1099 1435 1120 1466 i.
1135 1445 1164 1466 e.
1193 1433 1312 1476 liquido
1340 1432 1460 1474 aliquid
1487 1431 1591 1463 videre
1620 1439 1652 1464 et

992 1493 1190 1526 cognoscere,
1207 1488 1241 1514 ut
1254 1482 1352 1514 oculis
1367 1481 1597 1523 distinguamus
1611 1482 1651 1512 ab

991 1533 1062 1564 aliis
1090 1533 1193 1569 rebus,
1224 1542 1296 1563 cum
1326 1530 1451 1573 quibuS,
1482 1537 1649 1571 antequam

991 1583 1058 1614 visu
1088 1589 1190 1614 nostro
1218 1582 1263 1612 ita
1290 1581 1373 1612 clare
1403 1585 1651 1622 cognosceretur,

991 1632 1080 1673 quasi
1096 1632 1259 1663 confusum
1276 1636 1354 1662 erat.
1392 1630 1542 1660 HARLES.

1033 1683 1085 1713 29.
1119 1682 1240 1722 Templa
1271 1681 1404 1720 Tarpeiae
1432 1682 1506 1710 sedis
1536 1679 1646 1719 adiri]

989 1732 1153 1774 Templum
1172 1729 1396 1773 Capitolinum,
1413 1729 1453 1760 ad
1473 1728 1556 1770 quod
1578 1728 1650 1759 novi

990 1782 1134 1813 consules
1160 1780 1353 1812 accedebant
1373 1777 1574 1810 sacrificaturi
1597 1788 1648 1809 ca-

989 1831 1089 1862 lendis
1103 1832 1122 1862 J
1126 1830 1256 1866 anuarii,
1272 1835 1307 1860 ut
1322 1829 1354 1860 in
1368 1828 1482 1860 Fastis.

1033 1882 1087 1912 31.
1113 1881 1200 1911 Colla
1229 1881 1309 1910 boves
1332 1878 1456 1918 niveos]
1490 1876 1651 1908 Describit

988 1930 1185 1966 sacrificium,
1202 1929 1286 1971 quod
1312 1928 1382 1960 Cal.
1404 1929 1536 1960 Januar.
1555 1926 1651 1957 fiebat

990 1980 1022 2010 in
1037 1979 1203 2022 Capitolio.
1231 1977 1442 2009 Caedebantur
1457 1981 1563 2007 autem
1577 1976 1597 2007 J
1599 1975 1648 2005 ovi

990 2028 1169 2070 Capitolino
1181 2026 1309 2069 juvenci
1327 2025 1401 2062 albi,
1417 2030 1511 2066 atque
1526 2023 1649 2065 injuges

990 2077 1083 2108 electi
1095 2088 1132 2108 ex
1146 2087 1218 2117 agro
1228 2075 1360 2106 Falisco.
1397 2073 1446 2104 Ibi
1458 2073 1552 2108 enim,
1567 2083 1649 2114 aqua

992 2124 1144 2158 Clitumni
1164 2125 1263 2156 amnis
1283 2130 1375 2166 epota
1389 2124 1483 2154 boves
1498 2122 1649 2153 candidos

989 2176 1075 2207 facit.
1118 2174 1235 2206 Falisci
1254 2179 1360 2204 autem
1380 2171 1487 2214 populi
1508 2172 1592 2203 suere
1616 2171 1648 2202 in

987 2224 1126 2256 Thuscia
1140 2223 1223 2254 haud
1240 2222 1348 2265 procul
1364 2222 1402 2252 ab
1417 2221 1505 2251 urbe.

1032 2274 1086 2305 36.
1103 2275 1151 2304 Ad
1173 2279 1227 2303 tua
1247 2271 1362 2311 verba]
1390 2269 1443 2300 Ad
1468 2275 1555 2299 tuam
1580 2279 1647 2300 ora-

989 2323 1114 2360 tionem,
1140 2333 1235 2364 quam
1258 2320 1389 2351 habebis
1411 2319 1444 2349 in
1469 2318 1557 2349 curia
1577 2324 1647 2360 post

987 2372 1174 2404 sacrificium
1210 2369 1436 2413 Capitolinum.
1499 2368 1647 2399 Solebant

987 2422 1071 2453 enim
1100 2421 1172 2452 novi
1200 2419 1344 2451 consules
1370 2417 1486 2460 gratias
1511 2428 1565 2459 pro
1588 2416 1646 2447 sibi

987 2471 1092 2503 delato
1120 2470 1305 2512 magistratu
1329 2467 1444 2510 populo
1467 2477 1570 2508 agere,
1592 2467 1646 2497 be-

988 2519 1142 2562 nigneque
1157 2519 1247 2550 illum
1262 2517 1402 2558 adloqui.

1031 2571 1085 2601 38.
1113 2570 1209 2610 thue
1233 2569 1316 2604 solet,
1337 2566 1470 2606 tulerim]
1498 2565 1539 2595 Et
1562 2571 1644 2607 post-

988 2630 1082 2661 quam
1111 2630 1147 2650 eo
1174 2618 1226 2649 die
1252 2618 1290 2648 de
1315 2628 1398 2647 more
1421 2625 1567 2658 prospera
1590 2614 1646 2645 tibi

986 2669 1090 2700 omnia
1106 2679 1124 2699 a
1137 2667 1346 2699 salutantibus
1358 2664 1507 2696 nunciata
1521 2664 1646 2696 fuerint.

987 2717 1132 2753 Ovidius,
1149 2717 1205 2747 lib.
1221 2717 1241 2746 i.
1258 2717 1341 2747 Fast.
1357 2725 1419 2745 ver.
1431 2714 1486 2744 71:
