1760 3172
319 169 410 210 EX
444 167 655 209 PONTO
690 167 808 207 LIB.
842 166 906 207 II.
940 167 1132 209 EPIST.
1167 168 1248 209 IV.

1389 172 1474 211 415

94 283 325 346 Denique
350 290 517 330 tantus
544 298 679 329 amor
704 282 862 337 nobiS‚
890 283 1160 340 carissime,
1189 300 1397 348 semper,

159 359 387 414 Quantus
412 360 462 406 in
487 358 705 406 AEacidis
730 358 1082 421 Actoridisque
1108 359 1215 407 fuit.

94 436 208 483 Non
233 453 342 499 ego,
366 452 552 483 securae
579 435 774 482 biberes
797 435 836 481 si
862 435 1041 498 pocula
1066 435 1265 493 Lethes,

161 512 406 560 Excidere
430 514 535 560 haec
561 513 758 560 credam
784 520 983 576 pectore
1008 529 1156 576 posse
1182 521 1284 560 tuo.

95 589 265 653 Longa
287 590 395 638 dies
421 590 567 638 citius
592 590 802 637 brumali
837 590 1012 658 sidere,
1042 606 1244 654 noxque
1413 595 1475 638 25

158 667 364 715 Tardior
386 668 595 716 hiberna
619 668 890 715 solstitialis
916 668 1030 725 erit3

95 745 143 792 N
147 761 203 792 ec
231 745 462 809 Babylon
488 752 679 800 aestum,
707 761 798 793 nec
823 744 1005 807 frigora
1025 744 1218 792 Pontus
1238 745 1460 801 habebit,

162 822 444 886 Calthaque
470 823 726 870 Paestanas
750 823 916 869 vincet
940 822 1089 869 odore
1113 839 1274 879 rosas;

97 899 259 954 Quam
283 899 374 947 tibi
398 906 674 947 nostrarum
698 899 898 947 veniant
922 899 1102 946 oblivia
1126 916 1304 955 rerum,

163 976 211 1023 N
215 992 279 1024 on
304 977 372 1024 ita
395 993 508 1040 pars
532 977 618 1024 fati
644 977 856 1024 candida
879 977 1016 1024 nulla
1038 977 1153 1024 mei.

1414 981 1477 1024 30

98 1052 176 1101 Ne
201 1061 367 1102 tamen
391 1055 496 1102 haec
517 1055 614 1102 dici
639 1054 799 1119 possit
823 1054 1006 1101 fiducia
1029 1055 1262 1109 mendax,

165 1130 429 1194 Stultaque
453 1132 719 1179 credulitas
745 1139 913 1179 nostra
936 1131 1105 1187 fuisse,
1133 1148 1276 1180 cave:

101 1207 465 1272 Constantique
490 1210 586 1257 fide
609 1217 828 1257 veterem
851 1217 1012 1257 tutare
1041 1211 1279 1265 sodalem,

165 1285 276 1340 Qua
299 1286 431 1342 licet,
459 1293 509 1334 et
532 1294 774 1350 quantum
799 1303 896 1333 non
922 1303 1158 1334 onerosus
1184 1303 1285 1334 ero.

99 1404 160 1435 Nos
168 1407 302 1445 porticus
312 1406 415 1435 omnis.
459 1405 532 1436 Una
541 1405 635 1436 etiam
649 1404 755 1436 deam—

95 1454 240 1485 bulamus
255 1455 311 1485 sub
326 1453 496 1496 porticibus
510 1455 674 1486 Romanis.

139 1504 192 1534 20.
217 1502 278 1533 Nos
282 1506 403 1543 junctis
415 1515 508 1534 curva
524 1505 641 1534 theatra
656 1505 752 1545 locis]

98 1552 238 1584 Proximi
258 1552 444 1584 sedebamus
465 1553 498 1584 in
523 1553 662 1591 theatris,
675 1553 756 1596 prior

97 1602 266 1634 Thuaneus
292 1609 379 1633 terna
405 1603 524 1634 theatra
535 1615 546 1641 ‚-
581 1603 626 1635 sic
662 1614 757 1646 supra

97 1651 190 1682 Trist.
205 1651 270 1682 III.
284 1651 340 1682 xii.
353 1653 411 1682 24:

142 1700 260 1741 Proque
275 1702 370 1731 tribus
384 1708 523 1732 resonant
539 1708 624 1732 terna
641 1703 757 1732 theatra

218 1750 313 1792 for1‘s.
599 1751 715 1783 HmNs.

101 1800 163 1831 Nos
176 1802 236 1830 via.
264 1801 390 1831 Sacram
401 1800 484 1830 viam
496 1799 648 1842 intellige.
680 1802 757 1832 cm·-

101 1861 137 1880 va
154 1850 283 1880 theatra.
317 1848 455 1879 Theatra
469 1848 604 1880 sinuosa.
638 1850 661 1881 J
662 1853 760 1882 unctis

102 1900 181 1929 locis.
226 1897 316 1929 Locis
330 1896 480 1928 finitimis.

142 1948 196 1978 22.
212 1947 251 1978 In
265 1949 365 1978 eacide
382 1949 584 1987 nestor-ideque
604 1947 676 1978 cod.
694 1949 757 1979 Ba-

101 2006 169 2027 var.
187 1996 242 2027 sed
256 1995 500 2038 suprascriptum
515 2002 562 2027 est
577 2003 660 2028 actor
672 2009 682 2033 ,-
703 1997 758 2028 ad-

101 2045 168 2076 dita
182 2046 294 2087 glossa,
308 2046 518 2086 patroclofilio
533 2048 656 2077 actoris:
674 2052 705 2077 et
720 2047 758 2076 il-

99 2095 164 2125 lam
191 2093 357 2126 lectionem
371 2095 458 2125 AEac.
474 2095 556 2125 Nest.
572 2095 676 2136 plures
702 2095 758 2125 ha-

99 2145 185 2175 bent.
213 2144 319 2185 Atque
335 2144 462 2174 Homer.
476 2144 516 2174 Il.
532 2142 578 2185 φ’,
589 2145 662 2175 655.
692 2145 758 2175 An-

98 2193 259 2229 tilochum,
271 2193 412 2223 Nestoris
428 2193 536 2229 filium,
546 2199 638 2224 vocat
652 2204 758 2225 carum

99 2242 219 2274 Achilli
233 2242 383 2274 sodalem.
428 2242 492 2274 Alii
503 2244 620 2274 Atridis
637 2244 757 2284 Tynda-

100 2294 230 2333 ridisque
236 2304 246 2329 ,·
262 2292 315 2322 alii
326 2291 426 2328 aliter,
437 2292 507 2323 vide
518 2293 693 2329 Heinsium,
705 2294 758 2335 qui

101 2340 289 2383 suspicatur,
306 2346 339 2372 ut
360 2341 392 2371 in
406 2347 495 2372 textu
509 2347 568 2378 est,
586 2353 680 2383 quam
695 2343 758 2373 lec-

101 2390 217 2421 tionem
228 2389 431 2421 certissimam
444 2401 510 2421 esse
526 2391 605 2421 dixit
620 2391 759 2422 uberius-

103 2450 164 2481 que
190 2440 334 2482 probavit
358 2440 491 2471 Auctor.
516 2441 654 2472 Elector.
686 2442 759 2472 Eto-

102 2499 192 2519 nens.
203 2488 258 2519 sed
267 2488 432 2519 Actoridas
444 2489 662 2531 interpretatur
675 2490 712 2519 M
714 2500 759 2520 oe-

103 2537 220 2568 notium
232 2543 264 2568 et
275 2538 456 2568 Patroclum
467 2550 476 2576 ;
489 2538 642 2569 AEacidas
656 2546 760 2570 autem

105 2586 185 2617 Pela
200 2597 272 2617 cum
282 2586 418 2618 Achille.
463 2587 621 2629 Nepotum
634 2588 761 2629 quidem

103 2636 272 2672 celebrata,
290 2636 346 2673 ait,
365 2636 465 2678 magis
478 2637 672 2668 sermonibus
686 2638 761 2668 ami-

103 2683 189 2721 citia,
204 2695 300 2726 quam
322 2690 426 2716 tamen
455 2691 616 2727 paternam
640 2687 764 2717 Actoris

105 2733 261 2775 AEacique
284 2734 417 2766 filiorum
438 2736 579 2777 exemplo
606 2746 762 2766 commen-

823 1404 928 1436 datam
953 1406 1148 1437 extulerant:
1174 1416 1246 1436 nam
1263 1412 1294 1436 et
1309 1406 1418 1437 horum
1434 1418 1481 1438 sa-

824 1456 862 1487 tis
884 1462 930 1487 est
951 1462 1064 1487 testata
1078 1456 1275 1487 necessitudo
1290 1456 1482 1498 conjunctio-

824 1517 904 1547 que3
927 1505 958 1536 in
984 1516 1047 1547 qua
1071 1505 1257 1536 illustranda
1282 1506 1399 1536 multus
1422 1512 1481 1537 est.

824 1555 926 1597 Hujus
962 1555 1247 1597 interpretationem
1275 1565 1380 1586 veram
1417 1567 1483 1587 esse

823 1604 922 1635 eredit
936 1605 1046 1635 Burm.
1092 1604 1241 1635 HARLES.

867 1655 921 1685 27.
951 1654 1014 1685 Nec
1047 1654 1183 1694 Babylon
1213 1653 1326 1694 aeslus.]
1364 1656 1482 1685 AEstum.

824 1702 929 1744 scripti
959 1702 1103 1744 potiores.
1148 1703 1217 1733 Nec
1246 1702 1278 1732 in
1306 1703 1483 1744 Babylonia

825 1752 952 1783 civitate
964 1752 1048 1782 calor
1059 1752 1167 1793 ingens
1183 1753 1257 1790 erit;
1281 1763 1374 1794 quam
1386 1754 1482 1784 Semi—

825 1802 918 1832 ramis
937 1801 1114 1832 condidisse
1136 1801 1268 1840 dicitur;
1291 1802 1411 1844 fuitque
1431 1814 1483 1834 ca-

825 1856 881 1893 put
909 1851 1129 1882 Chaldaearum
1161 1851 1318 1892 gentium:
1358 1851 1401 1882 ibi
1440 1858 1486 1883 est

826 1900 981 1931 maximus
1004 1901 1089 1931 calor
1112 1906 1236 1942 propter
1261 1901 1428 1932 australem
1455 1908 1486 1932 et

825 1949 1006 1980 orientalem
1021 1951 1147 1992 plagam
1163 1949 1339 1982 finitimam.

868 2000 919 2030 28.
946 1999 1140 2040 Calthaque]
1167 1999 1294 2036 Cahha,
1318 1999 1408 2030 violae
1432 2011 1485 2041 ge-

826 2059 883 2079 nus
898 2055 944 2079 est
955 2049 1057 2090 gravis
1069 2048 1180 2085 odoris,
1192 2054 1223 2079 et
1234 2049 1325 2079 Maro
1338 2049 1485 2080 Caltham

825 2099 972 2129 luteolam
994 2098 1154 2140 adpellat3
1179 2109 1274 2140 quam
1295 2105 1326 2129 et
1344 2099 1485 2130 eamdem

826 2159 892 2178 esse
908 2159 978 2179 cum
992 2147 1162 2179 calendula
1172 2147 1370 2178 crediderim.
1419 2149 1485 2179 Pm-

825 2204 926 2227 stanas
946 2208 1035 2227 rosas.
1081 2197 1183 2227 Rosas
1210 2202 1373 2227 nascentes
1402 2198 1484 2238 apud

826 2246 964 2276 Paestum
979 2244 1139 2287 oppidum,
1155 2255 1224 2285 quae
1247 2251 1318 2275 sunt
1340 2245 1487 2286 gravioris

826 2295 926 2325 odoris
953 2304 1047 2335 quam
1076 2293 1192 2324 caltha.
1247 2294 1375 2324 Paestnm
1403 2295 1485 2324 enim

826 2344 973 2385 oppidum
989 2343 1046 2373 fuit
1068 2343 1224 2378 Lucaniae,
1240 2352 1258 2373 a
1273 2342 1392 2373 Graecis
1414 2344 1487 2374 Pos-

826 2392 946 2422 sidonia
984 2391 1188 2432 adpellatum,
1226 2401 1245 2421 a
1282 2391 1487 2422 Doriensibus

827 2440 998 2476 conditum,
1008 2445 1042 2470 ut
1052 2439 1145 2469 docet
1160 2439 1298 2477 Plinius3
1323 2440 1485 2482 Virgilius,

829 2490 944 2530 Georg.
961 2489 1002 2525 iv,
1013 2499 1076 2518 ver.
1092 2489 1171 2519 119:

872 2539 1028 2580 Bit'erique
1043 2540 1154 2568 rosaria
1171 2538 1272 2568 Paesti.

871 2589 924 2618 30.
948 2589 1017 2618 Non
1049 2591 1091 2618 ita
1119 2598 1190 2626 pars
1207 2588 1305 2629 ferti]
1332 2588 1401 2618 Hoc
1431 2595 1487 2624 est,

829 2649 899 2680 pars
928 2637 1034 2679 aliqua
1060 2648 1136 2667 meae
1167 2636 1296 2667 fortunae
1331 2648 1487 2680 prospera,

830 2698 891 2717 non
910 2686 954 2717 ita
976 2686 1077 2727 periit,
1095 2692 1128 2716 ut
1149 2686 1274 2716 credam
1292 2691 1321 2716 te
1339 2687 1397 2717 mei
1411 2688 1488 2718 obli-

831 2736 953 2766 vionem
968 2735 1098 2776 cepisse.

1352 2539 1444 2569 Mm.
