1760 3172
386 179 477 219 EX
510 177 719 218 PONTO
755 176 873 216 LIB.
908 175 945 218 Ι.
977 176 1167 218 EPIST.
1200 178 1254 219 V.

1423 178 1508 219 377

133 294 356 341 Forsitan
381 293 616 340 audacter
639 291 842 346 faciam,
860 292 947 338 sed
973 292 1151 353 glorior
1176 291 1360 339 Istrum

197 370 403 433 Ingenio
428 370 616 416 nullum
640 370 800 431 majus
826 370 1007 416 habere
1032 385 1159 415 meo.

133 446 257 503 Hoc,
277 447 363 494 ubi
377 446 654 501 vivendum,
674 446 793 492 satis
809 452 900 502 est,
922 446 961 492 si
977 461 1255 508 consequor
1275 463 1404 503 arvo,
1443 452 1504 496 65

197 524 333 571 Inter
357 524 649 570 inhumanos
675 539 783 570 esse
809 530 956 586 poeta
981 523 1154 569 Getas.

133 600 242 655 Quo
266 601 385 647 mihi
411 601 657 648 diversum
683 600 813 647 fama
838 600 1137 658 contendere
1162 599 1212 646 in
1237 601 1439 648 orbem?

199 677 359 732 Quem
384 677 578 724 fortuna
601 677 754 733 dedit,
784 677 946 723 Roma
971 675 1035 722 sit
1058 675 1140 723 ille
1165 677 1319 724 locus.

133 753 242 802 Hoc
266 770 377 801 mea
400 761 634 802 contenta
658 761 734 801 est
757 754 926 801 infelix
954 753 1103 800 Musa
1125 754 1318 801 theatro
1340 772 1349 802 :

200 832 282 879 Sic
308 832 491 889 merui3
532 832 697 894 magni
723 832 793 878 sic
819 832 1014 878 voluere
1042 830 1154 877 Dei.
1446 837 1508 878 70

133 908 240 956 Nec
265 925 372 957 reor
396 909 509 955 hinc
535 909 661 956 istuc
688 909 867 955 nostris
892 909 985 955 iter
1007 924 1116 955 esse
1141 908 1338 964 libellis,

198 984 308 1040 Quo
336 985 523 1032 Boreas
542 1001 707 1049 penna
731 985 993 1031 deficiente
1018 984 1168 1031 venit.

132 1061 410 1109 Dividimur
434 1063 582 1120 coelo3
624 1079 836 1126 quaeque
862 1070 938 1110 est
962 1062 1132 1125 procul
1158 1063 1278 1110 urbe
1299 1062 1507 1120 Quirini,

196 1138 427 1203 Adspicit
450 1140 663 1187 hirsutos
690 1141 913 1187 cominus
942 1140 1072 1187 Ursa
1098 1140 1268 1188 Getas.

133 1216 229 1264 Per
243 1224 435 1264 tantum
454 1225 612 1273 terrae,
629 1225 703 1264 tot
724 1234 895 1281 aquas,
913 1218 995 1264 vix
1012 1218 1213 1265 credere
1232 1219 1418 1281 possim
1446 1223 1506 1267 75

198 1293 443 1340 Indicium
470 1295 619 1342 studii
646 1296 954 1343 transiluisse
980 1295 1092 1342 mei.

133 1369 286 1433 Finge
311 1371 424 1433 legi,
446 1372 680 1434 quodque
707 1380 783 1419 est
807 1372 1046 1427 mirabile,
1073 1372 1204 1434 finge
1230 1373 1454 1436 placere3

196 1447 466 1494 Auctorem
492 1456 625 1496 certe
650 1465 725 1495 res
746 1450 888 1511 juvet
913 1449 1007 1495 ista
1031 1449 1168 1495 nihil.

131 1523 242 1578 Quo
267 1525 373 1580 tibi,
401 1525 441 1572 si
463 1526 624 1572 calida
648 1526 841 1589 positus
866 1526 1065 1573 laudere
1094 1526 1276 1589 Syene,

194 1601 298 1648 Aut
322 1602 405 1649 ubi
432 1602 759 1666 Taprobanen
785 1603 960 1650 Indica
985 1603 1138 1665 cingit
1163 1604 1326 1666 aqua?
1448 1607 1510 1650 80

173 1795 226 1826 65.
244 1795 301 1825 Ubi
316 1798 472 1826 vivendum
487 1797 554 1837 esa]
568 1798 667 1834 Quasi
679 1798 763 1829 dicat
777 1812 782 1828 :

129 1843 212 1874 Satis
242 1843 300 1874 erit
328 1845 415 1881 mihi,
445 1845 552 1876 haberi
583 1852 673 1888 poeta
702 1847 785 1889 apud

131 1893 284 1934 Scythas:
309 1904 365 1924 nec
389 1900 436 1925 est
459 1895 641 1932 curandum,
668 1907 706 1927 an
731 1908 785 1939 pa-

131 1951 199 1971 rum
215 1941 305 1973 docte
320 1943 463 1974 scribam.

173 1991 225 2021 67.
249 1991 330 2025 Quid
352 1993 451 2033 milax]
478 1993 629 2029 Subaudi,
654 1993 787 2035 prodest.

133 2039 328 2072 contendere.
364 2041 424 2072 Ire.
488 2042 526 2072 In
555 2044 713 2073 dirersum.
750 2043 787 2073 In

132 2088 307 2120 Romanam
330 2089 498 2121 civitatem.
550 2091 654 2122 Fama.
685 2093 788 2122 Famae

131 2147 236 2169 causa.
287 2139 371 2176 Quid
400 2140 526 2181 prodest
561 2140 648 2177 mihi,
677 2140 788 2182 inquit,

132 2186 285 2223 laborare,
308 2193 343 2218 ut
366 2188 451 2219 fama
474 2198 546 2219 mea
565 2189 700 2220 Romam
719 2200 789 2231 per-

134 2242 250 2266 veniat.

176 2285 228 2315 68.
244 2286 340 2316 Roma
363 2289 401 2317 sit
422 2289 475 2317 ille
498 2288 602 2328 loeus]
628 2289 687 2319 Ille
703 2289 790 2319 locus

132 2334 279 2375 Scythiae,
295 2347 389 2377 quem
410 2336 532 2367 fortuna
552 2337 628 2367 mihi
645 2337 789 2379 adsigna-

133 2384 187 2419 vit,
213 2383 363 2415 habeatur
381 2384 455 2415 mihi
479 2396 533 2427 pro
556 2387 659 2417 Roma
672 2399 680 2425 ;
703 2387 790 2428 quasi

133 2431 236 2463 dicat:
253 2433 374 2464 Sufficit
388 2434 474 2470 mihi,
490 2434 515 2465 si
528 2434 560 2465 in
574 2436 702 2476 Scythia
718 2442 788 2466 tan-

134 2485 200 2511 tum
215 2481 300 2512 fama
314 2492 384 2513 mea
399 2483 438 2513 sit
453 2494 514 2513 non
528 2483 675 2525 vulgaris.
698 2485 791 2514 Man.

176 2530 228 2561 69.
253 2531 318 2561 Hoc
343 2532 486 2572 theatra]
520 2532 553 2562 Si
575 2532 651 2563 mihi
678 2535 717 2564 ab
744 2533 790 2563 his

134 2577 304 2620 plauditur,
320 2581 445 2612 sufficit.
478 2582 579 2612 Pom.

178 2629 230 2659 72.
248 2628 382 2659 Romam
397 2631 556 2670 pervenire
571 2641 654 2661 meos
669 2631 790 2661 libellos

135 2687 196 2707 non
216 2682 301 2719 puto,
318 2689 379 2719 quo
394 2679 510 2710 Boreas
525 2679 603 2721 ipse,
622 2679 675 2721 qui
690 2691 728 2711 ex
743 2679 790 2710 his

135 2727 438 2767 septemtrionalibus
454 2729 558 2765 oritur,
572 2729 620 2760 vix
642 2729 789 2771 pervenit,

855 1803 907 1828 aut
928 1798 1038 1828 saltem
1061 1797 1209 1833 infirmus,
1225 1801 1257 1827 et
1279 1797 1384 1827 fractis
1399 1796 1513 1828 viribus

855 1847 949 1877 venit.
986 1847 1132 1876 HAnLEs.

899 1897 951 1926 73.
971 1896 1082 1926 Procul
1105 1896 1174 1925 urbe
1193 1895 1344 1934 Quirini]
1369 1895 1474 1936 Longe
1496 1906 1515 1926 8.

855 1945 997 1975 Romana
1009 1944 1148 1980 civitate,
1167 1954 1260 1984 quam
1277 1943 1437 1980 Quirinus,
1455 1944 1512 1975 hoc

856 2000 902 2025 est
916 1994 1079 2029 Romulus,
1095 1993 1245 2023 condidit.

899 2044 950 2074 74.
966 2045 1101 2083 Adspicit
1128 2043 1256 2072 hirsutos
1273 2042 1390 2082 Getas]
1417 2041 1514 2072 Videt

857 2092 954 2123 Getas
970 2091 1105 2134 hispidos
1121 2097 1152 2122 et
1163 2091 1309 2121 barbatos
1323 2102 1328 2120 ι
1355 2100 1427 2120 nam
1443 2096 1515 2120 sunt

855 2142 911 2171 sub
938 2142 1019 2172 Ursa
1055 2140 1164 2183 majori
1201 2140 1232 2170 in
1270 2138 1513 2180 septemtrionali

854 2191 958 2232 plaga.
994 2192 1085 2222 MER.

900 2240 950 2271 79.
977 2239 1085 2270 Calida
1102 2238 1222 2279 Syene]
1247 2238 1347 2279 Syene
1364 2236 1513 2278 oppidum

856 2289 914 2319 fuit
936 2300 1028 2330 supra
1044 2286 1267 2318 Alexandriam
1289 2286 1425 2327 quinque
1446 2285 1515 2315 mil-

856 2336 938 2367 libus
953 2335 1132 2367 stadiorum.
1180 2335 1315 2364 calidam
1336 2340 1439 2364 autern
1460 2333 1514 2364 ad-

857 2385 954 2426 pellat
970 2386 1097 2425 Syenen,
1114 2385 1260 2425 quoniam
1277 2382 1392 2413 directe
1413 2383 1516 2413 locata

857 2434 914 2464 fuit
943 2434 998 2464 sub
1024 2432 1142 2473 tropico
1169 2432 1286 2468 aestivo,
1313 2431 1345 2461 id
1374 2437 1430 2467 est,
1457 2432 1514 2462 sub

858 2483 991 2518 Cancro,
1004 2482 1036 2512 in
1053 2487 1190 2512 extremo
1206 2480 1328 2511 torridae
1342 2491 1436 2510 zonae.

900 2532 951 2561 80.
980 2531 1083 2572 Cingit
1115 2537 1160 2561 est
1189 2540 1205 2559 e
1234 2529 1303 2559 cod.
1331 2528 1447 2559 Moreti
1475 2530 1514 2559 ab

858 2581 987 2611 Heinsio
1016 2585 1160 2621 recepta;
1191 2580 1281 2619 tingit
1311 2578 1386 2615 alii3
1414 2581 1514 2619 pingit

858 2631 972 2660 Bavar.
986 2635 1016 2660 et
1028 2630 1142 2659 Erfurt.
1160 2628 1320 2659 Tabronem
1332 2628 1446 2658 Erfurt.
1464 2628 1514 2658 De

859 2679 916 2710 hac
940 2679 1041 2710 insula
1069 2679 1240 2718 Taprobane
1263 2677 1295 2707 in
1315 2677 1390 2707 mari
1411 2677 1514 2708 indico

859 2729 940 2759 rarie
966 2728 1156 2759 tradiderunt
1184 2733 1313 2761 retexes,
1334 2733 1363 2756 ct
1386 2725 1513 2766 quidam
