1760 3172
326 202 419 244 EX
451 202 663 244 PONTO
697 201 816 243 LIB.
851 201 932 243 IV.
966 201 1157 243 EPIST.
1191 203 1283 244 IX.
1411 204 1496 245 509

115 318 294 373 Quaere
317 317 414 365 loci
438 317 632 373 faciem,
663 317 993 382 Scythicique
1014 317 1328 366 incommoda
1352 319 1462 366 coeli
1482 338 1492 377 3

182 394 249 442 Et
273 411 423 458 quam
446 394 608 442 vicino
633 401 818 442 terrear
841 395 1000 449 hoste,
1026 410 1162 456 roga.

115 472 292 520 Sintne
316 472 415 520 litae
439 479 615 519 tenues
641 471 885 535 serpentis
909 471 1024 518 felle
1049 472 1258 534 sagittae,

182 549 294 597 Fiat
318 565 380 597 an
404 549 676 596 humanum
696 548 898 595 victima
922 547 1029 594 dira
1053 555 1221 612 caput.

114 624 349 683 Mentiar,
376 643 439 673 an
462 633 606 674 coeat
630 626 834 673 duratus
860 625 1038 692 frigore
1064 625 1275 681 Pontus,
1436 630 1496 674 85

183 702 250 750 Et
272 710 441 751 teneat
464 703 647 765 glacies
667 704 845 766 jugera
868 703 1025 749 multa
1047 701 1174 749 freti.

116 778 240 827 Haec
265 779 350 827 ubi
376 779 597 836 narrarit,
626 794 737 842 quae
764 779 828 826 sit
851 795 963 827 mea
986 779 1131 835 fama,
1158 779 1382 842 require;

182 855 396 920 Quoque
422 857 567 904 modo
592 871 828 919 peragam
853 863 1078 919 tempora
1101 856 1239 911 dura,
1266 872 1400 919 roga.

118 933 226 981 Nec
252 950 424 981 sumus
448 934 529 981 hic
554 933 683 988 odio,
711 949 803 980 nec
829 932 1023 980 scilicet
1047 948 1157 980 esse
1183 949 1442 991 meremur,

185 1010 293 1059 Nec
319 1027 434 1058 cum
458 1010 654 1058 fortuna
677 1026 816 1058 mens
842 1026 1044 1073 quoque
1069 1025 1210 1057 versa
1236 1026 1345 1058 mea
1370 1019 1463 1059 est.

118 1087 213 1135 Illa
237 1087 379 1151 quies
405 1088 587 1144 animo,
614 1104 764 1151 quam
792 1095 846 1135 tu
870 1087 1072 1134 laudare
1098 1087 1309 1144 solebas,
1437 1092 1494 1136 91

185 1164 278 1212 Ille
300 1172 442 1213 vetus
468 1165 614 1213 solito
639 1171 829 1229 perstat
852 1164 901 1211 in
926 1180 1009 1211 ore
1033 1163 1208 1227 pudor.

122 1242 206 1290 Sic
232 1259 324 1306 ego
351 1259 461 1290 sum
481 1244 646 1306 longe,
670 1243 740 1290 sic
765 1243 861 1299 hic,
889 1241 973 1288 ubi
998 1241 1235 1288 barbarus
1260 1240 1433 1297 hostis,

187 1319 260 1368 Ut
283 1319 387 1368 fera
409 1321 522 1385 plus
546 1321 743 1368 valeant
767 1319 960 1381 legibus
987 1334 1137 1373 arma,
1164 1317 1309 1375 facit3

117 1397 261 1453 Rem,
279 1403 432 1461 queat
455 1404 509 1444 ut
532 1397 721 1444 nullam
738 1402 813 1443 tot
826 1397 946 1459 jam,
970 1394 1215 1449 Graecine‚
1233 1410 1322 1458 per
1342 1411 1496 1443 annos

186 1474 393 1522 Femina
416 1474 480 1522 de
505 1474 665 1531 nobis,
691 1474 839 1530 virve,
866 1490 1047 1537 puerve
1074 1472 1230 1535 queri.
1439 1476 1501 1521 96

121 1549 232 1598 Hoc
257 1551 389 1609 facit,
417 1558 474 1598 ut
497 1552 676 1599 misero
701 1551 898 1599 faveant
923 1550 1187 1613 adsintque
1213 1548 1449 1610 Tomitae3

189 1627 314 1676 Haec
340 1629 575 1692 quoniam
599 1629 746 1677 tellus
771 1628 1085 1677 testificanda
1108 1627 1228 1673 mihi
1253 1635 1344 1675 est.

123 1704 204 1752 Illi
229 1722 324 1762 me,
352 1705 472 1769 quia
493 1706 620 1754 velle
643 1706 827 1762 vident,
855 1705 1111 1753 discedere
1133 1704 1352 1752 malunt:

188 1782 447 1846 Respectu
472 1783 679 1847 cupiunt
702 1782 782 1830 hic
802 1789 969 1830 tamen
994 1798 1104 1830 esse
1130 1782 1222 1828 sui.
1414 1786 1506 1830 100

126 1859 235 1907 Nec
261 1859 381 1907 mihi
406 1860 703 1908 credideris:
736 1866 940 1908 exstant
963 1861 1180 1914 decreta,
1209 1858 1391 1922 quibus
1417 1876 1505 1907 nos

191 1935 400 1994 Laudat,
428 1944 481 1985 et
504 1938 748 1985 immunes
775 1937 975 2002 publica
999 1953 1113 1985 cera
1135 1936 1271 1983 facit.

164 2080 218 2111 84.
234 2079 307 2111 Fiat
326 2092 367 2111 an
387 2081 551 2111 humanum
573 2081 693 2111 victima
715 2083 784 2112 dira
851 2079 1034 2112 discedendi
1057 2081 1096 2111 ab
1118 2079 1163 2111 eis
1185 2079 1217 2110 in
1235 2079 1378 2121 patriam,
1394 2080 1509 2112 vellent

121 2128 239 2169 caput]
264 2130 378 2166 Quaere
399 2129 494 2160 etiam
514 2140 553 2160 an
572 2129 710 2160 homines
735 2140 784 2161 sa·
852 2135 885 2161 ut
901 2129 1106 2160 discederem.
1145 2128 1207 2159 Sed
1222 2134 1337 2164 tamen,
1352 2128 1411 2158 ἃς.

123 2177 298 2208 crifieentur
314 2188 332 2208 a
347 2177 490 2219 Scythis:
509 2189 639 2220 quorum
654 2188 783 2209 consue·
898 2179 968 2209 100.
998 2179 1144 2217 Respectn
1172 2176 1244 2216 sui.]
1278 2177 1423 2215 Respectzo
1459 2188 1510 2208 suo

122 2226 199 2257 tudo
223 2231 290 2258 erat
312 2226 453 2269 hospites
475 2227 647 2264 immolare,
664 2233 698 2258 ut
717 2227 783 2258 dic·
852 2227 978 2263 Moreti‚
998 2226 1095 2258 Servii
1120 2232 1151 2257 et
1172 2226 1261 2268 prim.
1277 2225 1354 2256 edit.
1392 2226 1511 2257 Habita

126 2279 193 2306 tum
209 2281 266 2307 est.
516 2278 525 2293 “
852 2277 971 2307 ratione
991 2276 1127 2318 ipsorum
1141 2274 1342 2312 Tomstarum,
1360 2280 1390 2305 et
1405 2285 1510 2306 eorum

169 2326 223 2357 91.
261 2325 323 2356 Illa
358 2327 438 2366 quies
480 2325 606 2365 animm]
654 2325 783 2356 Modes-
854 2336 959 2357 causa.

126 2373 184 2405 tia.
899 2375 969 2405 101.
1001 2374 1127 2404 Exstant
1161 2373 1308 2413 decreta]
1349 2371 1510 2414 Apparent

171 2424 224 2454 93.
239 2423 288 2454 Sic
303 2435 353 2466 ego
366 2435 430 2454 sum
446 2423 558 2464 longa]
585 2423 702 2454 Versus
717 2433 785 2453 sus·
853 2424 1027 2455 sanctiones
1039 2423 1228 2454 Tomitarum
1242 2422 1280 2453 de
1294 2433 1356 2452 me.
1388 2423 1510 2454 Laudat

125 2478 250 2514 peetus.
274 2473 392 2504 mes.
442 2473 499 2503 Ubi
523 2473 666 2502 barbarus
691 2473 787 2502 hostis.
855 2485 919 2504 nos.
946 2472 1068 2503 Laudat
1084 2483 1182 2503 mores
1197 2477 1227 2502 et
1243 2472 1370 2502 virtutes
1386 2482 1481 2502 meas.

128 2523 259 2554 Hostem
283 2522 434 2565 intellige,
449 2533 511 2553 non
529 2522 718 2557 Tomitanos,
733 2521 789 2552 sed
900 2523 970 2553 102.
994 2522 1035 2551 Et
1054 2523 1196 2551 immunes
1209 2520 1321 2562 favit]
1345 2520 1432 2550 Facit
1457 2531 1509 2551 ex-

129 2572 238 2609 Getas,
252 2583 271 2603 a
286 2573 399 2614 quibus
413 2570 569 2602 Tomitani
591 2571 722 2602 subinde
743 2570 789 2601 in·
856 2577 975 2613 emptos
992 2570 1075 2600 omni
1098 2580 1188 2600 onere
1210 2568 1345 2599 civitatis
1364 2574 1395 2599 et
1412 2568 1509 2600 tribu-

129 2620 337 2652 festabantur.
373 2622 499 2652 M1ch.
856 2627 967 2650 torum.
1015 2620 1142 2649 Publica
1165 2630 1243 2649 cera.
1277 2618 1412 2648 Decreta
1435 2619 1512 2659 pub-

174 2670 228 2701 99.
249 2670 304 2701 Illi
325 2681 380 2707 me,
396 2673 467 2710 quia
486 2670 561 2700 velle
582 2668 712 2708 videam]
740 2667 791 2699 Illi
857 2669 919 2700 lica
943 2669 1057 2710 scripta
1076 2668 1109 2698 in
1132 2668 1247 2698 tabulis
1270 2667 1391 2703 ceratis,
1407 2668 1453 2698 vel
1473 2669 1513 2700 si-

126 2717 272 2757 Tomitae,
288 2719 342 2761 qui
357 2719 467 2753 vident
484 2717 672 2749 desiderium
688 2728 791 2749 meum
858 2717 967 2759 gillata
983 2716 1084 2758 sigillo
1100 2716 1279 2759 reipublicae
1293 2715 1477 2748 Tomitanae.
