1760 3172
171 161 256 202 340
555 158 605 198 Ρ.
645 156 856 198 OVIDII
890 156 1169 198 NASONIS

178 276 265 323 Ille
290 290 443 322 senex
468 273 631 320 dictus
658 273 854 336 sapiens
880 273 941 318 ab
967 271 1216 334 Apolline,
1245 271 1430 317 nullum
1499 274 1552 317 15

244 351 472 398 Scribere
498 349 547 395 in
572 348 665 396 hoc
691 365 809 395 casu
837 347 1156 394 sustinuisset
1180 364 1321 411 opus.

184 427 249 475 Ut
271 426 442 491 patriae
467 425 682 480 veniant,
710 423 910 471 veniant
934 424 1115 471 oblivia
1137 424 1314 480 vestri3

243 504 418 551 Omnis
446 511 501 550 ut
528 502 732 550 admissi
759 517 935 549 sensus
957 502 1130 548 abesse
1157 508 1337 564 queat;
1466 504 1507 564 „qi

176 581 243 628 At
266 582 411 628 timor
436 565 594 627 &ficio
619 579 756 642 fungi
783 586 918 626 vetat
942 578 1049 642 ipse
1075 578 1273 641 quieto:

243 658 450 705 Cinctus
476 658 537 704 ab
563 657 819 704 innumero
846 673 923 703 ine
951 663 1088 703 tenet
1112 656 1256 702 hoste
1281 656 1435 702 locus,
1493 658 1556 700 20

177 735 337 790 Adde,
365 735 500 798 quod
525 734 778 797 ingenium
804 734 953 795 longa
978 733 1205 795 rubigine
1229 733 1403 780 laesum

243 811 444 875 Torpet‚
470 818 522 859 et
546 818 623 859 est
646 811 818 867 multo,
846 826 997 873 quam
1021 809 1115 857 fuit
1140 818 1270 865 ante,
1297 811 1475 856 minus

180 888 392 944 Fertilis,
419 888 627 936 ‘adsiduo
649 889 695 952 si
719 905 816 935 non
843 896 1102 935 renovetur
1127 896 1302 942 aratro,
1552 906 1594 952 ,ἦ

246 965 347 1020 Nil,
374 965 466 1012 nisi
492 981 605 1012 cum
632 964 788 1028 spinis
814 982 1031 1028 gramen,
1059 965 1262 1013 habebit
1286 980 1431 1028 ager:
1567 960 1570 963 ’

179 1041 421 1106 Tempore
448 1042 533 1109 qui
561 1042 710 1104 longo
736 1041 943 1097 steterit,
971 1043 1098 1088 male
1123 1049 1305 1100 curret,
1328 1037 1379 1089 „et
1404 1041 1530 1087 inter

248 1106 544 1167 Carceribus
571 1119 748 1166 missos
775 1118 976 1166 ultimus
1003 1118 1093 1165 ibit
1118 1115 1301 1181 equos‘:
1497 1119 1559 1163 26

181 1196 400 1244 Vertitur
424 1197 474 1243 in
499 1204 723 1244 teneram
748 1196 947 1252 cariem,
974 1196 1210 1259 rimisque
1236 1195 1464 1249 dehiscit,

250 1273 303 1320 Si
328 1289 429 1336 qua
451 1274 536 1320 diu
561 1274 717 1321 solitis
742 1274 925 1338 cymba
948 1274 1132 1321 vacarit
1156 1273 1325 1337 aquis:

184 1350 270 1398 Me
296 1366 498 1414 quoque
524 1352 751 1415 despero,
778 1351 953 1417 fuerim
980 1368 1133 1415 quum
1158 1366 1335 1415 parvus
1356 1357 1407 1397 et
1430 1355 1559 1404 ante,

250 1427 345 1483 Illi,
373 1428 458 1491 qui
484 1428 687 1485 fueram,
715 1416 1046 1493 possesredire
1071 1443 1256 1492 parem.
1499 1428 1563 1471 30

186 1504 429 1552 Contudit
453 1505 705 1569 ingenium
730 1506 972 1570 patientia
995 1507 1144 1569 longa
1168 1505 1406 1559 laborum,

251 1580 317 1628 Et
340 1597 454 1645 pars
480 1583 669 1646 antiqui
696 1599 877 1645 magna
900 1583 1078 1645 vigoris
1104 1583 1261 1630 abest.

187 1657 333 1722 Saepe
358 1665 525 1706 tamen
547 1659 706 1715 nobis,
728 1666 783 1707 ut
807 1676 936 1707 nunc
958 1675 1175 1723 quoque,
1198 1664 1363 1705 sumta
1381 1657 1566 1704 tabella

252 1734 413 1798 Inque
438 1752 553 1783 suos
578 1737 708 1784 volui
733 1753 911 1800 cogere
935 1738 1085 1785 verba
1107 1737 1288 1801 pedes:
1449 1736 1563 1796 [est,

188 1811 423 1859 Carmina
441 1813 626 1876 scripta
645 1814 763 1861 mihi
785 1822 901 1862 sunt
921 1816 1072 1871 nulla,
1091 1822 1175 1862 aut
1193 1813 1360 1877 qualia
1378 1811 1560 1867 cernis;

254 1888 419 1951 Digna
443 1889 516 1936 sui
542 1890 728 1938 domini
753 1898 993 1955 tempore,
1021 1892 1171 1952 digna
1193 1891 1316 1938 loco.
1503 1891 1565 1936 36

186 2095 253 2115 sum
269 2095 377 2127 pamm
394 2086 569 2129 adpositum
585 2098 620 2118 ac
636 2088 764 2130 proinde
778 2099 844 2119 sus·
953 2090 1005 2120 27.
1031 2089 1200 2130 Teneram]
1235 2089 1303 2119 Hoc
1325 2088 1487 2130 epitheton
1508 2097 1568 2117 non

186 2140 311 2176 pectum
337 2146 416 2172 esse,
443 2142 477 2166 ut
503 2136 651 2168 Heinsius
679 2137 845 2169 arbitratus
911 2138 1014 2179 placet
1042 2140 1235 2175 Burmanno,
1267 2137 1320 2180 qui
1349 2145 1466 2168 lennem
1494 2148 1567 2168 con-

185 2189 243 2214 est.
290 2185 394 2215 Poetae
419 2195 505 2216 mens
527 2191 584 2222 est,
610 2186 745 2227 Augusti
769 2187 845 2217 iram
907 2189 1039 2229 jecerat,
1057 2188 1206 2220 Heinsius
1223 2199 1295 2219 vero
1311 2194 1341 2219 et
1357 2186 1507 2218 Francius
1528 2194 1569 2217 re-

186 2232 402 2264 terribiliorem
417 2244 494 2270 esse,
511 2245 606 2276 quam
624 2234 728 2266 odium
748 2236 847 2267 homi·
913 2245 1001 2268 tram.
1046 2238 1201 2280 Equidem
1227 2237 1304 2268 nihil
1330 2242 1493 2272 mutarem,
1514 2237 1568 2267 sed

188 2291 262 2312 num
298 2282 551 2319 Atheniensium,
589 2284 672 2326 quod
706 2285 848 2317 Socrates
913 2287 1084 2318 secundum
1100 2287 1229 2329 primam
1241 2287 1332 2328 hujus
1351 2286 1493 2317 vocabuli
1508 2285 1569 2327 sig—

188 2340 277 2372 aequo
284 2331 386 2362 animo
395 2332 532 2373 pertulit,
541 2338 572 2363 et
581 2332 733 2375 sapientia
741 2334 847 2366 Socra·
915 2336 1125 2366 nificationem
1165 2336 1381 2378 interpretarer
1409 2335 1570 2378 fragilem,

188 2379 228 2410 tis
243 2381 424 2411 succumbet
441 2387 526 2412 tanto
540 2382 632 2413 malo.
663 2382 753 2413 Cadit
766 2394 848 2420 vero,
915 2394 986 2415 cum
1010 2384 1116 2427 primis
1139 2383 1162 2415 si
1185 2391 1268 2415 tener
1289 2395 1308 2415 a
1326 2385 1416 2427 τείρω
1432 2390 1508 2420 tero,
1525 2389 1569 2414 at—

189 2439 258 2470 quae
284 2434 332 2460 est
350 2430 443 2461 lectio
466 2431 536 2462 cod.
559 2431 730 2468 Leidensis,
747 2432 848 2464 sortior
915 2438 979 2464 tero
999 2433 1184 2464 derivemus.
1231 2434 1379 2465 HARLES.

187 2489 254 2509 esse
268 2478 390 2510 videtur
401 2485 433 2510 et
445 2479 541 2512 πάθει
551 2480 662 2522 aptior.
701 2481 847 2513 manns.
957 2483 1009 2512 28.
1032 2482 1141 2522 Cymba
1165 2484 1279 2513 vacarit
1299 2482 1410 2523 aquis]
1437 2481 1468 2512 Si
1484 2481 1515 2511 in
1531 2481 1570 2511 ri-

230 2529 282 2559 21.
300 2527 461 2570 Ingenium
473 2531 559 2572 longa
572 2532 711 2572 rubigine
722 2531 846 2572 hesum]
914 2541 985 2573 pam
1002 2531 1166 2568 subducta,
1181 2531 1235 2563 diu
1250 2532 1339 2562 haesit
1353 2532 1384 2562 in
1399 2532 1510 2562 arenis.

189 2575 260 2612 Vel,
293 2578 429 2617 plenum,
458 2578 701 2610 Arondelianus.
746 2579 848 2617 Forte,
959 2581 1013 2611 33.
1043 2580 1082 2610 Ut
1105 2592 1185 2611 nunc
1201 2593 1310 2622 quoque
1324 2581 1448 2622 summ]
1476 2579 1567 2611 Nihi-

188 2636 297 2656 rosum.
320 2627 437 2658 Hlarus.
461 2627 566 2669 Longa
578 2629 727 2669 rubigine.
743 2629 849 2667 Longa
916 2629 1048 2661 lominus
1062 2630 1212 2672 imperare
1223 2631 1297 2661 mihi
1312 2641 1372 2662 non
1386 2630 1480 2673 potui,
1496 2629 1570 2671 quin

189 2675 391 2715 componendi
410 2675 625 2707 desuetudine.
672 2677 763 2707 Men.
916 2677 1091 2709 scriberem.
1136 2679 1238 2710 Ροκτ.
