1760 3172
243 173 328 214 442

646 172 696 212 Ρ.
730 169 942 212 OVIDII
978 170 1259 213 NASONIS

248 288 362 336 Non
383 288 531 350 igitur
555 288 748 342 mirum,
775 286 923 334 finem
950 287 1288 350 quaerentibus
1315 287 1488 335 horum

312 365 482 413 Altera
506 364 546 411 si
574 363 715 411 nobis
741 379 900 426 usque
926 370 1124 425 rogatur
1148 363 1343 411 humus.
1566 368 1628 410 30

246 443 317 491 Te
342 443 500 506 magis
526 450 603 490 est
627 442 805 489 mirum
830 456 928 487 non
954 440 1046 487 hoc
1073 439 1316 496 evincere,
1344 442 1551 503 conjux;

313 520 473 584 Inque
499 521 623 567 meis
648 520 893 582 lacrymas
919 534 1066 582 posse
1091 525 1261 565 tenere
1287 518 1443 565 malis.

248 598 381 653 Quid
405 597 574 653 facias,
603 596 818 660 quaeris?
855 611 1049 659 quaeras
1074 595 1167 642 hoc
1193 595 1385 643 scilicet
1408 595 1595 658 ipsum;

314 674 560 730 Invenies,
586 689 700 721 vere
725 673 765 720 si
791 673 1007 736 reperire
1029 672 1181 720 voles.

246 754 387 801 Velle
412 769 586 817 parum
612 759 712 800 est:
752 751 941 815 cupias,
969 758 1024 798 ut
1047 767 1099 798 re
1125 749 1344 814 potiaris,
1372 757 1594 814 oportet3

314 830 379 877 Et
403 831 553 877 faciat
577 845 776 877 somnos
801 829 906 876 haec
932 828 1022 875 tibi
1049 844 1168 876 cura
1192 829 1383 875 breves.
1568 831 1630 875 36

245 907 387 955 Velle
407 923 514 955 reor
532 907 738 955 multos:
779 907 891 970 quis
913 907 1044 954 enim
1065 906 1184 953 mihi
1205 914 1305 953 tam
1327 906 1391 953 sit
1412 905 1629 969 iniquus,

314 985 472 1049 Optet
496 992 550 1032 ut
573 984 804 1032 exsilium
828 1000 953 1048 pace
977 999 1146 1031 carere
1169 983 1366 1030 meum?

247 1062 459 1110 Pectore
484 1070 534 1109 te
559 1069 680 1117 toto,
707 1061 1001 1123 cunctisque
1026 1060 1314 1108 incumbere
1339 1059 1517 1114 nervis,

313 1139 381 1186 Et
404 1139 494 1186 niti
519 1155 608 1202 pro
633 1155 713 1186 me
738 1145 882 1186 nocte
907 1138 1092 1201 dieque
1116 1137 1280 1184 decet.
1570 1138 1634 1181 40

249 1216 419 1280 thue
436 1218 613 1280 juvent
638 1215 735 1272 alii,
762 1223 815 1263 tu
841 1216 995 1263 debes
1019 1216 1217 1262 vincere
1244 1213 1446 1269 amicos,

315 1293 470 1350 Uxor,
497 1301 548 1341 et
572 1294 634 1341 ad
658 1301 826 1357 partes
853 1293 1012 1358 prima
1035 1294 1203 1342 venire
1229 1300 1355 1339 tuas.

247 1371 435 1434 Magna
459 1371 548 1418 tibi
574 1371 806 1435 imposita
831 1378 907 1419 est
931 1371 1112 1418 nostris
1136 1385 1349 1434 persona
1373 1368 1553 1416 libellis
1574 1386 1582 1416 :

313 1448 555 1511 Conjugis
577 1449 864 1511 exemplum
890 1448 1068 1495 diceris
1094 1464 1205 1495 esse
1228 1447 1389 1493 bonae.

246 1524 390 1573 Hanc
415 1541 534 1573 cave
555 1525 856 1587 degeneres:
897 1533 951 1572 ut
971 1525 1070 1572 sint
1094 1527 1342 1589 praeconia
1365 1533 1535 1573 nostra
1570 1526 1632 1570 45

311 1603 442 1651 Vera
465 1603 579 1659 fide,
603 1602 747 1649 famae
770 1618 870 1665 quo
895 1603 1079 1650 tuearis
1104 1619 1246 1667 opus.

243 1701 527 1744 septemtrionalem
551 1701 714 1737 ineu-itam,
737 1707 769 1731 et
797 1700 901 1732 deser-

244 1757 319 1782 tam.

287 1801 340 1832 28.
365 1800 428 1830 Nec
439 1801 511 1840 pede
524 1810 579 1839 quo
594 1800 760 1839 quisquam,
775 1810 826 1830 nec
841 1806 907 1830 rate

245 1856 329 1881 tutus
343 1850 419 1890 enh]
447 1850 577 1891 Propter
591 1848 765 1879 latrocinia.
810 1849 904 1880 Pere-

243 1899 323 1940 grini
351 1898 446 1935 enim,
469 1898 534 1929 sive
560 1898 648 1933 mari,
672 1897 737 1928 sive
766 1904 848 1929 terra
874 1897 906 1928 in

243 1948 377 1979 Pontum
398 1947 592 1989 perveniunt,
608 1947 647 1977 ab
662 1947 772 1978 incolis
787 1947 859 1978 feris
875 1954 906 1978 et

243 1997 432 2028 immanibus
445 1996 650 2028 trucidantur.

287 2048 339 2078 30.
363 2047 467 2077 Altera
483 2046 617 2086 humus]
643 2045 754 2076 Altera
773 2052 854 2076 terra
875 2052 905 2077 et

243 2096 349 2127 mitius
362 2095 517 2127 exsilium.

286 2146 339 2176 31.
368 2145 440 2175 Hoec
470 2156 528 2175 non
565 2147 699 2175 evincere
734 2145 788 2185 te.]
826 2145 903 2175 Haec

244 2194 339 2231 mala,
352 2205 422 2236 quae
432 2193 542 2236 patior,
556 2204 616 2224 non
630 2194 753 2225 flectere
766 2194 904 2224 animum

245 2251 333 2276 tuum
348 2243 388 2275 ad
404 2242 645 2274 misericordiam
659 2256 665 2273 ι
691 2250 722 2274 et
737 2243 807 2274 ideo
821 2243 903 2274 miti-

243 2304 327 2325 orem
342 2294 381 2324 ab
396 2294 580 2335 imperatore
595 2303 650 2335 pro
666 2303 715 2323 me
735 2293 836 2324 exsilii
858 2293 902 2323 lo-

244 2353 315 2374 cum
328 2348 431 2385 petere
443 2342 584 2373 deberes.

287 2392 340 2423 33.
365 2391 576 2433 Quiclfacias,
592 2391 725 2432 quaeris]
751 2390 835 2428 Quid
851 2401 904 2433 pro

243 2451 292 2473 me
308 2441 463 2482 agendum
479 2440 530 2477 sit,
543 2440 722 2482 interrogas.

289 2493 340 2523 35.
361 2491 499 2531 Capias-J
526 2490 599 2521 Non
615 2491 699 2526 satis,
714 2490 826 2531 inquit,
838 2490 903 2520 fuc-

243 2541 282 2571 rit
306 2540 387 2571 velle
411 2551 466 2582 pro
495 2550 543 2570 me
568 2539 700 2581 aliquid,
726 2539 785 2570 nisi
809 2538 902 2570 etiam

244 2588 410 2631 optaveris.
456 2589 511 2619 Est
532 2594 636 2619 autem
657 2589 749 2619 ordo:
784 2595 902 2630 oportet

245 2639 364 2680 cupias,
379 2645 414 2669 ut
428 2638 554 2680 potiaris
575 2649 618 2674 re,
633 2638 690 2670 hoc
711 2645 768 2674 est,
784 2645 819 2668 ut
838 2648 901 2669 rem

245 2686 434 2730 adsequaris‚
463 2693 495 2718 ut
524 2687 645 2719 scilicet
678 2688 843 2719 transferar
872 2689 901 2718 in

245 2736 349 2768 mitius
363 2737 516 2768 exsilium.

1020 1701 1170 1738 Volumus,
1201 1713 1296 1744 quum
1331 1708 1486 1744 optamus,
1518 1706 1548 1731 et
1581 1710 1631 1730 vo-

973 1751 1010 1781 tis
1033 1750 1214 1792 simpliciter
1243 1751 1460 1792 defungimur:
1486 1752 1632 1788 cupimus,

974 1810 1070 1841 quum
1099 1800 1285 1837 laboramus,
1305 1800 1449 1831 ardenter
1480 1799 1633 1830 volumus.

974 1849 1121 1880 HAnm-:s-

1017 1899 1069 1930 36.
1100 1899 1141 1929 Et
1169 1899 1273 1940 faciat
1310 1911 1420 1930 somnos
1458 1898 1545 1938 haec.]
1594 1897 1633 1928 Et

973 1954 1103 1989 oportet,
1113 1953 1148 1979 ut
1163 1953 1257 1979 noctu
1269 1947 1412 1989 invigiles
1427 1947 1503 1989 qnid
1520 1947 1569 1978 die
1581 1957 1635 1988 pro

973 2007 1021 2027 me
1037 1996 1217 2027 faciendum
1233 1997 1283 2027 sit.

1015 2045 1066 2076 37.
1095 2046 1175 2076 Velle
1188 2056 1252 2076 reor
1267 2047 1372 2076 multos
1387 2045 1466 2086 qui]
1495 2045 1634 2076 Arbitror

972 2095 1086 2126 multos
1109 2095 1235 2136 quidem
1255 2105 1332 2130 esse,
1349 2095 1413 2137 qui,
1430 2096 1454 2125 si
1475 2094 1635 2126 voluntate

973 2151 1108 2185 possent,
1123 2151 1176 2176 aut
1190 2155 1227 2176 ea
1248 2145 1312 2176 sola
1333 2145 1499 2180 sufficeret,
1515 2155 1564 2175 me
1583 2144 1634 2186 ju-

973 2206 1043 2226 vare
1058 2196 1195 2234 vellent3
1218 2195 1272 2227 sed
1297 2205 1359 2226 non
1377 2195 1453 2226 satis
1468 2201 1515 2226 est
1531 2194 1612 2226 velle
1627 2207 1631 2223 :

974 2255 1080 2276 verum
1110 2250 1230 2286 oportet
1256 2250 1320 2275 toto
1345 2250 1469 2286 pectore
1495 2244 1527 2275 in
1552 2243 1632 2275 hanc

973 2304 1038 2324 rem
1065 2299 1095 2324 te
1121 2293 1318 2324 incumbere:
1353 2303 1539 2334 omnemque
1559 2303 1632 2335 ope-

972 2353 1036 2373 ram
1068 2353 1104 2374 ac
1139 2342 1334 2384 diligentiam
1371 2341 1542 2379 advertere,
1572 2343 1632 2373 ἃς.

972 2392 1097 2423 thvi..

1015 2442 1067 2472 38.
1105 2441 1216 2472 Carere
1251 2441 1349 2481 paca]
1388 2440 1504 2471 Carere
1539 2439 1633 2470 animi

972 2490 1197 2532 tranquillitate
1223 2501 1260 2520 ex
1284 2490 1331 2520 his
1356 2490 1448 2525 curis,
1465 2488 1496 2519 in
1519 2489 1634 2529 quibus

971 2539 1099 2571 adsidue
1112 2550 1224 2570 versor.

1015 2589 1066 2618 43.
1092 2588 1206 2629 Magna
1226 2587 1379 2628 persuum]
1411 2586 1509 2623 Quasi
1535 2585 1632 2621 dicat,

972 2648 1120 2679 magnum
1135 2647 1258 2668 nomen.

1015 2689 1068 2718 45.
1104 2687 1194 2717 Hanc
1230 2698 1299 2717 cute
1329 2684 1485 2726 degenen]
1527 2684 1631 2714 Etiam

973 2737 1084 2767 Bavar.
1113 2747 1183 2766 cum
1215 2735 1391 2765 melioribus
1420 2740 1449 2764 et
1487 2733 1633 2764 Heinsius
