1760 3172
353 172 664 216 TRISTIUM
698 173 818 215 LIB.
856 174 919 215 II.
955 175 1046 217 EL.
1081 175 1302 218 UNICA.

142 288 328 336 Accius
354 296 489 338 esset
513 296 657 337 atrox
679 308 689 347 3

1459 179 1545 221 205

730 289 938 338 conviva
962 289 1226 338 Terentius
1253 300 1415 350 esset;

208 366 394 414 Essent
417 382 690 431 pugnaces,
718 366 804 430 qui
829 366 933 414 fera
957 368 1090 415 bella
1111 375 1313 416 canunt.

1445 373 1543 418 36O

143 443 377 507 Denique
402 443 662 507 composui
687 450 885 491 teneros
913 460 1012 490 non
1039 445 1173 491 solus
1201 443 1442 494 Amores:

209 521 503 585 Composito
528 538 703 585 poenas
730 522 864 569 solus
891 538 1057 569 amore
1084 522 1217 570 dedi.

142 598 276 653 Quid
301 598 395 645 nisi
420 615 535 646 cum
560 600 716 646 multo
742 599 1321 651 Veneremconfundere
1346 600 1460 647 vino

208 675 458 740 Praecepit
481 676 625 739 lyrici
651 676 774 723 Teia
799 676 951 723 Musa
975 676 1143 723 senis?

144 752 326 801 Lesbia
350 754 471 816 quid
497 754 668 801 docuit
696 753 920 818 Sappho,
948 753 1043 800 nisi
1070 769 1251 808 amare,
1279 754 1509 817 puellas?

208 830 340 878 Tuta
363 837 532 878 tamen
561 831 784 895 Sappho,
811 838 950 878 tutus
977 837 1028 878 et
1053 830 1136 877 ille
1161 830 1271 877 fuit.

1445 835 1541 879 366

143 906 191 953 N
196 923 253 954 66
277 908 384 964 tibi,
414 902 666 964 Battiade,
694 880 1046 982 nocuit,squod
1072 924 1207 972 saepe
1232 908 1418 971 legenti

209 984 432 1033 Delicias
457 1001 602 1033 versu
628 984 790 1033 fassus
816 1001 869 1032 es
895 984 1004 1048 ipse
1029 992 1158 1032 tuaS.

143 1060 335 1110 Fabula
351 1062 564 1126 jucundi
588 1063 725 1110 nulla
748 1069 826 1109 est
851 1061 958 1110 sine
984 1078 1152 1109 amore
1178 1061 1475 1120 Menandri;

210 1139 277 1187 Et
301 1141 430 1187 solet
453 1140 533 1187 hic
559 1140 733 1225 pueris·
751 1139 1129 1203 virginibusque
1153 1139 1270 1202 legi.

1442 1144 1541 1188 370

142 1215 295 1264 Ilias
285 1233 396 1281 ipsa
421 1218 541 1281 quid
567 1225 660 1274 est,
687 1217 782 1265 nisi
805 1217 966 1281 turpis
992 1210 1326 1273 adulterasde
1352 1233 1453 1281 qua

208 1294 348 1342 Inter
372 1303 645 1343 amatorem
669 1311 839 1360 pugna
862 1296 1123 1358 virumque
1148 1280 1270 1342 fuit.
1258 1295 1275 1330 7

144 1370 278 1425 Quid
303 1371 440 1436 prius
466 1379 543 1420 est
567 1373 637 1419 illi
662 1373 864 1420 flamma
890 1371 1231 1436 Chryseidos,
1218 1372 1236 1406 7
1249 1369 1429 1435 ‘sitque

211 1447 407 1496 Fecerit
431 1449 583 1497 iratos
610 1456 752 1514 rapta
775 1450 946 1514 puella
971 1449 1164 1497 duces?

140 1526 244 1574 Aut
267 1526 388 1590 quid
417 1526 652 1592 Odyssea
684 1521 902 1584 est‚5''‘nisi
936 1527 1136 1583 femina,
1165 1535 1372 1592 propter
1404 1544 1539 1576 amo-

345 1619 467 1660 rem,

210 1679 346 1728 Dum
370 1681 442 1728 vir
466 1682 628 1739 abest,
655 1683 825 1730 multis
851 1700 951 1731 una
974 1684 1133 1748 petita
1157 1683 1356 1748 procis?

188 1841 262 1873 359.
287 1841 372 1872 Esset
392 1842 507 1883 atram]
540 1842 630 1874 Esset
658 1843 807 1880 crudelis,

142 1896 318 1933 propterea,
336 1891 420 1933 quod
437 1892 608 1933 tragoedias
620 1892 755 1935 scripsit.

187 1941 261 1972 364.
279 1941 350 1973 Teia
366 1942 487 1983 Musa]
514 1942 721 1974 Anacreontis
734 1944 808 1974 Mu-

142 2000 196 2021 sat
220 1990 246 2021 is
266 1989 349 2022 enim
371 1991 457 2022 Teon
478 1991 613 2034 patriam
636 1992 759 2029 habuit,
774 1998 809 2024 ut

143 2045 190 2070 est
205 2044 315 2070 auctor
329 2040 451 2071 Strabo.

187 2090 261 2120 365.
286 2089 392 2120 Lesbia
406 2091 479 2130 quid
493 2090 596 2120 docuit
612 2090 739 2130 Sappho,
750 2093 808 2122 nisi

144 2150 256 2175 amare,
263 2140 382 2179 puellas
390 2139 418 2179 ?]
445 2138 572 2180 Sappho
584 2140 698 2171 Lesbia
707 2140 807 2182 prima

143 2186 298 2229 plectrum
324 2187 449 2229 reperit,
473 2187 569 2218 libros
590 2188 703 2230 lyricos
725 2200 808 2220 com-

144 2236 258 2278 posuit,
278 2236 516 2278 epigrammata,
538 2237 670 2274 iambos,
694 2244 725 2269 et
746 2239 809 2270 ele-

144 2285 235 2327 gias:
266 2286 359 2328 hujus
388 2291 494 2317 autem
519 2292 667 2328 poemata
691 2287 810 2320 lasciva

143 2340 243 2365 erant.
289 2335 330 2365 Et
347 2335 425 2366 Hor.
438 2335 500 2366 Od.
515 2335 558 2367 iv.
572 2336 615 2366 ix.
634 2337 681 2367 ll.
698 2348 749 2378 sq:

236 2385 404 2425 Vivuntque
420 2387 561 2417 commissi
576 2388 688 2417 calores

276 2435 505 2476 AEoliaefidibus
519 2437 637 2475 puellar-

190 2483 266 2514 367.
301 2483 364 2513 Nec
393 2485 460 2520 tibi,
491 2484 646 2521 Buttiade,
677 2486 806 2527 nocuit]

145 2532 310 2563 Battiades
333 2533 551 2565 Callimachus
578 2535 768 2577 appellatur,
792 2547 811 2567 a

146 2582 250 2618 Batto,
271 2582 394 2623 generis
414 2583 462 2614 sui
486 2590 624 2620 auctore,
641 2585 695 2626 qui
711 2585 810 2627 Cyre·

146 2641 216 2662 nem
239 2631 393 2667 condidit,
417 2638 451 2663 ut
476 2633 598 2670 Strabo,
622 2634 810 2671 Herodotus,

144 2686 176 2710 et
191 2681 336 2712 Justinus
353 2681 506 2713 scribunt.
554 2683 738 2725 Composuit
754 2694 810 2715 au-

146 2735 208 2760 tem
225 2736 374 2771 poemata
390 2732 474 2762 omni
487 2742 600 2772 genere
617 2734 788 2766 carminum
805 2746 810 2762 ε

1443 1687 1540 1732 376

877 1845 987 1886 Lyden
1003 1844 1142 1887 puellam
1166 1845 1295 1882 amavit,
1313 1845 1352 1877 de
1368 1855 1431 1887 qua
1449 1846 1543 1876 etiam

877 1895 996 1936 elegias
1011 1894 1146 1936 scripsit.

921 1945 994 1975 371.
1020 1944 1095 1975 Ilias
1116 1946 1179 1984 ipsa
1202 1945 1274 1985 quid
1301 1950 1341 1975 est
1365 1944 1463 1981 aliud,
1485 1946 1546 1975 nisi

877 1994 1047 2034 adultera]
1063 1994 1131 2024 Nisi
1141 1996 1238 2034 turpis
1248 1995 1390 2024 adultera
1401 1994 1544 2036 cumpri-

877 2044 937 2075 mis
946 2044 1155 2083 editionibus3
1168 2044 1270 2086 Epist.
1281 2044 1323 2074 La
1329 2042 1472 2080 odamiae,
1483 2045 1524 2075 33
1536 2056 1542 2074 ε

922 2094 1004 2128 Quid
1018 2095 1135 2133 petitur
1156 2099 1242 2124 tanto
1260 2094 1318 2123 nisi
1338 2094 1438 2133 turpis
1453 2094 1544 2124 adul-

964 2150 1028 2173 tera
1045 2143 1143 2174 bello?

880 2191 989 2232 Turpis
1004 2192 1062 2223 hoc
1078 2193 1147 2223 loco
1162 2191 1202 2222 ad
1218 2201 1329 2226 mores,
1347 2201 1407 2220 non
1431 2191 1471 2222 ad
1497 2191 1542 2223 fa-

878 2241 958 2272 ciem
987 2242 1118 2272 refertur
1132 2253 1140 2279 3
1172 2240 1205 2271 in
1233 2240 1335 2282 Epist.
1359 2240 1473 2272 OEnon.
1502 2241 1543 2273 ad

881 2291 987 2322 Parid.
1003 2291 1042 2321 de
1059 2291 1126 2333 ipsa
1143 2290 1277 2325 Helena,
1296 2300 1360 2320 ver.
1380 2290 1440 2320 170
1455 2302 1461 2320 :

933 2341 1072 2371 erebat
1086 2342 1199 2381 gremio
1214 2341 1310 2378 turpis
1325 2340 1420 2369 amica
1437 2346 1499 2371 tun.

1406 2387 1523 2420 HEINS.

931 2439 1008 2469 373.
1048 2438 1130 2472 Quid
1158 2439 1244 2477 prius
1272 2444 1314 2467 est
1344 2438 1391 2467 illi
1412 2438 1544 2478 flamma

881 2488 1083 2528 Chryseidos]
1113 2487 1198 2524 Quid
1221 2487 1253 2517 in
1269 2486 1422 2529 principio
1437 2488 1541 2519 statim

879 2538 997 2568 Iliados
1022 2536 1234 2568 describitur?
1264 2541 1348 2566 certe
1373 2537 1544 2578 Agamem-

879 2587 968 2618 nonis
985 2597 1069 2617 amor
1084 2586 1116 2616 in
1133 2585 1320 2627 Chryseida.

924 2637 998 2667 374.
1024 2636 1125 2674 Βαρίιι
1140 2634 1268 2675 puellm]
1296 2633 1413 2665 Briseis
1424 2635 1543 2667 Achilli

879 2690 987 2727 erepta
1017 2686 1056 2715 ab
1082 2684 1321 2726 Agamemnone
1337 2696 1343 2714 τ
1382 2685 1471 2726 cujus
1500 2687 1544 2718 rei

881 2744 989 2766 causa.
1005 2740 1079 2763 ortae
1095 2739 1167 2763 snnt
1182 2739 1262 2764 mter
1277 2744 1330 2764 eos
1344 2740 1528 2766 inimicitiae.
