1760 3172
264 170 478 213 OVIDII
501 171 594 213 EX
616 170 830 213 PONTO
858 170 977 213 LIB.
1001 171 1066 213 ΙΙ,
1086 171 1279 215 EPIST.
1298 172 1336 214 I.

1408 174 1493 216 397

111 286 360 350 Denique,
387 287 520 350 quod
546 293 711 334 certus
736 286 869 333 furor
893 293 970 334 est
995 287 1176 335 audere
1201 287 1358 346 fateri,

176 362 286 411 Hac
311 379 403 426 ego
427 363 617 419 laetitia,
645 363 685 410 si
709 370 843 411 vetet
867 363 990 427 ipse,
1017 363 1164 411 fruar.

107 438 342 504 Juppiter
366 439 570 488 utilibus
597 440 794 503 quoties
813 442 955 503 juvat
980 441 1220 488 imbribus
1246 458 1406 504 agros,

175 516 334 565 Mista
356 524 508 564 tenax
533 518 690 579 segeti
716 533 939 565 crescere
964 518 1114 581 lappa
1137 519 1278 566 solet.

110 593 217 642 Nos
234 611 434 658 quoque
449 594 737 658 frugiferum
755 595 1012 658 sentimus,
1030 595 1217 642 inutilis
1233 595 1403 653 herba,
1435 599 1492 643 15

176 670 470 734 Numens'et
489 672 641 720 invita
665 688 797 736 saepe
816 673 1047 735 juvamur
1072 688 1180 736 ope.

111 748 309 796 Gaudia
335 736 580 796 Caesareae
605 748 786 796 mentis
813 765 901 812 pro
926 756 1066 813 parte
1091 748 1217 795 virili

178 825 307 873 Sunt
331 842 443 873 mea
459 820 685 890 :r'privati
710 825 778 872 nil
804 826 956 873 habet
980 826 1063 872 illa
1087 826 1280 873 domus.

111 902 299 960 Gratia,
324 897 491 959 Fama,
518 903 636 961 tibi3
667 918 759 967 per
781 919 932 966 quam
959 910 1185 967 spectata
1208 903 1445 968 triumphi

176 979 378 1027 Ineluso
403 980 580 1028 mediis
606 987 683 1028 est
706 980 826 1027 mihi
852 995 1035 1044 pompa
1060 980 1220 1027 Getis.

1431 983 1496 1027 20

111 1056 283 1106 Indice
308 1065 366 1105 te
383 1057 551 1113 didici,
575 1074 733 1122 nuper
757 1058 962 1105 visenda
986 1059 1146 1105 coisse

177 1134 469 1182 Innumeras
495 1142 669 1198 gentes
696 1136 758 1183 ad
782 1136 923 1183 ducis
949 1152 1034 1184 ora
1058 1136 1160 1183 sui:

110 1210 340 1276 Quaeque
363 1212 498 1276 capit
520 1213 671 1260 vastis
692 1213 988 1261 immensum
1015 1213 1260 1260 moenibus
1284 1213 1471 1269 orbem,

177 1287 423 1353 Hospitiis
451 1289 664 1337 Romam
689 1290 771 1337 vix
797 1291 1030 1338 habuisse
1055 1291 1239 1338 locum.

110 1365 186 1413 Tu
209 1365 332 1413 mihi
356 1367 580 1427 narrasti,
605 1363 763 1431 >quum
790 1368 957 1416 multis
982 1368 1177 1416 lucibus
1199 1375 1314 1416 ante
1432 1370 1495 1416 25

178 1441 384 1491 Fuderit
408 1444 642 1492 adsiduas
668 1446 867 1493 nubilus
892 1446 1076 1494 Auster
1101 1462 1273 1509 aquas,

111 1507 321 1558 Lumine
345 1511 538 1558 coelesti
566 1511 735 1560 Solem
760 1512 957 1561 fulsisse
984 1529 1228 1569 serenum,

178 1586 309 1635 Cum
334 1588 505 1652 populi
528 1590 667 1637 vultu
693 1591 1016 1639 conveniente
1037 1590 1133 1637 die.

156 1743 206 1773 ll.
221 1742 307 1777 Quod
323 1744 524 1786 certusfuror
539 1752 581 1776 est
596 1746 769 1787 auderesn-

111 1791 200 1832 τινὶ]
226 1794 330 1829 Quam
342 1803 418 1829 rem,
433 1799 468 1824 ut
483 1793 601 1825 fruatur
617 1794 676 1825 hae
692 1795 770 1826 laeti-

110 1841 154 1872 tia
177 1846 279 1883 poeta,
304 1842 400 1873 invito
430 1843 564 1880 Caesare,
587 1855 684 1885 quum
716 1856 771 1876 au-

111 1890 202 1922 deam
220 1890 366 1932 profitefi,
381 1891 504 1923 insania
524 1893 670 1934 quaedam
684 1894 771 1925 vide-

112 1944 172 1970 tur.

156 1990 207 2020 14.
234 1990 334 2021 ΤεηασιΙ
359 1991 475 2032 lappa]
511 1991 620 2023 Herba
641 1991 697 2022 illa
717 1992 771 2022 ad-

111 2038 242 2070 haerens.
287 2040 380 2078 Quod
409 2047 516 2072 autem
541 2040 622 2072 inter
651 2047 773 2082 segetes

110 2093 258 2120 nascatur
286 2089 390 2131 lappa,
421 2089 515 2121 docet
550 2089 644 2121 etiam
669 2091 772 2127 Maro,

112 2137 227 2179 Georg.
256 2137 311 2169 lib.
338 2138 361 2169 i.
389 2149 452 2170 ver.
482 2140 554 2170 152.
591 2150 688 2181 quum
725 2139 772 2170 in-

111 2185 198 2227 quit:

411 2239 490 2268 subit
505 2249 609 2278 aspera
624 2240 720 2279 sylva,

155 2286 334 2327 Lappaeque,
360 2289 532 2329 tribulique,
562 2291 699 2330 interque
724 2291 770 2319 ηἰ-

199 2338 295 2366 tentia
310 2337 405 2367 culta.

158 2384 208 2415 15.
230 2384 327 2416 Ludit
350 2385 414 2416 fere
432 2391 528 2428 poeta
545 2386 578 2417 in
600 2386 770 2427 allegon‘a:

111 2443 155 2469 se,
184 2432 258 2466 licet
285 2435 437 2471 inutilem,
465 2435 497 2465 h.
516 2445 544 2467 e.
581 2435 772 2477 pestiferum,

113 2482 240 2513 noxium
265 2482 389 2524 (confer
413 2483 518 2515 Clark.
540 2485 668 2515 Homer.
684 2485 724 2516 11.
738 2485 773 2525 β.

112 2531 187 2562 269.
214 2531 330 2574 Cuper.
347 2533 440 2564 Obss.
455 2532 476 2564 i.
492 2543 562 2575 cap.
581 2533 648 2573 14.)
672 2533 774 2565 civem

112 2590 130 2610 e
142 2578 334 2622 civitateque
350 2581 496 2623 ejectum,
511 2581 625 2612 sentire
640 2581 774 2613 felicita-

112 2633 189 2664 tem,
203 2638 298 2670 quam
308 2629 471 2671 Augustus
484 2630 605 2662 civibus
619 2631 682 2662 suis
695 2642 774 2673 prae-

112 2682 187 2714 stat,
201 2683 234 2708 et
257 2677 311 2720 qui
330 2677 445 2710 invitus
465 2685 565 2721 poetae
585 2680 666 2711 bene
685 2679 773 2711 facit.

115 2725 205 2758 Adeo
226 2727 294 2768 jam
317 2733 438 2760 mutata
467 2729 591 2761 fuerunt
616 2729 773 2761 Romano-

838 1755 906 1776 rum
931 1744 1067 1786 ingenia,
1093 1745 1269 1775 libertatem
1294 1743 1401 1785 paullo
1426 1748 1497 1774 ante

838 1794 999 1836 spirantia,
1018 1805 1100 1825 nunc
1123 1794 1212 1835 quasi
1231 1793 1386 1835 serpentia
1401 1793 1499 1824 humi.

840 1845 989 1875 fonles.

884 1894 934 1923 16.
950 1892 1053 1924 Invita
1070 1892 1146 1933 ope]
1173 1892 1297 1924 Gaudio
1319 1902 1380 1933 quo
1403 1892 1500 1924 nollet

840 1953 890 1973 me
906 1943 1011 1973 Caesar
1027 1941 1131 1973 adfici.

886 1993 936 2023 18.
962 1993 1082 2023 Privati
1106 1993 1151 2022 nil
1174 1993 1259 2022 habet
1287 1993 1343 2022 illa
1366 1990 1496 2031 donnas]

841 2041 1001 2072 Caesarum
1021 2041 1132 2072 domus
1154 2041 1199 2071 nil
1220 2041 1316 2072 habet
1330 2040 1499 2082 proprium,

840 2091 894 2121 sed
923 2101 995 2121 cum
1024 2090 1167 2121 omnibus
1194 2101 1376 2121 commune:
1411 2089 1500 2131 quasi

841 2140 936 2176 dicat,
948 2139 1121 2170 Victoriam
1138 2140 1244 2170 Caesar
1267 2139 1386 2181 patriae,
1401 2144 1433 2170 et
1453 2139 1497 2170 ci-

840 2188 931 2219 vibus
945 2187 1019 2224 suis,
1036 2199 1097 2218 nou
1114 2187 1184 2223 sibi,
1197 2198 1375 2229 comparare
1390 2188 1479 2218 solet.

886 2238 935 2268 19.
953 2237 1075 2273 Gratia,
1091 2237 1194 2272 Fama,
1212 2237 1293 2277 tibi]
1313 2237 1416 2267 Famae
1429 2247 1499 2277 gra-

839 2286 899 2317 tias
913 2286 987 2327 agit,
1003 2287 1086 2328 quod
1102 2297 1156 2328 per
1171 2296 1240 2316 eam
1255 2286 1357 2317 sactus
1373 2292 1421 2317 est
1435 2296 1500 2317 cer-

839 2335 898 2366 tior
913 2335 951 2366 de
967 2346 1081 2377 pompa
1095 2335 1232 2366 Caesarei
1247 2334 1405 2377 triumphi.

883 2386 935 2415 21.
952 2385 1058 2416 Indice
1075 2385 1129 2425 te.]
1156 2385 1200 2415 Te
1223 2384 1308 2416 fama
1330 2384 1500 2416 indicante.

841 2435 889 2465 Ad
917 2436 1039 2465 visenda
1061 2446 1113 2464 ora
1138 2435 1233 2465 ducis.
1256 2433 1308 2464 Ad
1330 2433 1500 2465 videndum

842 2483 976 2515 Caesaris
992 2488 1205 2525 conspectum.

883 2533 936 2564 27.
954 2532 1087 2563 Numine
1107 2532 1242 2572 coelesti]
1270 2531 1438 2564 voluntate
1452 2531 1498 2562 di-

841 2582 928 2613 vina.

884 2633 937 2662 28.
954 2632 1030 2662 Cum
1051 2633 1155 2673 populi
1177 2632 1277 2668 vultu,
1293 2629 1366 2671 &c.]
1391 2630 1442 2662 Sic
1466 2636 1500 2662 ut

843 2680 1008 2723 adspectus
1028 2681 1102 2713 coeli
1117 2680 1329 2712 serenissimus
1342 2685 1375 2711 et
1384 2680 1499 2722 jucun-

843 2730 1001 2766 dissimus,
1019 2741 1090 2763 cum
1104 2729 1299 2762 hilarissimis
1312 2730 1418 2773 populi
1433 2731 1501 2762 vul-
