1760 3172
204 169 290 210 246

599 169 649 210 P.
683 168 897 211 OVIDII
930 169 1211 212 NASONIS

210 283 435 330 Forsitan
463 284 555 330 hoc
581 284 714 341 olim,
742 300 898 346 quum
924 301 977 332 se
1004 285 1258 333 satiaverit
1283 286 1368 341 ira,

273 360 400 408 Tum
427 377 629 425 quoque
655 362 866 409 sollicita
890 370 1055 410 mente
1075 363 1326 425 rogandus
1353 361 1461 410 erit.
1533 365 1597 408 20

207 436 354 492 Quod
371 437 534 484 minus
556 438 746 486 interea
765 446 858 495 est,
881 439 1038 486 instar
1053 440 1173 486 mihi
1190 439 1408 486 muneris
1428 438 1595 502 ampli,

273 513 352 561 Ex
377 514 454 561 his
479 531 558 562 me
579 516 757 577 jubeat
782 515 1009 578 quolibet
1034 515 1102 563 ire
1128 516 1249 564 locis
1270 533 1279 563 :

206 589 314 639 Nec
334 591 532 648 coelum,
551 608 643 639 nec
665 607 808 655 aquae
831 591 1038 648 faciunt,
1057 608 1148 639 nec
1166 600 1311 648 terra,
1330 608 1421 639 nec
1438 607 1593 648 aurae;

272 667 339 715 Et
362 668 483 715 mihi
509 677 782 732 perpetuus
809 685 1016 732 corpora
1040 669 1248 732 languor
1272 670 1451 717 habet:

206 745 308 793 Seu
333 746 509 793 vitiant
534 755 667 793 artus
694 762 837 808 aegrae
863 747 1097 809 contagia
1120 747 1329 803 mentis3
1532 747 1594 791 25

272 822 388 871 Sive
412 824 510 871 inei
535 840 688 871 causa
713 832 790 871 est
815 824 864 870 in
891 824 1091 887 regione
1118 823 1265 896 mali':

205 900 277 947 Ut
301 901 441 963 tetigi
469 901 705 956 Pontum,
733 908 918 948 vexant
942 901 1218 959 insomnia3
1258 901 1444 964 vixque

271 977 403 1025 Ossa
426 978 551 1041 tegit
576 979 790 1036 macies;
820 995 923 1027 [nec
945 981 1088 1042 juvat
1113 995 1197 1026 ora
1220 979 1379 1026 cibus.

203 1053 421 1118 Quique,
449 1072 537 1119 per
562 1054 872 1112 autumnum,
902 1056 1151 1120 percussis
1176 1055 1356 1117 frigore
1382 1055 1540 1118 primo

270 1131 362 1179 Est
386 1127 519 1180 color
544 1133 593 1178 in
620 1118 905 1216 foliisll'quae
932 1149 1059 1180 nova
1082 1132 1211 1180 laesit
1235 1133 1427 1195 hyems,
1529 1135 1593 1178 30

202 1206 253 1255 Is
279 1224 392 1255 mea
416 1209 640 1256 membra
664 1215 830 1265 tenet;
872 1225 964 1256 nee
989 1209 1175 1256 viribus
1202 1209 1401 1256 adlevor
1426 1209 1556 1264 ullis,

270 1284 336 1331 Et
359 1301 616 1348 nunquam
642 1285 836 1348 queruli
861 1302 1012 1334 causa
1035 1286 1219 1334 doloris
1245 1287 1402 1334 abest.

201 1360 249 1408 N
255 1377 310 1408 ec
331 1361 508 1409 melius
529 1363 685 1418 valeo,
709 1378 860 1425 quam
880 1379 1103 1426 corpore,
1126 1370 1292 1410 mente
1286 1339 1442 1441 jg'sed
1463 1378 1595 1424 aegra

267 1438 496 1503 Utraque
522 1456 636 1504 pars
663 1439 839 1504 aequej
854 1441 1074 1504 binaque
1099 1441 1283 1488 damna
1305 1439 1426 1487 fero.
1493 1441 1594 1502 [est

202 1513 389 1573 Haeret,
413 1524 463 1564 et
483 1524 598 1565 ante
619 1498 810 1574 oeuloss
828 1518 981 1565 veluti
1005 1518 1281 1582 spectabile
1303 1534 1500 1582 corpus,
1528 1520 1591 1564 35

266 1591 449 1642 Adstat
472 1593 679 1642 fortunae
705 1594 862 1643 forma
886 1594 1101 1657 legenda
1124 1610 1265 1642 ineae.

239 1818 292 1848 21.
318 1817 404 1852 Quod
428 1820 525 1848 minus
545 1819 615 1859 est.]
643 1820 721 1857 Quae
742 1830 791 1851 res
815 1826 862 1851 est

196 1866 323 1898 minoris
343 1867 504 1904 momenti,
520 1878 616 1909 quam
636 1869 772 1899 reditum
787 1880 861 1900 con-

194 1915 320 1948 cedere.
359 1917 454 1947 Mna.
500 1917 581 1947 Vel:
622 1917 742 1948 interea
776 1918 859 1960 quod

194 1971 241 1996 est
255 1965 368 2002 minus,
381 1965 459 1996 licet
473 1965 550 1996 mihi
569 1967 675 2008 magni
691 1967 729 1998 sit
752 1977 860 1998 mune-

193 2015 235 2045 ris
250 2014 331 2051 loco,
347 2025 411 2051 oro,
422 2021 457 2046 ut
465 2015 576 2057 jubeat
592 2026 641 2047 me
656 2027 694 2047 ex
708 2015 765 2047 hoc
778 2017 858 2054 loco,

194 2064 304 2106 quovis
319 2064 458 2105 gentium
475 2064 618 2106 migrare.

236 2113 289 2143 23.
315 2113 378 2144 Nec
396 2113 643 2154 aquaesaciitnt.]
670 2115 738 2146 Nec
755 2125 856 2157 aquae,

192 2168 247 2193 aut
276 2162 338 2193 alia
371 2163 529 2194 elementa
557 2163 589 2194 in
619 2164 749 2205 Scythia
781 2165 857 2196 mihi

192 2217 332 2253 prosunt,
355 2212 479 2253 juvant,
502 2218 577 2254 apta
602 2218 696 2252 sunt;
722 2213 765 2244 ita
788 2214 858 2245 Art.

193 2260 267 2291 Am.
283 2260 327 2292 iii.
343 2261 384 2292 57
397 2274 403 2291 :

237 2310 320 2340 Dum
342 2311 430 2353 facit
464 2313 630 2353 ingenium,
660 2314 754 2352 petite
788 2313 858 2344 hinc

276 2366 434 2400 praecepta,
448 2362 568 2400 puellae.

235 2409 288 2440 30.
312 2408 399 2439 Nova
417 2409 545 2450 hyems]
572 2409 632 2440 Pro
652 2409 804 2452 principio
825 2417 876 2453 et.

192 2458 292 2500 prima
317 2465 404 2500 parte
428 2459 567 2500 hyemis:
597 2458 641 2491 sic
661 2471 713 2491 ver
738 2460 771 2490 in
796 2466 858 2491 tres

191 2511 295 2549 partes
317 2506 478 2544 dividitur,
500 2518 626 2545 novum,
647 2509 800 2544 adultum,
825 2515 856 2539 et

190 2566 367 2592 senescens,
383 2556 433 2588 vel
448 2567 596 2599 praeceps.

234 2606 287 2636 31.
313 2606 383 2636 Mea
407 2608 534 2638 membra
558 2607 665 2648 tenet]
691 2608 856 2649 Tanquam

193 2661 287 2695 capta
307 2662 450 2696 occupat,
466 2661 498 2687 et
514 2656 545 2687 in
561 2666 618 2688 sua
632 2662 786 2699 potestate
801 2656 857 2687 ha-

192 2702 257 2734 bet.
303 2703 420 2735 Burni.

972 1822 1025 1852 35.
1054 1821 1154 1851 Veluti
1175 1821 1331 1860 spectabile
1351 1818 1484 1860 carpus-J
1510 1819 1592 1850 Tan-

929 1879 1024 1911 quam
1048 1870 1072 1900 si
1091 1876 1172 1901 esset
1196 1880 1308 1911 corpus
1331 1868 1545 1910 conspicuum,
1562 1874 1594 1898 et

929 1919 1059 1961 dignum
1075 1926 1234 1961 spectatu.
1279 1919 1375 1950 Men.

971 1969 1023 1999 36.
1048 1968 1133 2000 Edit.
1149 1976 1210 1999 vet.
1227 1968 1522 1999 sistam—videnda.
1547 1968 1593 1998 At

927 2018 1010 2049 enim
1025 2020 1125 2049 adstat
1137 2024 1168 2050 et
1185 2020 1309 2060 legenda
1324 2017 1480 2059 rescripsit
1491 2016 1593 2047 Hein-

926 2066 991 2097 sius
1013 2077 1029 2098 e
1044 2067 1225 2098 melioribus
1240 2067 1338 2103 libris,
1353 2072 1384 2098 et
1399 2065 1531 2097 Heinsio
1546 2065 1593 2095 vi·

927 2116 1017 2147 detur
1044 2116 1178 2148 Ovidius
1207 2115 1356 2147 adludere
1385 2115 1425 2146 ad
1453 2114 1592 2146 edictum

927 2165 1071 2202 Caesaris,
1098 2177 1159 2208 quo
1188 2166 1376 2208 proscriptus
1405 2171 1482 2200 erat,
1508 2164 1591 2206 quod

926 2214 1041 2245 chartae
1072 2214 1290 2256 consignatum
1317 2224 1424 2245 secum
1450 2213 1591 2244 avexisse

926 2264 1077 2295 Nostrum
1088 2271 1134 2295 est
1144 2264 1328 2295 verosimile.
1348 2264 1463 2294 Forsan
1473 2269 1592 2299 tamen,

925 2324 1022 2355 quum
1052 2314 1173 2356 proprie
1211 2313 1434 2355 eleganterque
1467 2312 1592 2354 scripsit

924 2364 1036 2398 adstat,
1047 2369 1078 2394 et
1088 2363 1119 2393 in
1129 2363 1293 2405 φαντασίᾳ
1307 2363 1476 2393 Fortunam
1487 2372 1590 2393 coram

925 2421 957 2441 se
979 2411 1064 2442 videt
1091 2417 1254 2452 tamquam
1278 2412 1436 2451 spectabile
1461 2422 1589 2451 corpus,-

924 2460 1018 2491 lectio
1040 2463 1182 2496 videnda,
1199 2467 1253 2491 aut
1276 2461 1379 2502 potius
1401 2460 1496 2492 lectio
1518 2460 1589 2491 cod.

925 2509 1156 2550 Hamburgens.
1174 2511 1317 2551 lugenda,
1332 2509 1432 2551 aptior
1444 2508 1502 2540 erit
1518 2519 1588 2540 sen-

923 2558 982 2593 sui,
995 2557 1143 2594 illusioni,
1160 2564 1191 2589 et
1207 2558 1236 2589 vi
1253 2558 1394 2600 poeticae.
1439 2558 1590 2591 HAnLts.

925 2606 1033 2637 Forma
1050 2608 1274 2650 meaefortunae.
1319 2608 1465 2645 Qualitas
1484 2613 1515 2639 et
1530 2607 1586 2639 de-

926 2655 1064 2687 formitas
1080 2656 1135 2687 illa
1150 2667 1228 2688 meae
1240 2656 1437 2689 conditionis.
