1760 3172
401 190 584 232 ARTIS
617 188 972 231 AMATORIAE
1005 188 1124 229 LIB.
1159 189 1222 229 II.
1443 190 1499 230 27

118 306 215 360 Qui
241 306 334 353 sibi
359 313 504 353 notus
530 306 636 360 erit,
665 305 799 351 solus
825 304 1075 367 sapienter
1100 304 1286 350 amabit
1309 323 1318 359 ;

181 383 350 446 Atque
375 399 499 446 opus
525 383 588 430 ad
612 382 738 428 vires
764 382 933 443 exiget
957 397 1103 427 omne
1129 397 1260 427 suas.

118 459 213 507 Cui
238 459 415 507 faciem
440 466 615 506 natura
638 458 792 513 dedit,
820 463 1074 520 spectetur
1100 457 1162 503 ab
1184 457 1298 504 illa:

186 536 282 583 Cui
306 537 441 583 color
465 543 557 592 est,
584 537 789 582 humero
815 549 947 597 saepe
973 540 1174 596 patente
1201 534 1367 580 cubet.

119 612 218 668 Qui
239 629 464 661 sermone
483 613 665 676 placet,
682 612 930 675 taciturna
949 611 1146 658 silentia
1164 618 1382 674 rumpat:
1407 616 1503 659 505

185 689 283 744 Qui
308 690 442 737 canit
465 695 585 745 arte,
612 696 785 736 canat:
826 689 911 752 qui
937 689 1064 735 bibit
1090 696 1208 743 arte,
1237 689 1392 735 bibat.

121 766 223 814 Sed
247 783 411 830 neque
436 767 717 814 declament
736 767 899 813 medio
927 782 1153 813 sermone
1179 766 1350 813 diserti
1374 783 1383 813 :

186 843 294 891 Nec
320 860 410 890 sua
434 860 531 891 non
557 859 706 889 sanus
732 843 918 906 scripta
942 842 1088 906 po'eta
1112 843 1260 904 legat.

122 920 205 967 Sic
230 921 422 967 monuit
445 919 667 967 Phoebus
689 936 699 967 :
740 919 933 966 Phoebo
959 926 1130 982 parete
1156 920 1391 966 monenti.

188 997 340 1045 Certa
365 997 459 1044 Dei
486 1013 627 1044 sacro
654 1003 730 1044 est
753 997 899 1059 hujus
926 997 974 1043 in
999 1013 1083 1043 ore
1107 997 1248 1043 fides.

1411 1001 1507 1044 510

120 1073 200 1121 Ad
225 1074 454 1137 propiora
475 1089 638 1121 vocor.
679 1073 908 1136 quisquis
935 1073 1184 1137 sapienter
1210 1075 1411 1130 amabit,

188 1150 384 1207 Vincet,
411 1158 462 1198 et
485 1167 512 1198 e
537 1151 721 1206 nostra,
750 1151 884 1213 quod
910 1157 1064 1214 petet,
1093 1158 1198 1197 arte
1223 1150 1363 1198 feret.

125 1228 331 1276 Credita
354 1244 445 1276 nec
471 1245 667 1292 semper
691 1228 815 1275 sulci
841 1245 955 1275 cum
980 1228 1165 1276 foenore
1191 1229 1432 1276 reddunt:

190 1305 237 1353 N
243 1322 300 1353 ec
326 1322 522 1370 semper
545 1306 722 1353 dubias
749 1306 950 1368 adjuvat
975 1322 1095 1352 aura
1118 1312 1265 1352 rates.

1414 1308 1509 1352 514

125 1382 272 1438 Quod
284 1385 442 1446 juvat,
465 1385 702 1446 exiguum
724 1402 734 1440 3
777 1383 888 1447 plus
914 1390 1005 1438 est,
1029 1383 1164 1445 quod
1181 1383 1318 1429 laedit
1343 1399 1511 1430 aman-

190 1460 479 1524 Proponant
503 1461 666 1507 animo
692 1460 848 1506 multa
871 1459 1075 1506 ferenda
1099 1475 1204 1505 suo.

1383 1460 1480 1520 [tes
1500 1477 1509 1507 ε

126 1537 261 1592 Quot
283 1538 477 1602 lepores
503 1537 552 1584 in
577 1537 726 1593 Atho,
750 1544 872 1600 quot
897 1553 1016 1599 apes
1042 1544 1314 1599 pascuntur
1335 1537 1384 1582 in
1404 1536 1512 1600 Hy-

194 1614 392 1662 Caerula
406 1622 529 1678 quot
548 1615 729 1662 baccas
746 1614 981 1662 Pallados
998 1614 1141 1661 arbor
1157 1614 1309 1660 habet
1326 1632 1335 1668 ;
1383 1614 1510 1675 [1)ὶῆ;

168 1792 243 1823 504.
267 1792 346 1832 Soepe
366 1791 515 1832 patente]
539 1792 642 1828 Forte,
663 1794 785 1831 semipa-

127 1847 218 1877 tente,
232 1846 267 1872 ut
278 1840 333 1872 lib.
349 1840 395 1872 iii.
409 1841 484 1872 307.
500 1840 614 1883 puellis
624 1840 765 1883 praecipit
778 1853 784 1870 :

171 1891 251 1921 Pars
279 1891 396 1921 humeri
425 1897 524 1921 tamen
549 1892 609 1921 ima
635 1892 692 1926 tui,
716 1902 787 1930 pars

255 1950 368 1970 summa
386 1940 492 1971 lacerti

215 1987 309 2019 Nuda
313 1988 369 2028 fit.

171 2038 244 2068 505.
262 2037 557 2068 Taciturnasilentz‘a
568 2037 669 2077 vitet]
690 2037 787 2068 Rum-

125 2097 196 2126 pere
210 2085 305 2117 etiam
320 2085 470 2117 Horatius
489 2086 594 2128 Epod.
612 2098 642 2117 v.
659 2087 715 2117 Sed
728 2088 785 2117 du-

129 2137 194 2166 bius
207 2137 287 2166 unde
301 2141 452 2175 rumperet
469 2137 634 2166 silentium.
650 2136 787 2166 nondum

130 2190 236 2215 tamen
262 2186 336 2215 vitet
369 2183 533 2226 displicere
564 2190 676 2226 potest,
705 2184 789 2226 quod

131 2232 323 2275 praecipienti
339 2232 439 2274 magis
459 2233 627 2264 convenire
650 2234 726 2264 mihi
743 2234 790 2264 vi-

130 2283 232 2314 detur.
256 2282 311 2313 sed
334 2284 488 2313 taciturna
503 2284 623 2314 silentia
639 2284 715 2314 forte
731 2284 789 2314 ali-

132 2332 182 2363 cui
200 2343 262 2363 non
285 2331 455 2373 placerent,
471 2338 502 2363 et
522 2333 790 2364 Francofurtensis

130 2380 247 2412 codicis
270 2379 452 2422 scripturam
475 2382 634 2423 praeferret
652 2385 790 2413 nocitura

129 2430 262 2465 silentia,
280 2440 350 2470 quae
367 2439 501 2460 amorem
522 2441 584 2460 non
598 2437 790 2473 promovent,

131 2478 186 2509 sed
201 2478 248 2508 illi
268 2484 393 2509 nocent.
410 2483 458 2509 ast
472 2478 550 2509 talia
564 2479 705 2521 opposita
720 2480 788 2510 lau-

132 2527 188 2558 dat
198 2527 327 2564 Quinct.
343 2527 410 2558 viii.
424 2538 493 2569 cap.
507 2529 540 2558 2.
557 2528 610 2559 ubi
622 2528 692 2559 vide
705 2536 736 2560 et
749 2529 788 2560 ad

132 2575 189 2607 lib.
205 2576 240 2606 ii.
255 2577 338 2607 Met.
355 2577 407 2607 66.
452 2578 568 2608 Bunm.

176 2625 250 2656 508.
284 2626 412 2656 Vesanus
432 2628 543 2666 scripta
565 2628 651 2667 poeta
678 2628 785 2669 legat]

136 2675 203 2705 Non
229 2675 327 2705 sciam*
341 2675 411 2706 libri
441 2681 558 2707 veteres
591 2687 663 2707 curn
690 2677 789 2718 prima

132 2723 278 2754 editione.
324 2725 442 2755 HEINs.
486 2725 536 2755 Ita
568 2736 692 2767 quoque
725 2737 788 2757 una

855 1792 979 1822 Veneta
995 1791 1101 1827 editio,
1113 1796 1145 1821 et
1158 1790 1425 1821 Francofurtensis
1442 1801 1514 1821 cum

855 1841 995 1882 plurimis
1006 1839 1086 1876 aliis,
1095 1850 1187 1882 quam
1195 1840 1410 1870 revocavimus
1419 1841 1498 1882 scrip
1505 1859 1516 1863 -

854 1895 978 1927 turam3
1002 1889 1078 1930 quia
1100 1889 1193 1920 unice
1216 1900 1321 1920 veram
1341 1889 1516 1928 credimus;

855 1950 917 1970 non
931 1939 1013 1969 enirn
1030 1939 1116 1969 Naso
1132 1944 1233 1980 potest
1251 1939 1395 1969 omnibus
1410 1939 1517 1970 Po‘e‘tis

855 1987 1035 2030 praecipere,
1046 1998 1085 2018 ne
1097 1988 1204 2029 legant
1214 1987 1328 2028 scripta
1339 1998 1407 2023 sua,
1419 1987 1514 2029 idque

854 2039 1003 2067 insaniam
1019 2047 1148 2067 vocare:
1174 2036 1231 2066 hoc
1247 2036 1329 2066 enim
1350 2036 1416 2077 ipse
1432 2047 1514 2078 saepe

854 2087 956 2117 facere
972 2087 1102 2121 solebat,
1118 2091 1150 2116 et
1165 2085 1256 2116 modo
1268 2086 1397 2116 amatori
1410 2092 1517 2117 auctor

855 2137 914 2167 fuit
928 2147 1009 2167 vers.
1029 2137 1105 2167 283.

1267 2204 1412 2234 Carmina
1428 2205 1517 2234 lector

904 2254 1091 2284 Commendet
1103 2254 1426 2293 dubet'quuliacnmque
1438 2264 1518 2283 sono.

857 2334 919 2364 Sed
935 2334 992 2364 hoc
1009 2333 1085 2375 agit,
1103 2339 1138 2363 ut
1153 2334 1284 2375 quisque
1300 2344 1332 2364 se
1348 2339 1467 2370 noscat,
1487 2341 1519 2366 et

858 2383 883 2414 si
913 2393 1037 2413 carmen
1066 2382 1133 2413 sani
1159 2382 1268 2412 coloris
1296 2393 1356 2412 non
1382 2384 1518 2423 potuerit

859 2439 988 2467 struere,
999 2437 1072 2462 tunc
1085 2437 1191 2462 monet
1201 2432 1419 2462 abstinendum
1430 2434 1468 2463 ab
1480 2445 1517 2464 eo

857 2481 1002 2522 legendo,
1019 2491 1057 2511 ne
1073 2481 1223 2511 ridiculus
1235 2481 1362 2511 evadat.
1402 2482 1518 2514 Bunnr.

900 2530 974 2561 517.
1000 2530 1079 2564 Quot
1092 2531 1200 2569 lepores
1213 2531 1244 2559 in
1258 2530 1345 2565 Atho,
1358 2536 1427 2570 quot
1439 2543 1516 2571 apes,

854 2580 933 2619 δια]
961 2579 1060 2609 Athos
1080 2589 1167 2609 mons
1189 2584 1236 2609 est
1250 2579 1402 2616 Thraciae,
1419 2581 1458 2611 ab
1471 2582 1518 2612 A·

855 2629 908 2660 tho
933 2629 1059 2669 gigante
1077 2632 1131 2666 (ut
1153 2628 1329 2669 Stephanus
1346 2634 1434 2660 autor
1449 2631 1515 2671 est)

857 2677 1046 2719 appellatus.
1080 2677 1266 2707 Declinatur
1284 2683 1388 2707 autem
1405 2679 1518 2710 Graeca

855 2725 1079 2760 declinatione,
1104 2736 1209 2756 eorum
1239 2736 1309 2766 quae
1340 2726 1448 2758 Attica
1471 2728 1518 2759 di-
