1760 3172
416 176 726 219 TRISTIUM
760 176 879 216 LIB.
915 175 996 216 IV.
1031 176 1211 217 ELEG.
1247 176 1328 218 IV.

1497 179 1582 219 283

188 293 272 340 Nil
297 309 390 355 ego
417 292 646 355 peccavi3
686 298 774 338 tua
797 298 846 338 te
871 291 1004 337 bona
1028 292 1231 353 cognita
1256 293 1503 355 produnt:

254 370 324 426 Si,
352 370 488 433 quod
513 385 582 424 es,
611 369 838 432 adpares,
867 368 1016 431 culpa
1041 368 1206 414 soluta
1230 383 1342 415 mea
1367 377 1458 416 est.
1522 372 1580 415 10

185 446 232 494 N
237 463 294 494 ec
319 453 504 502 tamen,
531 446 748 493 officium
774 451 943 492 nostro
970 444 1059 491 tibi
1085 445 1306 492 carmine
1329 446 1533 501 factum,

252 523 487 586 Principe
513 529 616 569 tam
634 523 789 585 justo,
818 537 967 584 posse
993 536 1174 568 nocere
1199 528 1338 584 puta.

184 599 301 664 Ipse
327 606 469 663 pater
492 599 682 663 patriae,
713 599 834 662 quid
861 598 994 646 enim
1015 598 1214 649 ⁴civilius
1240 598 1360 645 illo?

252 677 480 724 Sustinet
505 677 554 723 in
580 683 750 723 nostro
775 676 996 723 carmine
1023 692 1155 739 saepe
1181 676 1308 738 legi:

186 754 294 801 Nec
316 754 579 818 prohibere
605 760 790 817 potest,
809 753 928 816 quia
943 769 1020 800 res
1041 759 1119 799 est
1137 753 1355 816 publica,
1377 753 1576 809 Caesar;

251 830 319 877 Et
337 831 400 878 de
415 830 667 878 communi
689 847 803 894 pars
825 847 1028 894 quoque
1052 837 1223 877 nostra
1241 831 1372 877 bono
1388 838 1479 878 est.
1523 834 1580 878 16

181 906 212 953 J
217 907 416 971 uppiter
441 907 652 969 ingeniis
679 908 869 970 praebet
895 923 985 954 sua
1009 907 1214 954 numina
1237 914 1422 962 vatum,

253 984 422 1047 Seque
447 984 685 1032 celebrari
715 985 940 1047 quolibet
965 1000 1048 1032 ore
1075 984 1219 1032 sinit:

185 1060 355 1109 Causa
377 1068 465 1108 tua
485 1062 717 1125 exemplo
747 1062 1051 1125 Superorum
1077 1068 1188 1108 tuta
1211 1062 1422 1108 duorum
1449 1069 1553 1118 est3

250 1137 475 1192 Quorum
500 1138 580 1186 hic
606 1139 927 1202 conspicitur,
956 1138 1176 1186 creditur
1197 1138 1278 1185 ille
1306 1138 1463 1185 Deus,
1516 1142 1580 1185 20

184 1214 257 1262 Ut
278 1231 375 1262 non
401 1215 675 1271 debuerim,
696 1223 865 1262 tamen
891 1216 984 1262 hoc
1011 1232 1104 1277 ego
1130 1215 1318 1262 crimen
1344 1216 1522 1263 amabo
1546 1233 1555 1263 :

251 1291 368 1338 Non
392 1291 486 1339 fuit
510 1292 698 1339 arbitrii
724 1292 868 1340 litera
892 1299 1062 1339 nostra
1085 1292 1174 1339 tui.

183 1367 293 1416 Nec
318 1385 461 1425 nova,
489 1370 625 1432 quod
650 1376 818 1417 tecum
843 1370 1036 1432 loquor,
1065 1375 1143 1416 est
1169 1369 1376 1432 injuria3
1411 1377 1579 1417 nostro

251 1445 521 1493 Incolumis
547 1463 661 1494 cum
687 1463 787 1510 quo
814 1463 948 1510 saepe
974 1447 1171 1493 locutus
1198 1463 1349 1493 eram.

180 1595 242 1624 tuis
267 1594 346 1625 alter
369 1594 463 1626 Polit.
494 1594 592 1636 Apud
620 1595 843 1626 Paterculum:

182 1642 348 1673 Familiare
369 1650 410 1674 est
430 1645 594 1675 hominibus
614 1646 713 1674 omnia
731 1645 785 1674 sibi
802 1646 846 1685 ig-

181 1703 309 1723 noscere.
331 1693 455 1724 Hmns.
503 1692 643 1734 Ignoscas
664 1696 724 1724 tuis
746 1695 846 1724 laudi-

180 1742 243 1772 bus.
266 1741 366 1778 Quasi
378 1741 475 1778 dicat,
489 1742 636 1773 laudibus
650 1742 710 1773 tuis
726 1742 845 1773 adscri-

179 1790 247 1826 bas,
264 1791 289 1822 si
306 1791 503 1831 cognosceris
526 1791 623 1832 signis
637 1803 730 1834 supra
745 1791 848 1823 dictis.

228 1841 277 1871 13.
307 1841 391 1875 Quid
410 1843 490 1871 enim
519 1843 639 1871 civilius
668 1842 758 1882 illm]
797 1842 847 1873 Ita

179 1888 324 1921 meliores
336 1901 343 1929 3
360 1896 421 1921 tres
434 1896 540 1922 tamen
555 1893 751 1928 communius,
763 1891 848 1933 quod

180 1948 219 1969 ex
230 1938 526 1976 Pirckheimeriano‚
543 1940 607 1971 sive
623 1939 846 1976 Arondelian0‚

181 1986 383 2019 doctissimus
397 1989 511 2030 probat
525 1989 664 2020 Gronov.
679 1989 848 2021 Observat.

181 2035 238 2067 lib.
250 2035 365 2078 ii.cap.
379 2038 429 2068 12.
445 2036 499 2079 qui
510 2037 682 2068 videndus:
701 2038 745 2068 sic
762 2039 844 2080 apud

182 2084 378 2122 Ciceronem,
395 2085 515 2117 Catone
536 2086 671 2128 Majore,
692 2087 723 2117 in
741 2093 843 2117 veter—

180 2133 256 2166 rimo
276 2135 384 2166 codice
408 2146 497 2166 meo:
524 2140 543 2152 “
564 2136 684 2166 Caeterz's
708 2138 740 2166 in
760 2137 847 2166 rebus

180 2194 361 2215 communem
377 2196 449 2226 erga
469 2185 661 2226 Lysandrum
683 2192 712 2216 et
720 2185 845 2227 famili—

180 2244 262 2264 arem
271 2234 374 2276 fuisse
386 2246 397 2271 ,·
421 2245 483 2265 non
503 2246 621 2271 comem,
638 2235 721 2276 quod
746 2240 792 2265 est
814 2235 846 2266 in

182 2282 338 2324 vulgati83
361 2283 417 2314 sed
444 2284 519 2326 quia
540 2286 576 2315 de
600 2286 749 2315 communi
776 2286 846 2315 bono

182 2341 253 2361 mox
276 2331 427 2373 sequitur,
446 2333 549 2364 minus
569 2334 682 2376 placet.
714 2334 784 2364 Lib.
801 2334 844 2365 iii.

182 2379 232 2410 El.
244 2379 307 2410 viii.
322 2381 360 2410 41
378 2393 384 2410 ;

226 2430 268 2459 At
290 2433 429 2470 quoniam
453 2432 540 2462 semel
561 2439 602 2463 est
626 2433 692 2462 odio
713 2434 846 2464 civiliter

268 2490 352 2510 usus.
684 2481 803 2513 Hiems.

182 2527 249 2567 Ipse
267 2534 355 2568 pater
378 2531 497 2568 patriae.
529 2529 643 2560 Scribit
669 2531 704 2560 L.
725 2531 846 2567 Florus,

182 2576 361 2618 Augustum
380 2579 419 2608 ob
438 2578 578 2619 ingentia
599 2579 685 2609 facta
706 2580 843 2610 Dictato-

180 2636 242 2657 rem
261 2633 441 2666 perpetuum
465 2627 659 2668 adpellatum
683 2628 790 2664 fuisse,
814 2634 846 2659 et

180 2681 296 2714 patrem
309 2677 434 2715 patriae:
459 2681 690 2716 tractatumque
705 2675 799 2707 etiam
815 2676 845 2706 in

182 2729 304 2761 senatu,
320 2735 359 2755 an
375 2723 448 2765 quia
464 2724 655 2755 condidisset
669 2725 844 2766 imperium,

916 1595 1072 1625 Romulus
1094 1601 1275 1625 vocaretur:
1307 1594 1362 1625 sed
1386 1594 1527 1625 sanctius
1552 1600 1583 1624 et

916 1644 1104 1675 reverentius
1128 1644 1229 1674 visum
1255 1644 1349 1675 fuisse
1374 1654 1487 1674 nomen
1511 1644 1580 1674 Au—

915 1693 1009 1735 gusti,
1026 1698 1060 1723 ut
1080 1693 1199 1724 scilicet
1217 1693 1282 1734 jam
1302 1698 1379 1729 tum,
1394 1693 1469 1723 dum
1486 1698 1583 1723 terras

915 1743 1042 1779 coleret,
1064 1742 1130 1784 ipso
1156 1742 1282 1773 nomine
1305 1748 1337 1773 et
1357 1742 1449 1773 titulo
1472 1752 1580 1773 conse—

916 1797 1066 1822 craretur.

959 1841 1011 1870 21.
1035 1840 1146 1871 Tamen
1166 1841 1219 1870 hoc
1238 1852 1290 1881 ego
1309 1842 1423 1870 crimen
1444 1840 1578 1880 habebo]

915 1889 1015 1927 Quasi
1045 1890 1148 1921 dicat:
1179 1889 1344 1931 Augustus
1373 1889 1431 1920 hoe
1462 1889 1580 1920 crimen

915 1949 1020 1970 meum
1036 1949 1102 1970 esse
1118 1939 1213 1975 dicet,
1230 1950 1291 1969 non
1308 1947 1398 1970 tuum
1412 1951 1417 1968 :
1435 1938 1505 1969 ideo
1521 1950 1581 1969 non

915 1992 962 2019 est
977 1988 1158 2024 verendum,
1177 1993 1212 2018 ut
1232 1988 1314 2019 hanc
1330 1989 1368 2018 ob
1385 1998 1511 2018 causam
1528 1988 1581 2018 ille

915 2042 1122 2078 prosequatur
1136 2043 1167 2067 te
1183 2036 1266 2067 odio.

957 2088 1010 2118 23.
1029 2087 1081 2116 Est
1102 2088 1220 2126 injuria
1239 2085 1369 2125 nostra]
1398 2086 1503 2115 Nostri
1519 2085 1580 2116 duo

913 2142 1045 2167 veteres.
1080 2136 1171 2166 Forte
1196 2142 1303 2170 nostro,
1319 2141 1433 2170 tecum,
1456 2135 1506 2176 qui
1525 2146 1580 2165 uo—

913 2193 975 2217 ster
1002 2196 1047 2216 es.
1108 2185 1169 2215 Sed
1200 2184 1321 2215 numeri
1343 2184 1375 2213 in
1410 2184 1468 2214 hoc
1491 2195 1580 2215 versu

913 2234 1064 2266 duriores.
1112 2235 1181 2264 Nec
1206 2233 1341 2263 multum
1363 2233 1430 2262 haec
1453 2232 1492 2262 ad
1516 2243 1580 2263 rem

914 2284 1051 2314 faciunt:
1069 2294 1166 2324 quare
1184 2282 1344 2318 tollantur,
1361 2282 1444 2312 licet.
1462 2282 1580 2311 Hizms.

914 2332 1004 2363 Nihil
1029 2331 1097 2362 duri
1124 2331 1173 2362 hic
1197 2331 1309 2369 video5
1333 2336 1364 2360 et
1383 2330 1408 2360 si
1432 2331 1511 2360 bene
1533 2330 1578 2360 di-

914 2381 1066 2423 stinguas,
1083 2391 1191 2411 sensus
1208 2379 1266 2410 erit
1282 2379 1499 2422 planissimus:

961 2431 1023 2461 Nec
1039 2441 1125 2465 nova,
1141 2431 1217 2470 qiwd
1234 2435 1331 2459 tecum
1348 2430 1459 2468 loquor,
1475 2435 1515 2458 est
1532 2430 1578 2458 in*-

991 2480 1105 2518 juria5
1125 2485 1224 2508 nostro

960 2527 1124 2558 Incolumis
1132 2539 1197 2558 cum
1207 2539 1262 2567 quo
1271 2538 1342 2566 sape
1355 2528 1556 2557 locutuseram
1568 2539 1578 2563 7-

916 2587 977 2607 non
992 2583 1038 2607 est
1054 2587 1133 2607 nova
1150 2587 1232 2606 nunc
1249 2576 1363 2617 injuria
1379 2575 1463 2616 quod
1479 2580 1509 2605 te
1523 2575 1577 2605 ad-

914 2625 1040 2666 pellem,
1071 2624 1125 2666 qui
1155 2635 1238 2666 saepe
1264 2623 1428 2655 incolumis
1459 2629 1576 2658 tecum,

915 2680 1017 2706 noster
1032 2685 1128 2716 quum
1139 2685 1233 2710 esses,
1249 2674 1373 2705 loeutus
1384 2684 1482 2704 eram.
1514 2673 1577 2703 No-

915 2730 973 2754 ster
989 2730 1037 2755 est
1050 2724 1137 2755 nobis
1150 2724 1267 2760 favens,
1278 2729 1312 2754 ut
1326 2724 1382 2754 Dei
1396 2724 1500 2760 nostri,
1513 2725 1578 2758 mci,
