1760 3172
368 161 459 202 EX
493 159 705 202 PONTO
741 159 858 200 LIB.
894 159 984 200 III.
1020 160 1209 201 EPIST.
1245 161 1308 201 ΙΙ.

1445 161 1527 201 451

146 277 285 325 Tunc
311 278 462 340 igitur
486 276 646 323 meriti
671 275 908 322 morietur
931 276 1089 337 gratia
1112 276 1278 333 vestri,

215 356 381 410 Quum
407 355 532 403 cinis
558 355 786 402 absumto
812 369 1017 417 corpore
1042 353 1204 401 factus
1230 370 1328 401 ero.

147 434 324 490 Fallar,
352 440 403 481 et
427 434 511 480 illa
535 449 658 480 rneae
685 431 941 495 superabit
964 438 1189 494 tempora
1212 432 1352 483 vitae;

213 512 267 558 Si
291 518 460 559 tamen
486 528 514 558 a
538 509 741 557 memori
764 509 1052 573 posteritate
1076 510 1228 571 legar.
1467 512 1529 554 30

145 589 368 653 Corpora
391 589 636 636 debentur
656 588 846 634 moestis
870 587 1146 649 exsanguia
1169 586 1329 634 bustis
1349 604 1357 633 :

211 665 472 728 Effugiunt
496 671 712 712 structos
738 680 918 711 nomen
939 655 1193 726 honorque
1218 679 1379 724 rogos.

146 743 348 791 Occidit
373 750 424 791 et
443 743 684 799 Theseus,
713 749 764 789 et
789 741 874 804 qui
901 741 1155 788 comitavit
1181 741 1395 788 Oresten
1416 758 1424 787 :

211 821 312 868 Sed
336 828 503 868 tamen
527 820 578 866 in
602 819 776 866 laudes
801 818 919 865 vivit
943 826 1155 881 uterque
1181 834 1312 865 suas,

142 897 245 946 Vos
271 898 421 946 etiam
447 897 543 945 seri
568 897 842 944 laudabunt
867 913 1000 960 saepe
1026 903 1248 960 nepoteS‚
1465 898 1527 942 35

211 976 463 1039 Claraque
487 975 580 1023 erit
603 975 798 1038 scriptis
825 974 982 1036 gloria
1000 981 1163 1021 vestra
1187 973 1327 1020 meis.

143 1052 240 1100 Hic
267 1069 468 1117 quoque
491 1053 796 1100 Sauromatae
817 1053 921 1114 jam
939 1068 1024 1098 vos
1050 1067 1244 1106 novere,
1265 1051 1526 1113 Getaeque,

211 1130 277 1178 Et
299 1131 426 1178 tales
452 1131 641 1178 animos
666 1131 877 1177 barbara
900 1130 1046 1177 turba
1070 1130 1262 1193 probat.

143 1207 414 1272 Quumque
439 1225 531 1272 ego
557 1209 620 1257 de
644 1217 809 1256 vestra
833 1224 990 1271 nuper
1010 1207 1256 1271 probitate
1279 1206 1526 1262 referrem,

210 1286 342 1334 Nam
368 1286 519 1334 didici
547 1286 726 1334 Getice
755 1286 1132 1348 Sarmaticeque
1157 1284 1310 1347 loqui,

1465 1286 1528 1329 40

142 1364 289 1412 Forte
315 1381 470 1412 senex
496 1365 717 1428 quidam,
744 1371 875 1411 coetu
902 1379 1057 1427 quum
1084 1369 1237 1410 staret
1261 1362 1310 1408 in
1335 1362 1433 1415 illo,

210 1442 454 1491 Reddidit
477 1443 541 1490 ad
567 1450 759 1490 nostros
785 1443 905 1490 talia
927 1442 1078 1488 verba
1101 1456 1247 1487 sonos
1267 1457 1276 1486 :

142 1520 247 1567 Nos
264 1536 467 1584 quoque
483 1520 714 1568 amicitiae
730 1536 909 1567 nomen
929 1520 1057 1566 bene
1074 1517 1315 1571 novimus,
1328 1516 1526 1579 hospes,

209 1597 348 1653 Quos
373 1598 547 1662 procul
572 1615 601 1645 a
622 1597 762 1644 vobis
787 1597 993 1658 frigidus
1021 1595 1150 1641 Ister
1174 1594 1343 1641 habet.

143 1675 235 1722 Est
258 1676 397 1722 locus
423 1675 472 1721 in
500 1674 725 1738 Scythia,
753 1673 942 1720 Tauros
967 1672 1140 1719 dixere
1166 1670 1369 1734 priores,

1464 1672 1527 1716 45

209 1752 308 1807 Qui
329 1753 510 1800 Getica
530 1753 677 1815 longe
703 1769 800 1799 non
824 1752 893 1799 ita
916 1751 1070 1797 distat
1094 1750 1260 1796 humo.

184 1889 236 1919 27.
265 1888 418 1918 Morietur
439 1889 543 1930 gratia
562 1889 651 1917 vestri
672 1887 799 1927 meriti]

142 1936 290 1968 Similiter
306 1936 394 1978 Virg.
411 1938 486 1967 AEn.
501 1935 553 1966 vii.
569 1947 632 1966 ver.
645 1937 707 1967 232
722 1948 727 1965 :

410 1997 464 2017 ‘nec
480 1985 705 2026 vestraferetur

188 2036 283 2066 Fama
299 2037 379 2071 levis,
396 2038 532 2076 tantique
547 2036 687 2065 abolescet
701 2036 803 2076 gracia

219 2086 319 2127 facti.

186 2136 238 2166 30.
262 2134 390 2177 Legem]
421 2135 579 2175 Legentur
603 2138 805 2164 monumenta

143 2189 175 2215 et
193 2183 335 2215 carmina
352 2193 434 2220 mea,
449 2188 554 2214 vestra
577 2182 609 2213 in
629 2193 679 2212 me
695 2181 805 2212 merita

143 2238 303 2265 testatum.

187 2284 240 2314 33.
268 2283 308 2312 Et
332 2283 383 2322 qui
405 2284 558 2312 comitavit
584 2280 735 2320 Orestem]
762 2280 802 2310 Et

142 2331 308 2374 Pyladem,
333 2332 387 2373 qui
411 2331 554 2361 Orestem
579 2330 612 2361 in
636 2329 801 2360 Tauricam

141 2381 300 2423 regionem
315 2385 498 2423 prosecutus
512 2385 569 2410 est.

187 2431 238 2462 34.
269 2430 309 2461 In
337 2441 405 2461 suas
433 2429 566 2469 laudes.]
603 2429 640 2458 In
672 2425 803 2468 gloriam

143 2485 238 2512 tantae
266 2479 422 2515 amicitiae,
451 2489 520 2520 quae
548 2477 606 2508 fuit
634 2477 714 2507 inter
742 2487 804 2507 eos.

144 2530 206 2560 Vel
230 2529 262 2560 in
284 2528 394 2560 laudes
417 2527 593 2568 utriusque,
610 2525 678 2557 scil.
691 2525 804 2556 Thesei

143 2585 175 2609 et
189 2578 332 2620 Pyladis.

188 2629 240 2658 37.
256 2627 466 2667 Sauromatem]
494 2625 605 2667 Populi
620 2624 666 2655 illi
679 2623 803 2666 Scythi-

145 2677 185 2713 ci,
197 2676 250 2719 qui
266 2676 311 2707 ita
326 2687 344 2708 a
359 2676 489 2713 Graecis,
505 2675 583 2706 alias
595 2674 738 2704 Sarmatae
751 2672 805 2703 ad-

144 2727 312 2768 pellantur.

915 1885 968 1916 38.
982 1885 1067 1915 Tales
1082 1881 1222 1922 animos]
1236 1880 1368 1912 Animos
1379 1887 1443 1911 tam
1456 1880 1532 1911 fidos

872 1940 902 1965 et
918 1939 1104 1965 constantes.

915 1985 966 2013 41.
995 1983 1033 2013 In
1062 1984 1114 2013 illo
1142 1980 1246 2021 cmm]
1274 1980 1312 2010 In
1337 1990 1373 2010 ea
1396 1979 1530 2010 virorum

872 2043 996 2069 corona,
1015 2031 1069 2062 ubi
1092 2030 1236 2062 amicitiae
1253 2034 1363 2060 vestrae
1388 2034 1531 2059 constan-

872 2082 948 2112 tiam
964 2081 1187 2124 praedicabam.
1223 2080 1317 2110 Men.

916 2132 966 2161 42.
998 2131 1143 2161 Reddidit
1181 2131 1219 2159 ad
1254 2127 1359 2167 sonos]
1400 2126 1532 2168 Excepit

872 2181 968 2210 verba
983 2190 1051 2209 mea
1069 2178 1124 2209 tali
1144 2176 1330 2208 narratione.
1376 2176 1448 2211 Vel,
1465 2175 1531 2206 lau-

868 2229 922 2260 des
951 2239 969 2259 a
998 2239 1046 2258 ine
1073 2227 1159 2257 vobis
1190 2226 1334 2261 tributas,
1359 2230 1392 2255 ut
1423 2224 1531 2254 amicis

868 2277 1003 2319 optimis,
1030 2276 1173 2318 jucunda
1201 2275 1330 2305 duorum
1361 2272 1530 2304 amicorum

870 2327 996 2357 historia
1013 2324 1215 2356 confirmavit.
1254 2324 1358 2354 Poxr.

915 2377 966 2406 43.
982 2374 1118 2414 Hospes]
1143 2374 1170 2404 O
1188 2372 1349 2415 peregrine
1363 2370 1470 2402 Ovidi.

915 2425 967 2455 45.
984 2424 1036 2454 Est
1062 2425 1141 2453 locus
1160 2424 1191 2452 in
1213 2421 1364 2461 Scythia]
1392 2420 1470 2450 Haee
1486 2424 1532 2450 est

873 2472 1004 2504 narratio
1025 2471 1108 2502 senis
1131 2469 1305 2511 cujusdam,
1327 2479 1419 2510 quem
1440 2473 1534 2510 poeta

873 2521 993 2553 inducit
1015 2521 1199 2552 referentem
1216 2518 1385 2549 amicitiam
1403 2517 1533 2559 Pyladis

873 2578 904 2602 et
915 2571 1045 2606 Orestis,
1057 2580 1134 2611 quos
1151 2569 1182 2599 in
1192 2568 1356 2599 Tauricam
1374 2566 1532 2607 regionem

873 2621 993 2651 venisse
1031 2619 1117 2654 dicit,
1148 2618 1202 2649 ubi
1239 2618 1388 2658 regnabat
1416 2615 1532 2646 Thoas.

877 2670 989 2700 Tam-os
1014 2671 1114 2700 disere
1135 2669 1259 2707 priores.
1289 2665 1424 2696 Taurica
1448 2664 1532 2706 regio

875 2721 1019 2759 (auctore
1043 2717 1164 2758 Plinio)
1184 2717 1216 2747 in
1238 2715 1368 2757 Scythia
1392 2720 1449 2751 est,
1466 2720 1497 2745 et
1516 2724 1534 2744 a

1006 2767 1035 2798 G
1051 2779 1070 2798 o
1088 2769 1107 2797 2
