1760 3172
328 177 420 218 EX
453 176 666 218 PONTO
703 176 822 216 LIB.
857 175 948 217 III.
984 176 1177 217 EPIST.
1209 176 1300 217 ΙΙΙ.

1423 178 1508 218 457

120 292 353 356 Namque
368 308 460 355 ego
472 293 591 339 dum
607 298 753 359 canto
770 298 857 338 tua
872 307 1039 353 regna,
1052 298 1254 354 tua-:que
1270 292 1505 354 parentis,

185 369 245 416 In
269 370 459 417 nullum
484 385 597 416 mea
616 385 756 416 mens
784 370 969 431 grande
989 369 1182 416 vacavit
1207 386 1349 433 opus.

1444 374 1507 418 36

120 446 228 494 Nec
255 447 374 494 satis
400 447 450 493 id
475 446 661 504 fuerat3
693 447 877 493 stultus
898 463 1101 510 quoque
1127 448 1348 494 carmina
1371 447 1483 503 feci,

185 523 391 570 Artibus
416 531 472 571 ut
498 540 672 587 posses
699 540 797 570 non
823 525 957 571 rudis
983 541 1093 572 esse
1118 525 1270 581 meis;

119 601 217 648 Pro
244 602 424 665 quibus
452 602 682 649 exsilium
707 602 886 649 misero
911 602 1033 658 mihi
1053 601 1248 648 reddita
1270 618 1489 650 merces:

186 678 246 725 Id
271 695 470 742 quoque
496 679 546 725 in
572 679 824 735 extremis,
849 687 899 726 et
923 679 1030 725 sine
1055 695 1197 742 pace,
1225 679 1363 726 locis.

1444 682 1508 726 40

120 755 188 803 At
212 772 310 803 non
332 756 605 802 Chionides
633 756 909 820 Eumolpus
935 757 985 802 in
1013 756 1217 819 Orphea
1241 757 1382 813 talis3

188 832 246 880 In
273 834 479 897 Phryga
502 850 594 880 nec
624 834 859 898 Satyrum
884 834 996 881 talis
1025 834 1276 897 Olympus
1306 841 1438 882 erat:

120 910 336 957 Praemia
358 927 450 957 nec
478 910 665 957 Chiron
686 912 747 959 ab
776 911 958 957 Achilli
984 911 1104 958 talia
1129 911 1280 974 cepit,

189 987 591 1052 Pythagoraeque
616 988 780 1035 ferunt
804 1005 901 1035 non
926 989 1156 1036 nocuisse
1184 988 1419 1036 Numam.

125 1066 343 1113 Nomina
357 1083 452 1114 neu
469 1066 676 1114 referam
697 1068 898 1129 longum
918 1067 1128 1113 collecta
1142 1082 1230 1130 per
1246 1083 1420 1122 aevum,
1447 1070 1510 1114 45

194 1143 456 1207 Discipulo
482 1144 606 1208 perii
632 1145 766 1192 solus
792 1145 853 1191 ab
880 1145 987 1208 ipse
1013 1161 1142 1192 meo.

128 1221 262 1268 Dum
287 1221 463 1268 damus
490 1238 627 1268 arma
649 1222 755 1277 tibi,
779 1222 896 1268 dum
916 1228 982 1277 te,
1009 1220 1207 1276 lascive,
1236 1221 1490 1278 docemus,

195 1297 318 1345 Haec
343 1306 393 1345 te
414 1299 660 1362 discipulo
686 1300 816 1345 dona
835 1299 1072 1361 magister
1096 1299 1265 1346 habet.

128 1375 239 1423 Scis
266 1383 449 1432 tamen,
478 1383 532 1423 ut
557 1377 746 1440 liquido
765 1378 960 1439 juratus
985 1377 1151 1423 dicere
1176 1376 1354 1439 possis,

194 1453 309 1501 Non
334 1470 413 1501 me
438 1453 685 1515 legitimos
712 1453 1005 1501 sollicitasse
1030 1460 1179 1499 toros.

172 1646 224 1676 41.
252 1647 294 1676 At
321 1658 379 1676 non
411 1647 568 1677 Chionides
599 1646 786 1687 Eumolpus]

129 1695 213 1726 Libri
242 1695 333 1726 multi
362 1707 422 1726 non
451 1696 637 1730 Echionides,
662 1695 712 1726 vel
738 1707 789 1726 nec

129 1745 318 1776 Echionides.
363 1745 423 1776 Sed
441 1745 571 1786 vulgata
592 1745 686 1775 lectio
712 1745 789 1776 bene

128 1804 161 1825 se
176 1794 281 1825 habet.
318 1794 494 1835 Εὔμολπος
516 1793 716 1831 Ποσειδῶνος
735 1795 789 1825 καὶ

131 1843 256 1882 Χιόνης
266 1844 448 1883 Pausaniae:
465 1850 498 1875 at
505 1844 681 1880 Theocrito,
695 1844 790 1884 Idyll.

129 1904 204 1924 xxv-
236 1892 480 1935 Φιλαμμονίδης
509 1893 683 1934 Eumolpus
712 1893 790 1923 dici-

129 1948 189 1973 tur.
226 1943 331 1973 Mater
346 1948 452 1973 autem
473 1942 700 1973 Philammonis
716 1942 791 1973 Chi-

131 2002 200 2027 one,
222 1996 258 2021 ut
274 1992 388 2022 Noster
412 1991 478 2033 ipse
500 1992 579 2022 Met.
595 1991 650 2021 lib.
666 1990 711 2021 xi.
729 2002 792 2022 ver.

130 2041 193 2071 317
209 2046 370 2071 memorat.
414 2039 534 2071 Docuit
554 2040 605 2071 hic
621 2040 794 2081 Eumolpus

132 2089 254 2120 cithara
268 2089 438 2120 Herculem
449 2099 572 2125 canere,
585 2095 664 2121 teste
675 2090 794 2120 ibidem

131 2138 307 2170 Theocrito.
330 2140 450 2170 HmNs.
497 2139 537 2169 In
560 2139 687 2179 Orphea.
711 2140 795 2181 Erga

131 2193 354 2230 praeceptorem
378 2187 551 2229 Orpheum.
581 2189 675 2219 Mun.
729 2190 794 2219 Ειι-

132 2238 256 2276 molpus.
293 2236 439 2277 Plerique
462 2247 524 2267 non
544 2236 712 2267 Thracium
732 2237 794 2268 Eu-

133 2287 283 2328 molpum,
300 2285 355 2316 sed
382 2285 589 2321 Eleusinium,
612 2296 649 2316 ex
672 2285 795 2328 Deiope

132 2334 315 2377 Triptolemi
345 2340 464 2370 natum,
493 2334 642 2375 mysteria
673 2335 796 2366 Cereris

134 2384 281 2415 Eleusine
304 2383 446 2414 docuisse
461 2384 581 2420 volunt,
603 2384 732 2425 ejusque
752 2384 796 2415 rei

135 2440 295 2464 auctorem
310 2434 427 2463 Istrum
442 2433 552 2463 citant.
591 2433 674 2464 Hinc
687 2440 718 2464 et
730 2434 794 2464 Eu-

134 2482 279 2524 molpidae
291 2482 378 2518 dicti,
393 2482 447 2524 qui
459 2481 576 2513 tradita
589 2483 628 2513 ab
642 2483 795 2524 Eumolpo

133 2543 232 2568 sacra,
249 2532 396 2563 Eleusine
410 2537 623 2574 procurarunt.
647 2533 773 2562 Murri„

180 2581 232 2612 42.
248 2580 288 2611 In
305 2581 431 2622 Phryga
450 2592 502 2611 nec
522 2581 699 2621 Satyrum]
727 2581 796 2611 Nec

135 2630 231 2661 etiam
247 2630 404 2672 Olympus
427 2631 499 2661 talis
519 2630 578 2660 fuit
596 2630 627 2660 in
650 2631 796 2671 Satyrum

135 2679 307 2720 Marsyam,
323 2678 426 2720 qualis
440 2684 473 2710 tu
492 2679 524 2709 in
541 2690 589 2709 me
607 2679 701 2710 fuisti.
747 2679 797 2709 De

135 2728 272 2770 Olympo
300 2729 441 2759 meminit
467 2729 579 2759 Suidas
603 2729 649 2759 his
674 2729 794 2759 verbis:

1451 1456 1515 1500 50

849 1647 1020 1688 Ὄλυμπος
1041 1646 1153 1682 Μυσὸς
1176 1645 1324 1683 αὑλητὴς
1348 1646 1401 1676 καὶ
1425 1657 1518 1684 ποιη-

857 1697 916 1735 τὴς
945 1697 1051 1738 μελῶν
1079 1697 1131 1726 καὶ
1159 1694 1320 1736 ἐλεγείων,
1352 1694 1518 1736 ὴγεμώντε

857 1746 1030 1787 γενόμενος
1047 1747 1107 1783 τῆς
1130 1746 1347 1785 κρουματικῆς
1361 1747 1519 1785 μουσικῆς

859 1798 918 1834 τῆς
934 1794 984 1825 διὰ
1006 1798 1072 1825 τῶν
1093 1794 1219 1828 αὐλῶν,
1236 1794 1389 1834 μαθητὴς
1411 1792 1442 1823 δὲ
1465 1795 1520 1824 καὶ

857 1845 1014 1886 ἐρώμενος
1039 1842 1207 1885 Μαρσύου,
1234 1843 1270 1873 τὸ
1300 1841 1395 1883 γένος
1421 1842 1520 1881 ὄντος

859 1893 1017 1935 Σατύρου,
1045 1892 1206 1924 ἀκουστοῦ
1243 1890 1275 1922 δὲ
1311 1892 1365 1922 καὶ
1402 1891 1520 1930 παιδὸς

858 1942 1031 1985 Ὑάγνιδος·
1043 1941 1156 1985 γέγονε
1170 1940 1200 1972 δὲ
1217 1942 1282 1983 πρὸ
1294 1944 1359 1972 τῶν
1371 1945 1519 1982 Τρωικῶν

861 1992 877 2023 ὁ
892 1991 1073 2034 ''onum-003·
1086 1991 1119 2026 ἐξ
1134 1990 1171 2022 οὗ
1192 1991 1245 2021 καὶ
1259 1990 1330 2032 ὄρος
1345 1991 1380 2021 τὸ
1396 1989 1431 2020 ἐν
1448 1995 1518 2022 Μυ-

861 2041 915 2084 σίᾳ
943 2041 1146 2083 ὀνομάζεται.
1190 2041 1337 2081 Marsyas
1357 2044 1460 2070 autem
1482 2041 1520 2071 ab

862 2091 1009 2134 Apolline
1039 2096 1149 2121 cantus
1180 2090 1317 2120 carmine
1346 2089 1459 2127 victus,
1489 2097 1521 2121 et

862 2148 933 2173 cute
949 2142 1092 2173 detracta
1105 2140 1286 2171 interfectus
1299 2145 1355 2170 est.

905 2193 956 2222 43.
972 2192 1099 2222 Praemia
1116 2202 1168 2221 uec
1186 2189 1326 2229 Chiron]
1340 2189 1459 2219 Notum
1476 2194 1522 2220 est

861 2240 951 2271 Statii
974 2246 1005 2270 et
1026 2240 1157 2271 aliorum
1176 2238 1395 2274 monumentis,
1411 2238 1520 2268 Achil-

861 2290 922 2320 lem
949 2290 1005 2320 sub
1030 2289 1172 2320 Chironis
1196 2287 1361 2329 disciplina
1384 2287 1521 2318 maxima

860 2338 1080 2369 benevolentia
1090 2337 1242 2368 nutritum
1256 2348 1263 2375 3
1282 2336 1351 2366 vide
1367 2337 1424 2366 sub
1438 2336 1522 2378 prin-

862 2387 923 2429 cip.
938 2386 993 2417 lib.
1008 2387 1029 2417 i.
1044 2386 1082 2417 de
1096 2386 1165 2416 Art.
1178 2385 1252 2415 Am.

906 2437 957 2466 44.
976 2434 1342 2477 Pytlzagoraequeflerunt,
1357 2433 1433 2473 δια]
1460 2432 1520 2464 Hic

862 2485 1000 2526 loquitur
1013 2496 1049 2515 ex
1064 2495 1170 2515 eorum
1187 2483 1330 2525 opinione
1352 2482 1405 2524 qui
1421 2482 1522 2513 credi-

863 2535 935 2565 dere
958 2534 1094 2565 Numam
1119 2532 1306 2575 Pompilium
1330 2542 1444 2572 regem,
1462 2532 1524 2573 Py-

864 2583 999 2623 thagorae
1024 2582 1200 2624 philosophi
1217 2581 1403 2622 discipulum
1419 2581 1523 2612 fuisse.

908 2632 959 2661 47.
979 2631 1077 2665 Quum
1094 2631 1224 2670 danius]
1250 2631 1335 2660 Dum
1353 2629 1408 2659 tibi
1425 2629 1521 2671 signi-

865 2681 993 2711 ficamus
1022 2681 1177 2721 quomodo
1206 2678 1423 2721 expugnanda)
1451 2685 1520 2710 sunt

866 2729 990 2769 puellae.
