1760 3172
538 179 835 224 REMEDIA
866 179 1128 221 AMORIS.

1445 181 1529 222 115

133 296 215 345 Ad
235 297 366 345 mala
385 297 602 360 quisque
621 295 840 344 animum
859 294 1040 343 referat
1060 310 1178 353 sua3
1215 302 1368 359 ponet
1389 311 1524 343 amo-

329 391 433 423 ΥΕΠῙ
455 391 465 422 :

201 450 451 498 Omnibus
476 450 560 498 illa
585 450 723 497 Deus
749 450 922 512 plusve
948 449 1174 496 minusve
1199 448 1354 496 dedit.

1428 453 1526 496 560

132 527 231 582 Qui
252 527 433 575 Puteal
454 527 484 573 J
490 543 740 590 anumque
759 527 918 583 timet,
940 527 1230 588 celeresque
1252 526 1525 582 Kalendas,

198 604 451 667 Torqueat
474 605 605 651 hunc
632 605 742 651 aeris
767 611 941 652 mutua
965 619 1159 651 summa
1184 603 1275 650 sui.

133 680 230 727 Cui
255 688 398 744 pater
422 689 499 728 est
522 681 691 737 durus,
717 682 843 727 votis
869 688 924 728 ut
948 688 1115 729 cetera
1135 681 1334 736 cedant,

199 756 330 804 Huic
355 765 498 821 pater
522 764 638 805 ante
661 758 833 804 oculos
858 757 1010 804 durus
1036 758 1296 804 habendus
1323 757 1432 804 erit.

133 832 230 881 Hic
255 835 384 882 male
408 835 579 882 dotata
603 851 793 898 pauper
817 850 931 882 cum
956 836 1170 898 conjuge
1190 834 1336 882 vivit:
1428 837 1524 881 565

199 910 424 959 Uxorem
449 911 552 958 fato
577 912 750 958 credat
773 912 952 959 obesse
977 927 1083 959 suo.

132 986 226 1035 Est
249 988 342 1035 tibi
366 1005 478 1036 rure
502 989 633 1036 bono
658 1005 911 1051 generosae
934 988 1110 1036 fertilis
1136 1004 1243 1034 uvae

199 1064 386 1113 Vinea:
427 1081 489 1113 ne
514 1082 725 1113 nascens
750 1083 846 1114 uva
871 1067 936 1114 sit
958 1073 1071 1113 usta
1094 1065 1231 1112 time.

134 1140 225 1189 Ille
250 1142 402 1190 habet
425 1142 475 1189 in
499 1143 662 1190 reditu
688 1144 879 1192 navim:
921 1160 1056 1191 mare
1083 1158 1280 1206 semper
1300 1141 1526 1204 iniquum

199 1218 419 1282 Cogitet,
446 1226 498 1267 et
519 1220 701 1267 damno
725 1220 869 1268 litora
891 1220 1023 1268 foeda
1047 1236 1154 1267 suo.

1429 1221 1527 1265 570

134 1294 287 1343 Filius
312 1296 444 1342 hunc
469 1295 630 1353 miles,
657 1304 707 1344 te
728 1297 830 1344 filia
853 1297 1036 1344 nubilis
1061 1302 1262 1358 angant.

198 1371 265 1419 Et
290 1373 403 1436 quis
429 1389 528 1420 non
552 1389 756 1422 caussas
782 1374 917 1423 mille
942 1374 1125 1421 doloris
1150 1372 1340 1420 habet?

172 1495 245 1526 560.
264 1495 407 1526 Omnibus
421 1497 477 1526 illa
488 1496 590 1536 deus]
617 1496 675 1528 Ille
687 1496 794 1539 scripti

128 1542 271 1585 plerique
282 1554 354 1575 611111
364 1543 465 1586 prima
474 1545 625 1576 editione.
635 1545 690 1576 sed
700 1546 793 1577 male.

128 1592 209 1623 refer
225 1593 264 1624 ad
280 1595 371 1624 mala.
416 1594 536 1625 Hfflxs.

170 1642 247 1672 561.
274 1642 412 1683 Puteal]
439 1642 567 1673 Merula
588 1641 709 1673 dictum
732 1642 791 1674 hoc

128 1691 237 1733 putea]
252 1691 380 1722 Libonis
394 1697 498 1733 putat,
516 1691 591 1733 quia
605 1691 659 1723 ille
674 1692 792 1733 primus

128 1740 172 1770 ibi
196 1740 347 1771 subsellia
367 1740 481 1783 posuit,
499 1746 531 1772 et
551 1740 688 1771 tribunal
706 1741 790 1777 fecit,

128 1800 223 1830 quem
248 1789 315 1820 sine
343 1789 410 1820 ulla
440 1789 638 1831 antiquitatis
662 1790 793 1832 inquisi-

129 1838 213 1870 tione
229 1845 283 1870 aut
297 1844 391 1881 gustu
403 1845 539 1876 secutus,
552 1845 588 1871 ut
603 1841 692 1875 solet,
709 1839 794 1871 Cris-

129 1888 231 1930 pinus.
246 1889 301 1919 sed
317 1888 445 1919 minime
460 1889 598 1920 tribunal
615 1889 721 1926 fuisse,
737 1889 793 1920 do-

128 1937 193 1968 cuit
215 1938 340 1979 egregie
362 1938 544 1969 Torrentius
567 1938 607 1969 ad
630 1939 742 1969 Horat.
760 1938 792 1969 ii.

126 1987 192 2018 Sat.
208 1987 248 2018 vi.
264 1988 319 2018 35.
350 1987 416 2018 Ara
436 1987 506 2024 fuit,
524 1987 564 2018 ad
581 1998 674 2029 quani
693 1988 793 2018 foene-

128 2042 244 2068 ratores
281 2037 519 2074 conveniebant,
549 2042 581 2067 et
612 2037 669 2067 hoc
701 2036 794 2068 docet

128 2086 228 2117 Janus
244 2086 410 2128 adjunctus
424 2086 555 2128 puteali.
566 2096 640 2117 nam
654 2091 686 2116 et
701 2085 741 2117 ad
755 2086 792 2117 il-

127 2135 193 2166 lum
215 2134 418 2166 foeneratores
433 2141 570 2167 versatos
592 2135 686 2166 docet
707 2134 792 2166 idem

129 2185 241 2215 Horat.
255 2184 290 2215 ii.
307 2184 375 2215 Sat.
391 2183 436 2216 iii.
455 2185 506 2216 18.

213 2234 373 2274 Postquam
387 2236 480 2264 omnis
494 2245 540 2265 res
555 2244 618 2264 mea
623 2233 735 2275 fracta
750 2240 793 2264 est

171 2283 220 2313 Ad
233 2284 363 2314 medium
373 2283 500 2314 Janum.
631 2283 749 2313 BURM.

171 2331 248 2362 562.
296 2331 445 2372 Torqueat
479 2332 559 2362 hunc
592 2332 659 2362 aeris
686 2338 794 2361 mutua

127 2391 239 2410 summa
261 2381 337 2421 sui.]
365 2381 434 2411 Hoc
452 2385 512 2416 est,
529 2380 641 2411 anxius
659 2385 690 2411 et
708 2379 793 2410 solli-

126 2428 207 2460 citus
219 2429 258 2460 de
275 2440 347 2466 aere,
362 2429 446 2471 quod
462 2429 527 2471 ipse
544 2430 584 2460 ab
601 2429 671 2460 aliis
686 2435 794 2460 mutuo

129 2478 261 2520 accepit.
306 2479 433 2510 Merula
445 2484 563 2515 autem,
579 2479 693 2509 Mutua
704 2490 792 2515 cura,

129 2526 217 2568 legit,
242 2527 433 2569 exponitque
455 2528 495 2558 de
520 2538 594 2563 aere,
617 2528 702 2569 quod
723 2528 793 2569 quis

128 2576 198 2607 aliis
216 2583 325 2608 mutuo
343 2577 444 2608 dedit.
491 2577 552 2608 Sed
572 2577 644 2608 huic
669 2577 791 2619 exposi-

128 2624 204 2656 tioni
233 2636 407 2667 repugnare
433 2626 569 2663 videtur,
596 2627 680 2668 quod
702 2637 792 2658 versu

127 2675 319 2716 praecedenti
346 2675 470 2713 dicitur,
502 2677 563 2711 Qut
594 2677 710 2716 puteal,
737 2676 792 2706 Ja-

128 2735 256 2765 numque
286 2727 381 2762 timet,
402 2726 462 2756 816.
490 2736 551 2757 non
581 2725 665 2757 enim
692 2725 792 2756 credi-

863 1503 954 1534 tores,
971 1498 1026 1528 sed
1043 1497 1200 1528 debitores
1216 1495 1357 1537 judicem
1374 1499 1528 1530 metuunt,

863 1554 895 1578 et
911 1548 950 1578 de
968 1553 1105 1589 tempore
1121 1545 1283 1577 solutionis
1303 1543 1428 1574 solliciti
1444 1551 1527 1575 sunt.

860 1597 989 1627 Mmrr..

905 1646 978 1676 567.
1004 1645 1090 1675 Rure
1105 1644 1202 1684 bon0.]
1229 1643 1305 1673 Tres
1323 1642 1440 1684 scripti,
1458 1653 1529 1673 rure

861 1706 946 1730 novo,
964 1693 1048 1735 quod
1063 1693 1191 1723 minime
1208 1691 1418 1734 spernendum
1432 1704 1438 1721 ε
1463 1702 1529 1722 ma-

857 1744 907 1785 jor
932 1745 1015 1774 enim
1043 1741 1263 1774 sollicitudinis
1290 1741 1421 1771 materia
1444 1741 1529 1772 nasei

861 1803 950 1833 posse
965 1792 1088 1823 videtur
1103 1803 1141 1822 ex
1156 1801 1235 1821 novo
1250 1800 1330 1826 rure,
1347 1790 1429 1830 quod
1446 1801 1529 1821 nune

861 1841 988 1873 demum
1009 1842 1139 1872 culturae
1160 1851 1178 1871 a
1196 1839 1286 1870 nobis
1305 1845 1352 1870 est
1373 1845 1529 1880 paratum.

863 1892 955 1921 bonus
972 1901 1044 1921 vero
1066 1896 1097 1921 et
1112 1900 1204 1920 novus
1219 1898 1300 1930 saepe
1316 1887 1446 1919 confusa
1461 1899 1479 1919 a
1494 1888 1531 1918 11-

861 1940 981 1971 brariis.
1002 1941 1066 1970 vid.
1086 1939 1128 1969 iv.
1148 1937 1242 1968 Trist.
1264 1937 1300 1967 ii.
1321 1938 1372 1967 40.
1396 1948 1478 1974 mox,
1494 1949 1530 1967 ne

862 2000 992 2020 crescens
1007 2001 1067 2020 uva
1084 1987 1234 2019 Vatican.
1252 1986 1346 2017 etiam
1361 1996 1422 2016 non
1435 1986 1529 2018 male.

860 2039 978 2070 BURM.

904 2089 978 2119 569.
1012 2087 1071 2119 Ille
1098 2088 1183 2118 habet
1204 2087 1238 2116 in
1261 2087 1364 2116 reditu
1388 2085 1525 2125 navemn]

862 2137 975 2167 Navim
1004 2136 1139 2177 Regius.
1170 2134 1214 2166 sic
1243 2134 1326 2165 idem
1358 2144 1429 2164 cum
1460 2133 1529 2164 aliis

861 2186 1042 2217 melioribus
1066 2185 1170 2227 paulo.
1215 2183 1336 2213 Hnms.
1379 2183 1471 2218 Puto,
1496 2184 1530 2213 in

861 2237 964 2266 'reditu
983 2237 1088 2265 habere
1101 2240 1217 2269 notare,
1235 2233 1288 2274 qui
1306 2243 1343 2262 ex
1360 2230 1432 2262 navi
1448 2242 1527 2272 quo-

862 2285 976 2320 tannis,
992 2289 1026 2314 ut
1047 2283 1101 2314 alii
1118 2294 1155 2313 ex
1174 2282 1265 2322 agris,
1282 2280 1417 2311 reditum
1432 2280 1528 2321 capit,

861 2339 892 2363 et
915 2333 988 2364 inde
1009 2337 1164 2374 quaestum
1186 2330 1272 2361 facit.
1318 2330 1432 2360 Sensus
1455 2339 1528 2369 ergo

861 2387 920 2418 est,
939 2382 993 2423 qui
1012 2380 1090 2412 nihil
1111 2379 1250 2422 possidet
1268 2383 1380 2420 praeter
1402 2377 1527 2408 unicani

863 2442 986 2467 navem,
1002 2441 1039 2461 ex
1056 2430 1118 2471 qua
1134 2429 1231 2460 vitam
1252 2428 1373 2463 toleret,
1390 2433 1421 2457 et
1441 2437 1528 2468 quae-

859 2486 943 2510 stum
963 2480 1069 2515 faciat,
1085 2479 1202 2520 cogitet
1221 2487 1342 2518 semper
1362 2487 1446 2507 mare
1467 2475 1526 2506 ini-

861 2540 971 2570 quum.
1018 2529 1138 2558 Bunm.

904 2579 980 2609 571.
1006 2578 1099 2607 Hunc
1111 2577 1187 2617 filia
1206 2576 1312 2605 nobilis
1328 2573 1449 2615 angat]
1474 2574 1525 2605 De

860 2629 1041 2672 rcffangere
1063 2626 1184 2667 egimus
1206 2625 1261 2655 lib.
1287 2623 1332 2654 iii.
1356 2623 1427 2654 Art.
1452 2624 1526 2654 541.

861 2676 923 2707 Sed
945 2676 994 2706 hic
1017 2675 1049 2705 in
1077 2674 1223 2705 Leidensi
1248 2681 1325 2710 erat,
1346 2679 1437 2703 urat:
1461 2673 1526 2704 ele-

861 2730 970 2767 gauter
997 2723 1188 2756 mehercule.
1220 2722 1289 2755 vide
1320 2733 1389 2764 quae
1419 2722 1459 2753 ad
1484 2721 1529 2752 iii.

954 2777 968 2807 I
987 2779 1005 2806 2
