1760 3172
179 166 263 208 392

562 163 613 204 Ρ.
647 161 858 204 OVIDII
894 161 1172 203 NASONIS

179 279 209 327 J
216 295 300 327 ure
326 278 474 342 igitur
497 279 742 342 lacrymas
769 277 919 325 Celso
943 277 1156 324 libamus
1182 276 1398 333 ademto,

247 357 415 411 Quum
439 355 676 419 fugerem,
702 355 809 402 vivo
835 370 958 417 quas
983 353 1122 401 dedit
1147 353 1230 402 ille
1255 353 1373 400 mihi
1397 370 1407 401 :

184 434 418 482 Carmina
434 434 546 497 jure
570 432 746 479 damus
770 447 904 478 raros
929 431 1164 479 testantia
1187 446 1366 487 moreS,

251 510 322 558 Ut
344 518 431 558 tua
453 509 643 557 venturi
669 507 883 563 nomina,
913 507 1079 564 Celse,
1104 508 1287 570 legant.
1499 509 1561 553 44

183 588 294 637 Hoc
313 595 406 645 est,
426 588 559 651 quod
574 602 777 651 possum
795 585 987 633 Geticis
1003 585 1093 632 tibi
1109 585 1306 632 mittere
1326 585 1388 632 ab
1409 584 1560 642 arvis;

249 665 361 714 Hoc
387 666 545 713 solum
570 671 647 712 est
666 663 794 720 istic,
822 662 958 726 quod
982 661 1142 726 liquet
1166 678 1277 710 esse
1301 678 1484 709 meum.

185 743 381 791 Funera
400 758 491 790 nec
516 741 655 806 potui
679 740 931 795 comitare,
959 755 1050 787 nec
1076 755 1261 802 ungere
1285 754 1494 803 corpus;

249 820 397 884 Aque
420 819 518 868 tuis
542 825 647 866 toto
672 818 862 866 dividor
885 818 1003 864 orbe
1028 817 1176 879 rogis.

184 897 283 952 Qui
308 897 484 961 potuit,
512 912 662 959 quern
687 902 741 943 tu
765 910 852 959 pro
878 894 1079 942 numine
1102 893 1241 940 vivus
1267 893 1504 948 habebas,

250 973 491 1022 Praestitit
513 973 726 1021 officium
753 971 1008 1019 Maximus
1033 987 1177 1019 omne
1202 971 1310 1019 tibi.
1503 971 1567 1017 50

184 1050 277 1100 Ille
301 1052 392 1099 tibi
417 1050 699 1115 exsequias,
727 1056 777 1097 et
802 1049 967 1112 magni
991 1048 1137 1095 funus
1163 1048 1360 1095 honoris

249 1129 408 1186 Fecit,
432 1122 485 1176 et
507 1129 557 1175 in
579 1127 769 1190 gelidos
793 1127 944 1174 versit
968 1141 1163 1173 amoma
1187 1125 1350 1173 sinus:

185 1206 344 1253 Diluit
367 1193 417 1268 et
439 1204 672 1268 lacrymis
698 1220 909 1251 moerens
934 1209 1190 1265 unguenta
1212 1201 1452 1266 profusis3

250 1283 482 1346 Ossaque
506 1282 668 1330 vicina
691 1282 893 1329 condita
917 1280 1045 1328 texit
1069 1280 1235 1327 humo.
1500 1280 1562 1325 54

185 1361 282 1416 Qui
299 1359 534 1424 quoniam
550 1359 827 1415 exstinctis,
842 1374 954 1422 quae
971 1357 1137 1413 debet,
1155 1362 1361 1420 praestat
1376 1353 1565 1411 amiciS,

251 1438 318 1486 Et
340 1454 428 1485 nos
454 1437 714 1486 exstinctis
740 1450 1062 1484 annumerare
1087 1439 1266 1498 potest.

606 1709 1039 1757 EPISTOLA
1087 1709 1151 1755 X.

748 1829 1009 1871 FLACCO.

189 1932 343 1980 NAso
371 1948 461 1980 suo
485 1931 722 1996 profugus
748 1931 899 1978 mittit
923 1930 1029 1986 tibi,
1058 1929 1253 1986 Flacce,
1282 1930 1520 1988 salutem;

207 2064 214 2073 ι
254 2009 459 2057 Mittere
484 2025 586 2056 rem
612 2009 651 2056 si
678 2008 808 2072 quis,
836 2025 935 2072 qua
959 2015 1096 2056 caret
1120 2008 1243 2072 ipse,
1271 2014 1452 2071 potest.

229 2146 282 2177 42.
307 2144 585 2187 Quzmzfngerem]
611 2147 716 2182 Quum
735 2146 766 2176 in
787 2156 841 2176 ex-

187 2195 290 2228 silium
305 2194 524 2237 proficiscerer.

229 2245 282 2275 43.
307 2244 405 2274 Raros
430 2243 547 2284 mores]
579 2244 686 2275 Mores
711 2244 842 2280 nobiles,

187 2294 241 2337 qui
256 2293 288 2325 in
303 2293 379 2324 raris
392 2303 460 2324 esse
476 2293 587 2324 solent.

231 2343 283 2374 44.
302 2342 460 2382 Venturi]
482 2342 558 2379 Τοῖς
571 2340 768 2383 ἐσσομένοισι
784 2353 845 2372 πυ-

274 2391 394 2424 θέσθαι.
409 2392 539 2422 Homer.

232 2442 285 2472 47.
312 2441 431 2482 Ungere
445 2441 576 2481 corpus]
606 2440 763 2481 Tarquinii
779 2451 842 2470 cnr-

185 2503 242 2532 pus
269 2493 343 2522 bona
361 2490 484 2532 femina
508 2492 581 2520 lavit
605 2496 634 2520 et
657 2493 757 2526 uiuit,
780 2490 843 2520 En-

191 2541 271 2571 nius.

232 2590 284 2620 51.
309 2589 533 2631 Magnificum
555 2588 698 2629 honoris]
726 2589 767 2620 Τὸ
784 2589 844 2630 γὰρ

191 2638 285 2680 γέρας
299 2638 367 2670 ἐστὶ
382 2638 567 2670 θανόντων.

235 2688 285 2718 52.
318 2686 435 2727 Ver-sit]
471 2687 544 2718 h.e.
570 2687 696 2723 infudit,
722 2685 843 2721 effudit,

910 2156 928 2177 a
951 2157 1048 2187 vergo,
1064 2143 1149 2187 quod
1169 2143 1201 2174 in
1226 2142 1385 2174 sacrificiis
1403 2142 1570 2175 inferorum

910 2195 1054 2226 occurrit.
1099 2193 1150 2225 Sic
1171 2193 1258 2224 dedit
1281 2192 1430 2223 Heinsius
1450 2199 1481 2223 et
1501 2193 1571 2235 plu-

910 2245 994 2275 ribus
1014 2243 1158 2286 probavit
1172 2242 1322 2284 exemplis
1336 2254 1342 2272 z
1362 2241 1443 2273 adde
1458 2241 1572 2284 virgil.

912 2294 986 2324 [En.
996 2293 1038 2325 vi.
1048 2294 1122 2323 244.
1132 2292 1237 2334 ibique
1246 2291 1397 2323 Servium.
1422 2291 1452 2322 H
1459 2302 1571 2323 muns.

954 2343 1008 2374 54.
1035 2342 1138 2373 Humo
1160 2341 1287 2381 vicium]
1312 2341 1408 2371 Terra
1427 2341 1570 2382 sepulcro

912 2403 967 2423 suo
983 2391 1143 2433 contigua,
1162 2390 1212 2422 vel
1228 2390 1337 2421 Romae
1353 2389 1504 2432 proxima.

953 2443 1006 2472 55.
1024 2441 1109 2475 Quod
1119 2440 1230 2480 debet]
1253 2440 1395 2482 Septem;
1411 2439 1482 2470 dein
1491 2450 1569 2479 prae-

912 2497 970 2521 εισι
995 2496 1057 2520 tres
1082 2488 1174 2520 codd.
1226 2488 1357 2530 Egregie
1383 2493 1488 2519 autem
1513 2489 1569 2520 ob·

912 2545 1013 2569 servat
1042 2537 1297 2580 Verpoortenius,
1331 2537 1481 2569 Ovidium
1517 2548 1569 2569 oc-

911 2589 994 2620 culte
1009 2594 1125 2631 petere,
1142 2594 1175 2618 ut
1189 2587 1247 2618 sibi
1264 2597 1387 2629 quoque
1407 2587 1569 2618 Maximus

913 2638 989 2669 velit
1011 2638 1116 2669 debita
1139 2636 1240 2667 officia
1258 2643 1415 2678 praestare,
1435 2636 1568 2668 reditum

913 2686 1117 2729 impetrando.
1152 2686 1299 2717 HARLES.
