<?xml version="1.0" encoding="UTF-8"?>
<!DOCTYPE html PUBLIC "-//W3C//DTD XHTML 1.0 Transitional//EN"
    "http://www.w3.org/TR/xhtml1/DTD/xhtml1-transitional.dtd">
<html xmlns="http://www.w3.org/1999/xhtml" xml:lang="en" lang="en">
 <head>
  <title>
</title>
<meta http-equiv="Content-Type" content="text/html;charset=utf-8" />
  <meta name='ocr-system' content='tesseract 3.04.00' />
  <meta name='ocr-capabilities' content='ocr_page ocr_carea ocr_par ocr_line ocrx_word'/>
</head>
<body>
  <div class='ocr_page' id='page_1' title='image "./povidiinasonisop02oviduoft_0033.png"; bbox 0 0 1760 3172; ppageno 0'>
   <div class='ocr_carea' id='block_1_1' title="bbox 414 173 1521 216">
    <p class='ocr_par' dir='ltr' id='par_1_1' title="bbox 414 173 1521 216">
     <span class='ocr_line' id='line_1_1' title="bbox 414 173 1521 216; baseline -0.003 0"><span class='ocrx_word' id='word_1_1' title='bbox 414 174 602 216; x_wconf 89' lang='lat' dir='ltr'><strong>ARTIS</strong></span> <span class='ocrx_word' id='word_1_2' title='bbox 635 173 991 216; x_wconf 88' lang='lat' dir='ltr'><strong>AMATORIAE</strong></span> <span class='ocrx_word' id='word_1_3' title='bbox 1023 173 1144 214; x_wconf 91' lang='lat' dir='ltr'><strong>LIB.</strong></span> <span class='ocrx_word' id='word_1_4' title='bbox 1178 173 1242 214; x_wconf 92' lang='lat' dir='ltr'><strong>II.</strong></span> <span class='ocrx_word' id='word_1_5' title='bbox 1465 173 1521 214; x_wconf 75' lang='lat'><strong>23</strong></span> 
     </span>
    </p>
   </div>
   <div class='ocr_carea' id='block_1_2' title="bbox 131 287 1498 658">
    <p class='ocr_par' dir='ltr' id='par_1_2' title="bbox 131 287 1440 427">
     <span class='ocr_line' id='line_1_2' title="bbox 131 287 1416 351; baseline -0.002 -15"><span class='ocrx_word' id='word_1_6' title='bbox 131 289 404 345; x_wconf 89' lang='lat' dir='ltr'><strong>Candidus,</strong></span> <span class='ocrx_word' id='word_1_7' title='bbox 432 289 664 336; x_wconf 72' lang='lat' dir='ltr'>Alcathoi</span> <span class='ocrx_word' id='word_1_8' title='bbox 688 289 774 351; x_wconf 90' lang='lat' dir='ltr'><strong>qui</strong></span> <span class='ocrx_word' id='word_1_9' title='bbox 799 289 1009 335; x_wconf 86' lang='lat' dir='ltr'><strong>mittitur</strong></span> <span class='ocrx_word' id='word_1_10' title='bbox 1034 289 1157 335; x_wconf 91' lang='lat' dir='ltr'><strong>urbe</strong></span> <span class='ocrx_word' id='word_1_11' title='bbox 1184 287 1416 349; x_wconf 67' lang='lat' dir='ltr'><strong>Pelasga,</strong></span> 
     </span>
     <span class='ocr_line' id='line_1_3' title="bbox 199 364 1440 427; baseline -0.002 -15"><span class='ocrx_word' id='word_1_12' title='bbox 199 365 410 422; x_wconf 89' lang='lat' dir='ltr'><strong>Bulbus,</strong></span> <span class='ocrx_word' id='word_1_13' title='bbox 438 373 503 422; x_wconf 89' lang='lat' dir='ltr'><strong>et,</strong></span> <span class='ocrx_word' id='word_1_14' title='bbox 532 381 596 412; x_wconf 89' lang='lat' dir='ltr'><strong>ex</strong></span> <span class='ocrx_word' id='word_1_15' title='bbox 621 365 763 411; x_wconf 88' lang='lat' dir='ltr'><strong>horto</strong></span> <span class='ocrx_word' id='word_1_16' title='bbox 790 380 902 427; x_wconf 87' lang='lat' dir='ltr'><strong>quae</strong></span> <span class='ocrx_word' id='word_1_17' title='bbox 926 365 1076 419; x_wconf 89' lang='lat' dir='ltr'><strong>venit,</strong></span> <span class='ocrx_word' id='word_1_18' title='bbox 1104 364 1260 411; x_wconf 90' lang='lat' dir='ltr'><strong>herba</strong></span> <span class='ocrx_word' id='word_1_19' title='bbox 1284 364 1440 418; x_wconf 84' lang='lat' dir='ltr'><strong>salax,</strong></span> 
     </span>
    </p>

    <p class='ocr_par' dir='ltr' id='par_1_3' title="bbox 131 439 1402 582">
     <span class='ocr_line' id='line_1_4' title="bbox 131 439 1402 505; baseline -0.002 -17"><span class='ocrx_word' id='word_1_20' title='bbox 131 442 340 505; x_wconf 87' lang='lat' dir='ltr'><strong>Ovaque</strong></span> <span class='ocrx_word' id='word_1_21' title='bbox 366 449 637 497; x_wconf 83' lang='lat' dir='ltr'><strong>sumantur,</strong></span> <span class='ocrx_word' id='word_1_22' title='bbox 665 448 922 488; x_wconf 84' lang='lat' dir='ltr'><strong>sumantur</strong></span> <span class='ocrx_word' id='word_1_23' title='bbox 950 439 1213 504; x_wconf 83' lang='lat' dir='ltr'><strong>Hymettia</strong></span> <span class='ocrx_word' id='word_1_24' title='bbox 1237 441 1402 495; x_wconf 89' lang='lat' dir='ltr'><strong>mella,</strong></span> 
     </span>
     <span class='ocr_line' id='line_1_5' title="bbox 198 518 1253 582; baseline -0.001 -16"><span class='ocrx_word' id='word_1_25' title='bbox 198 518 437 582; x_wconf 83' lang='lat' dir='ltr'><strong>Quasque</strong></span> <span class='ocrx_word' id='word_1_26' title='bbox 461 519 575 565; x_wconf 90' lang='lat' dir='ltr'><strong>tulit</strong></span> <span class='ocrx_word' id='word_1_27' title='bbox 597 518 712 565; x_wconf 92' lang='lat' dir='ltr'><strong>folio</strong></span> <span class='ocrx_word' id='word_1_28' title='bbox 738 518 884 582; x_wconf 85' lang='lat' dir='ltr'><strong>pinus</strong></span> <span class='ocrx_word' id='word_1_29' title='bbox 911 525 1059 565; x_wconf 90' lang='lat' dir='ltr'><strong>acuta</strong></span> <span class='ocrx_word' id='word_1_30' title='bbox 1083 534 1253 565; x_wconf 81' lang='lat' dir='ltr'><strong>nuceS.</strong></span> 
     </span>
    </p>

    <p class='ocr_par' dir='ltr' id='par_1_4' title="bbox 133 594 1498 658">
     <span class='ocr_line' id='line_1_6' title="bbox 133 594 1498 658; baseline -0.002 -16"><span class='ocrx_word' id='word_1_31' title='bbox 133 595 310 651; x_wconf 88' lang='lat' dir='ltr'><strong>Docta,</strong></span> <span class='ocrx_word' id='word_1_32' title='bbox 337 596 459 658; x_wconf 88' lang='lat' dir='ltr'><strong>quid</strong></span> <span class='ocrx_word' id='word_1_33' title='bbox 485 596 548 642; x_wconf 90' lang='lat' dir='ltr'><strong>ad</strong></span> <span class='ocrx_word' id='word_1_34' title='bbox 573 595 810 649; x_wconf 82' lang='lat' dir='ltr'><strong>medicaS‚</strong></span> <span class='ocrx_word' id='word_1_35' title='bbox 840 594 1009 655; x_wconf 85' lang='lat' dir='ltr'><strong>Erato,</strong></span> <span class='ocrx_word' id='word_1_36' title='bbox 1037 594 1307 641; x_wconf 86' lang='lat' dir='ltr'><strong>deverteris</strong></span> <span class='ocrx_word' id='word_1_37' title='bbox 1334 595 1498 640; x_wconf 79' lang='lat' dir='ltr'><strong>artes?</strong></span> 
     </span>
    </p>
   </div>
   <div class='ocr_carea' id='block_1_3' title="bbox 198 671 1217 719">
    <p class='ocr_par' dir='ltr' id='par_1_5' title="bbox 198 671 1217 719">
     <span class='ocr_line' id='line_1_7' title="bbox 198 671 1217 719; baseline -0.002 -1"><span class='ocrx_word' id='word_1_38' title='bbox 198 671 409 719; x_wconf 89' lang='lat' dir='ltr'><strong>Interior</strong></span> <span class='ocrx_word' id='word_1_39' title='bbox 433 688 578 719; x_wconf 91' lang='lat' dir='ltr'><strong>curru</strong></span> <span class='ocrx_word' id='word_1_40' title='bbox 604 679 737 719; x_wconf 87' lang='lat' dir='ltr'><strong>meta</strong></span> <span class='ocrx_word' id='word_1_41' title='bbox 760 671 967 718; x_wconf 88' lang='lat' dir='ltr'><strong>terenda</strong></span> <span class='ocrx_word' id='word_1_42' title='bbox 990 687 1100 717; x_wconf 89' lang='lat' dir='ltr'><strong>meo</strong></span> <span class='ocrx_word' id='word_1_43' title='bbox 1125 677 1217 717; x_wconf 91' lang='lat' dir='ltr'><strong>est.</strong></span> 
     </span>
    </p>
   </div>
   <div class='ocr_carea' id='block_1_4' title="bbox 1422 672 1518 716">
    <p class='ocr_par' dir='ltr' id='par_1_6' title="bbox 1422 672 1518 716">
     <span class='ocr_line' id='line_1_8' title="bbox 1422 672 1518 716; baseline 0.01 -1"><span class='ocrx_word' id='word_1_44' title='bbox 1422 672 1518 716; x_wconf 78' lang='lat'><strong>426</strong></span> 
     </span>
    </p>
   </div>
   <div class='ocr_carea' id='block_1_5' title="bbox 132 747 1518 965">
    <p class='ocr_par' dir='ltr' id='par_1_7' title="bbox 132 747 1518 965">
     <span class='ocr_line' id='line_1_9' title="bbox 132 747 1402 803; baseline -0.002 -7"><span class='ocrx_word' id='word_1_45' title='bbox 132 747 228 802; x_wconf 87' lang='lat' dir='ltr'><strong>Qui</strong></span> <span class='ocrx_word' id='word_1_46' title='bbox 253 749 400 796; x_wconf 90' lang='lat' dir='ltr'><strong>modo</strong></span> <span class='ocrx_word' id='word_1_47' title='bbox 425 749 624 796; x_wconf 81' lang='lat' dir='ltr'><strong>celabas</strong></span> <span class='ocrx_word' id='word_1_48' title='bbox 650 748 841 795; x_wconf 90' lang='lat' dir='ltr'><strong>monitu</strong></span> <span class='ocrx_word' id='word_1_49' title='bbox 865 755 952 795; x_wconf 89' lang='lat' dir='ltr'><strong>tua</strong></span> <span class='ocrx_word' id='word_1_50' title='bbox 976 747 1183 794; x_wconf 86' lang='lat' dir='ltr'><strong>crimina</strong></span> <span class='ocrx_word' id='word_1_51' title='bbox 1207 754 1402 803; x_wconf 89' lang='lat' dir='ltr'><strong>nostro;</strong></span> 
     </span>
     <span class='ocr_line' id='line_1_10' title="bbox 199 824 1302 886; baseline -0.002 -15"><span class='ocrx_word' id='word_1_52' title='bbox 199 825 367 873; x_wconf 81' lang='lat' dir='ltr'><strong>Flecte</strong></span> <span class='ocrx_word' id='word_1_53' title='bbox 392 826 500 881; x_wconf 89' lang='lat' dir='ltr'><strong>iter,</strong></span> <span class='ocrx_word' id='word_1_54' title='bbox 527 832 578 872; x_wconf 93' lang='lat' dir='ltr'><strong>et</strong></span> <span class='ocrx_word' id='word_1_55' title='bbox 601 825 791 872; x_wconf 90' lang='lat' dir='ltr'><strong>monitu</strong></span> <span class='ocrx_word' id='word_1_56' title='bbox 816 825 996 886; x_wconf 81' lang='lat' dir='ltr'><strong>detege</strong></span> <span class='ocrx_word' id='word_1_57' title='bbox 1021 824 1150 871; x_wconf 88' lang='lat' dir='ltr'><strong>furta</strong></span> <span class='ocrx_word' id='word_1_58' title='bbox 1174 839 1302 873; x_wconf 90' lang='lat' dir='ltr'><strong>meo.</strong></span> 
     </span>
     <span class='ocr_line' id='line_1_11' title="bbox 133 899 1518 965; baseline -0.003 -16"><span class='ocrx_word' id='word_1_59' title='bbox 133 900 180 948; x_wconf 95' lang='lat' dir='ltr'>N</span> <span class='ocrx_word' id='word_1_60' title='bbox 185 918 241 949; x_wconf 89' lang='lat' dir='ltr'><strong>ec</strong></span> <span class='ocrx_word' id='word_1_61' title='bbox 266 902 440 949; x_wconf 87' lang='lat' dir='ltr'><strong>levitas</strong></span> <span class='ocrx_word' id='word_1_62' title='bbox 465 902 715 965; x_wconf 88' lang='lat' dir='ltr'><strong>culpanda</strong></span> <span class='ocrx_word' id='word_1_63' title='bbox 735 917 846 948; x_wconf 91' lang='lat' dir='ltr'><strong>mea</strong></span> <span class='ocrx_word' id='word_1_64' title='bbox 870 908 962 947; x_wconf 90' lang='lat' dir='ltr'><strong>est.</strong></span> <span class='ocrx_word' id='word_1_65' title='bbox 999 917 1097 947; x_wconf 91' lang='lat' dir='ltr'><strong>non</strong></span> <span class='ocrx_word' id='word_1_66' title='bbox 1122 915 1318 964; x_wconf 89' lang='lat' dir='ltr'><strong>semper</strong></span> <span class='ocrx_word' id='word_1_67' title='bbox 1343 899 1518 946; x_wconf 92' lang='lat' dir='ltr'><strong>eodem</strong></span> 
     </span>
    </p>
   </div>
   <div class='ocr_carea' id='block_1_6' title="bbox 199 977 1194 1042">
    <p class='ocr_par' dir='ltr' id='par_1_8' title="bbox 199 977 1194 1042">
     <span class='ocr_line' id='line_1_12' title="bbox 199 977 1194 1042; baseline -0.001 -18"><span class='ocrx_word' id='word_1_68' title='bbox 199 978 466 1042; x_wconf 88' lang='lat' dir='ltr'><strong>Impositos</strong></span> <span class='ocrx_word' id='word_1_69' title='bbox 493 985 638 1025; x_wconf 92' lang='lat' dir='ltr'><strong>vento</strong></span> <span class='ocrx_word' id='word_1_70' title='bbox 664 978 831 1041; x_wconf 88' lang='lat' dir='ltr'><strong>panda</strong></span> <span class='ocrx_word' id='word_1_71' title='bbox 854 977 1022 1024; x_wconf 90' lang='lat' dir='ltr'><strong>carina</strong></span> <span class='ocrx_word' id='word_1_72' title='bbox 1045 977 1194 1024; x_wconf 90' lang='lat' dir='ltr'><strong>vehit.</strong></span> 
     </span>
    </p>
   </div>
   <div class='ocr_carea' id='block_1_7' title="bbox 1421 978 1519 1021">
    <p class='ocr_par' dir='ltr' id='par_1_9' title="bbox 1421 978 1519 1021">
     <span class='ocr_line' id='line_1_13' title="bbox 1421 978 1519 1021; baseline 0 0"><span class='ocrx_word' id='word_1_73' title='bbox 1421 978 1519 1021; x_wconf 84' lang='lat'><strong>430</strong></span> 
     </span>
    </p>
   </div>
   <div class='ocr_carea' id='block_1_8' title="bbox 133 1051 1519 1502">
    <p class='ocr_par' dir='ltr' id='par_1_10' title="bbox 135 1051 1517 1196">
     <span class='ocr_line' id='line_1_14' title="bbox 135 1051 1517 1109; baseline -0.003 -7"><span class='ocrx_word' id='word_1_74' title='bbox 135 1053 266 1102; x_wconf 88' lang='lat' dir='ltr'><strong>Nam</strong></span> <span class='ocrx_word' id='word_1_75' title='bbox 290 1055 438 1102; x_wconf 91' lang='lat' dir='ltr'><strong>modo</strong></span> <span class='ocrx_word' id='word_1_76' title='bbox 464 1054 692 1101; x_wconf 83' lang='lat' dir='ltr'><strong>Threicio</strong></span> <span class='ocrx_word' id='word_1_77' title='bbox 720 1054 897 1109; x_wconf 88' lang='lat' dir='ltr'><strong>Borea,</strong></span> <span class='ocrx_word' id='word_1_78' title='bbox 917 1054 1068 1101; x_wconf 91' lang='lat' dir='ltr'><strong>modo</strong></span> <span class='ocrx_word' id='word_1_79' title='bbox 1095 1053 1337 1101; x_wconf 90' lang='lat' dir='ltr'><strong>currimus</strong></span> <span class='ocrx_word' id='word_1_80' title='bbox 1360 1051 1517 1099; x_wconf 91' lang='lat' dir='ltr'><strong>Euro:</strong></span> 
     </span>
     <span class='ocr_line' id='line_1_15' title="bbox 200 1130 1354 1196; baseline -0.001 -18"><span class='ocrx_word' id='word_1_81' title='bbox 200 1131 348 1196; x_wconf 88' lang='lat' dir='ltr'><strong>Saepe</strong></span> <span class='ocrx_word' id='word_1_82' title='bbox 372 1139 567 1180; x_wconf 89' lang='lat' dir='ltr'><strong>tument</strong></span> <span class='ocrx_word' id='word_1_83' title='bbox 591 1133 821 1196; x_wconf 88' lang='lat' dir='ltr'><strong>Zephyro</strong></span> <span class='ocrx_word' id='word_1_84' title='bbox 845 1132 1014 1188; x_wconf 88' lang='lat' dir='ltr'><strong>lintea,</strong></span> <span class='ocrx_word' id='word_1_85' title='bbox 1043 1148 1176 1196; x_wconf 89' lang='lat' dir='ltr'><strong>saepe</strong></span> <span class='ocrx_word' id='word_1_86' title='bbox 1204 1130 1354 1177; x_wconf 89' lang='lat' dir='ltr'><strong>Noto.</strong></span> 
     </span>
    </p>

    <p class='ocr_par' dir='ltr' id='par_1_11' title="bbox 133 1207 1438 1348">
     <span class='ocr_line' id='line_1_16' title="bbox 133 1207 1438 1272; baseline -0.002 -18"><span class='ocrx_word' id='word_1_87' title='bbox 133 1207 370 1272; x_wconf 87' lang='lat' dir='ltr'><strong>Adspice,</strong></span> <span class='ocrx_word' id='word_1_88' title='bbox 397 1216 453 1256; x_wconf 90' lang='lat' dir='ltr'><strong>ut</strong></span> <span class='ocrx_word' id='word_1_89' title='bbox 477 1209 526 1256; x_wconf 92' lang='lat' dir='ltr'><strong>in</strong></span> <span class='ocrx_word' id='word_1_90' title='bbox 551 1225 696 1256; x_wconf 90' lang='lat' dir='ltr'><strong>curru</strong></span> <span class='ocrx_word' id='word_1_91' title='bbox 722 1209 870 1256; x_wconf 91' lang='lat' dir='ltr'><strong>modo</strong></span> <span class='ocrx_word' id='word_1_92' title='bbox 896 1209 982 1255; x_wconf 91' lang='lat' dir='ltr'><strong>det</strong></span> <span class='ocrx_word' id='word_1_93' title='bbox 1005 1208 1252 1255; x_wconf 88' lang='lat' dir='ltr'><strong>fluitantia</strong></span> <span class='ocrx_word' id='word_1_94' title='bbox 1276 1213 1438 1254; x_wconf 90' lang='lat' dir='ltr'><strong>rector</strong></span> 
     </span>
     <span class='ocr_line' id='line_1_17' title="bbox 201 1284 1356 1348; baseline -0.002 -16"><span class='ocrx_word' id='word_1_95' title='bbox 201 1284 342 1341; x_wconf 90' lang='lat' dir='ltr'><strong>Lora,</strong></span> <span class='ocrx_word' id='word_1_96' title='bbox 369 1287 516 1333; x_wconf 91' lang='lat' dir='ltr'><strong>modo</strong></span> <span class='ocrx_word' id='word_1_97' title='bbox 542 1287 787 1333; x_wconf 88' lang='lat' dir='ltr'><strong>admissos</strong></span> <span class='ocrx_word' id='word_1_98' title='bbox 813 1293 917 1334; x_wconf 92' lang='lat' dir='ltr'><strong>arte</strong></span> <span class='ocrx_word' id='word_1_99' title='bbox 942 1293 1158 1333; x_wconf 86' lang='lat' dir='ltr'><strong>retentet</strong></span> <span class='ocrx_word' id='word_1_100' title='bbox 1182 1300 1356 1348; x_wconf 89' lang='lat' dir='ltr'><strong>equos.</strong></span> 
     </span>
    </p>

    <p class='ocr_par' dir='ltr' id='par_1_12' title="bbox 135 1361 1519 1502">
     <span class='ocr_line' id='line_1_18' title="bbox 135 1361 1519 1426; baseline -0.002 -17"><span class='ocrx_word' id='word_1_101' title='bbox 135 1362 263 1409; x_wconf 89' lang='lat' dir='ltr'><strong>Sunt</strong></span> <span class='ocrx_word' id='word_1_102' title='bbox 281 1363 463 1426; x_wconf 91' lang='lat' dir='ltr'><strong>quibus</strong></span> <span class='ocrx_word' id='word_1_103' title='bbox 483 1363 673 1426; x_wconf 85' lang='lat' dir='ltr'><strong>ingrate</strong></span> <span class='ocrx_word' id='word_1_104' title='bbox 693 1364 868 1411; x_wconf 91' lang='lat' dir='ltr'><strong>timida</strong></span> <span class='ocrx_word' id='word_1_105' title='bbox 887 1363 1195 1425; x_wconf 81' lang='lat' dir='ltr'><strong>indulgentia</strong></span> <span class='ocrx_word' id='word_1_106' title='bbox 1213 1361 1364 1409; x_wconf 89' lang='lat' dir='ltr'><strong>servit</strong></span> <span class='ocrx_word' id='word_1_107' title='bbox 1382 1375 1390 1404; x_wconf 94' lang='lat'>:</span> <span class='ocrx_word' id='word_1_108' title='bbox 1422 1362 1519 1406; x_wconf 83' lang='lat'><strong>435</strong></span> 
     </span>
     <span class='ocr_line' id='line_1_19' title="bbox 202 1439 1336 1502; baseline -0.002 -16"><span class='ocrx_word' id='word_1_109' title='bbox 202 1439 282 1496; x_wconf 89' lang='lat' dir='ltr'><strong>Et,</strong></span> <span class='ocrx_word' id='word_1_110' title='bbox 310 1439 351 1487; x_wconf 88' lang='lat' dir='ltr'><strong>si</strong></span> <span class='ocrx_word' id='word_1_111' title='bbox 377 1440 512 1487; x_wconf 87' lang='lat' dir='ltr'><strong>nulla</strong></span> <span class='ocrx_word' id='word_1_112' title='bbox 535 1441 708 1487; x_wconf 90' lang='lat' dir='ltr'><strong>subest</strong></span> <span class='ocrx_word' id='word_1_113' title='bbox 733 1441 927 1496; x_wconf 87' lang='lat' dir='ltr'><strong>aemula,</strong></span> <span class='ocrx_word' id='word_1_114' title='bbox 954 1441 1159 1502; x_wconf 90' lang='lat' dir='ltr'><strong>languet</strong></span> <span class='ocrx_word' id='word_1_115' title='bbox 1184 1454 1336 1486; x_wconf 89' lang='lat' dir='ltr'><strong>amor.</strong></span> 
     </span>
    </p>
   </div>
   <div class='ocr_carea' id='block_1_9' title="bbox 135 1636 804 2746">
    <p class='ocr_par' dir='ltr' id='par_1_13' title="bbox 135 1636 802 2364">
     <span class='ocr_line' id='line_1_20' title="bbox 179 1636 796 1677; baseline 0.002 -11"><span class='ocrx_word' id='word_1_116' title='bbox 179 1636 251 1666; x_wconf 87' lang='lat'>421.</span> <span class='ocrx_word' id='word_1_117' title='bbox 277 1636 445 1673; x_wconf 76' lang='lat' dir='ltr'><strong>Candidus,</strong></span> <span class='ocrx_word' id='word_1_118' title='bbox 466 1637 610 1667; x_wconf 53' lang='lat' dir='ltr'><strong>Alcathoi</strong></span> <span class='ocrx_word' id='word_1_119' title='bbox 630 1639 680 1677; x_wconf 79' lang='lat' dir='ltr'><strong>qui</strong></span> <span class='ocrx_word' id='word_1_120' title='bbox 701 1639 796 1667; x_wconf 81' lang='lat' dir='ltr'><strong>mitti-</strong></span> 
     </span>
     <span class='ocr_line' id='line_1_21' title="bbox 136 1684 794 1727; baseline 0 -12"><span class='ocrx_word' id='word_1_121' title='bbox 136 1692 187 1715; x_wconf 80' lang='lat' dir='ltr'><strong>tur</strong></span> <span class='ocrx_word' id='word_1_122' title='bbox 209 1684 282 1716; x_wconf 75' lang='lat' dir='ltr'><strong>urbe&#39;</strong></span> <span class='ocrx_word' id='word_1_123' title='bbox 308 1685 465 1727; x_wconf 58' lang='lat' dir='ltr'><strong>Pelasga]</strong></span> <span class='ocrx_word' id='word_1_124' title='bbox 498 1686 662 1727; x_wconf 82' lang='lat' dir='ltr'><strong>Megaram</strong></span> <span class='ocrx_word' id='word_1_125' title='bbox 688 1686 794 1716; x_wconf 84' lang='lat' dir='ltr'><strong>urbem</strong></span> 
     </span>
     <span class='ocr_line' id='line_1_22' title="bbox 137 1734 796 1776; baseline 0 -11"><span class='ocrx_word' id='word_1_126' title='bbox 137 1734 285 1776; x_wconf 85' lang='lat' dir='ltr'><strong>intelligit</strong></span> <span class='ocrx_word' id='word_1_127' title='bbox 300 1735 409 1770; x_wconf 78' lang='lat' dir='ltr'><strong>Po&#39;eta,</strong></span> <span class='ocrx_word' id='word_1_128' title='bbox 424 1745 519 1776; x_wconf 90' lang='lat' dir='ltr'><strong>quam</strong></span> <span class='ocrx_word' id='word_1_129' title='bbox 535 1735 618 1765; x_wconf 86' lang='lat' dir='ltr'><strong>bello</strong></span> <span class='ocrx_word' id='word_1_130' title='bbox 635 1735 750 1765; x_wconf 84' lang='lat' dir='ltr'><strong>Minois</strong></span> <span class='ocrx_word' id='word_1_131' title='bbox 765 1740 796 1765; x_wconf 89' lang='lat' dir='ltr'><strong>et</strong></span> 
     </span>
     <span class='ocr_line' id='line_1_23' title="bbox 137 1782 796 1824; baseline 0 -11"><span class='ocrx_word' id='word_1_132' title='bbox 137 1782 208 1813; x_wconf 88' lang='lat' dir='ltr'><strong>Nisi</strong></span> <span class='ocrx_word' id='word_1_133' title='bbox 221 1793 336 1824; x_wconf 87' lang='lat' dir='ltr'><strong>magna</strong></span> <span class='ocrx_word' id='word_1_134' title='bbox 350 1794 388 1814; x_wconf 89' lang='lat' dir='ltr'><strong>ex</strong></span> <span class='ocrx_word' id='word_1_135' title='bbox 411 1790 498 1824; x_wconf 85' lang='lat' dir='ltr'><strong>parte</strong></span> <span class='ocrx_word' id='word_1_136' title='bbox 516 1789 683 1819; x_wconf 83' lang='lat' dir='ltr'><strong>vastatam,</strong></span> <span class='ocrx_word' id='word_1_137' title='bbox 699 1783 796 1814; x_wconf 80' lang='lat' dir='ltr'><strong>Alca-</strong></span> 
     </span>
     <span class='ocr_line' id='line_1_24' title="bbox 137 1831 795 1874; baseline -0.002 -11"><span class='ocrx_word' id='word_1_138' title='bbox 137 1832 227 1864; x_wconf 88' lang='lat' dir='ltr'><strong>thous</strong></span> <span class='ocrx_word' id='word_1_139' title='bbox 243 1832 367 1874; x_wconf 85' lang='lat' dir='ltr'><strong>Pelopis</strong></span> <span class='ocrx_word' id='word_1_140' title='bbox 387 1832 469 1863; x_wconf 87' lang='lat' dir='ltr'><strong>filius</strong></span> <span class='ocrx_word' id='word_1_141' title='bbox 484 1843 522 1863; x_wconf 87' lang='lat' dir='ltr'><strong>ex</strong></span> <span class='ocrx_word' id='word_1_142' title='bbox 544 1831 635 1862; x_wconf 85' lang='lat' dir='ltr'><strong>Elide</strong></span> <span class='ocrx_word' id='word_1_143' title='bbox 657 1832 795 1868; x_wconf 86' lang='lat' dir='ltr'><strong>veniens,</strong></span> 
     </span>
     <span class='ocr_line' id='line_1_25' title="bbox 135 1881 796 1924; baseline -0.002 -11"><span class='ocrx_word' id='word_1_144' title='bbox 135 1888 168 1914; x_wconf 89' lang='lat' dir='ltr'><strong>et</strong></span> <span class='ocrx_word' id='word_1_145' title='bbox 194 1883 346 1924; x_wconf 86' lang='lat' dir='ltr'><strong>Megareo</strong></span> <span class='ocrx_word' id='word_1_146' title='bbox 369 1882 433 1923; x_wconf 89' lang='lat' dir='ltr'><strong>regi</strong></span> <span class='ocrx_word' id='word_1_147' title='bbox 458 1882 570 1923; x_wconf 88' lang='lat' dir='ltr'><strong>(gener</strong></span> <span class='ocrx_word' id='word_1_148' title='bbox 593 1881 734 1923; x_wconf 80' lang='lat' dir='ltr'><strong>ejusdem</strong></span> <span class='ocrx_word' id='word_1_149' title='bbox 758 1882 796 1912; x_wconf 94' lang='lat' dir='ltr'><strong>ob</strong></span> 
     </span>
     <span class='ocr_line' id='line_1_26' title="bbox 136 1930 794 1963; baseline -0.002 -1"><span class='ocrx_word' id='word_1_150' title='bbox 136 1931 332 1963; x_wconf 87' lang='lat' dir='ltr'><strong>interfectum</strong></span> <span class='ocrx_word' id='word_1_151' title='bbox 348 1930 572 1962; x_wconf 86' lang='lat' dir='ltr'><strong>Cithaeronium</strong></span> <span class='ocrx_word' id='word_1_152' title='bbox 590 1932 712 1962; x_wconf 91' lang='lat' dir='ltr'><strong>leonem</strong></span> <span class='ocrx_word' id='word_1_153' title='bbox 730 1931 794 1961; x_wconf 85' lang='lat' dir='ltr'><strong>fac—</strong></span> 
     </span>
     <span class='ocr_line' id='line_1_27' title="bbox 137 1979 797 2022; baseline -0.005 -10"><span class='ocrx_word' id='word_1_154' title='bbox 137 1980 204 2020; x_wconf 83' lang='lat' dir='ltr'><strong>tus)</strong></span> <span class='ocrx_word' id='word_1_155' title='bbox 227 1981 260 2011; x_wconf 89' lang='lat' dir='ltr'><strong>in</strong></span> <span class='ocrx_word' id='word_1_156' title='bbox 284 1991 378 2022; x_wconf 88' lang='lat' dir='ltr'><strong>regno</strong></span> <span class='ocrx_word' id='word_1_157' title='bbox 401 1980 573 2011; x_wconf 88' lang='lat' dir='ltr'><strong>succedens</strong></span> <span class='ocrx_word' id='word_1_158' title='bbox 600 1979 797 2016; x_wconf 86' lang='lat' dir='ltr'><strong>instauravit,</strong></span> 
     </span>
     <span class='ocr_line' id='line_1_28' title="bbox 140 2029 798 2070; baseline -0.005 -9"><span class='ocrx_word' id='word_1_159' title='bbox 140 2029 265 2061; x_wconf 87' lang='lat' dir='ltr'><strong>condita</strong></span> <span class='ocrx_word' id='word_1_160' title='bbox 280 2030 374 2060; x_wconf 86' lang='lat' dir='ltr'><strong>etiam</strong></span> <span class='ocrx_word' id='word_1_161' title='bbox 394 2040 475 2065; x_wconf 89' lang='lat' dir='ltr'><strong>arce,</strong></span> <span class='ocrx_word' id='word_1_162' title='bbox 492 2040 586 2070; x_wconf 89' lang='lat' dir='ltr'><strong>quam</strong></span> <span class='ocrx_word' id='word_1_163' title='bbox 607 2029 729 2070; x_wconf 89' lang='lat' dir='ltr'><strong>proprio</strong></span> <span class='ocrx_word' id='word_1_164' title='bbox 745 2040 798 2059; x_wconf 85' lang='lat' dir='ltr'><strong>uo-</strong></span> 
     </span>
     <span class='ocr_line' id='line_1_29' title="bbox 140 2078 799 2109; baseline -0.003 0"><span class='ocrx_word' id='word_1_165' title='bbox 140 2079 224 2109; x_wconf 87' lang='lat' dir='ltr'><strong>mine</strong></span> <span class='ocrx_word' id='word_1_166' title='bbox 247 2079 427 2109; x_wconf 66' lang='lat' dir='ltr'><strong>Alcathoen</strong></span> <span class='ocrx_word' id='word_1_167' title='bbox 447 2078 581 2109; x_wconf 89' lang='lat' dir='ltr'><strong>vocavit.</strong></span> <span class='ocrx_word' id='word_1_168' title='bbox 606 2084 694 2108; x_wconf 91' lang='lat' dir='ltr'><strong>autor</strong></span> <span class='ocrx_word' id='word_1_169' title='bbox 716 2078 799 2108; x_wconf 89' lang='lat' dir='ltr'><strong>Pau-</strong></span> 
     </span>
     <span class='ocr_line' id='line_1_30' title="bbox 138 2127 799 2158; baseline -0.003 0"><span class='ocrx_word' id='word_1_170' title='bbox 138 2138 208 2158; x_wconf 86' lang='lat' dir='ltr'><strong>san.</strong></span> <span class='ocrx_word' id='word_1_171' title='bbox 237 2127 270 2158; x_wconf 90' lang='lat' dir='ltr'><strong>in</strong></span> <span class='ocrx_word' id='word_1_172' title='bbox 298 2127 369 2158; x_wconf 84' lang='lat' dir='ltr'><strong>Att.</strong></span> <span class='ocrx_word' id='word_1_173' title='bbox 407 2128 536 2158; x_wconf 72' lang='lat' dir='ltr'><strong>Mmu.</strong></span> <span class='ocrx_word' id='word_1_174' title='bbox 574 2127 718 2157; x_wconf 70' lang='lat' dir='ltr'><strong>Alcatho&#39;e·</strong></span> <span class='ocrx_word' id='word_1_175' title='bbox 746 2137 799 2157; x_wconf 83' lang='lat' dir='ltr'><strong>arx</strong></span> 
     </span>
     <span class='ocr_line' id='line_1_31' title="bbox 138 2175 801 2219; baseline -0.003 -12"><span class='ocrx_word' id='word_1_176' title='bbox 138 2177 277 2219; x_wconf 85' lang='lat' dir='ltr'><strong>Megaris</strong></span> <span class='ocrx_word' id='word_1_177' title='bbox 293 2177 522 2219; x_wconf 83' lang='lat' dir='ltr'><strong>appellabatur,</strong></span> <span class='ocrx_word' id='word_1_178' title='bbox 539 2182 616 2208; x_wconf 83' lang='lat' dir='ltr'><strong>teste</strong></span> <span class='ocrx_word' id='word_1_179' title='bbox 632 2175 801 2206; x_wconf 69' lang='lat' dir='ltr'><strong>Pausania.</strong></span> 
     </span>
     <span class='ocr_line' id='line_1_32' title="bbox 139 2225 800 2266; baseline -0.003 -10"><span class='ocrx_word' id='word_1_180' title='bbox 139 2225 328 2256; x_wconf 89' lang='lat' dir='ltr'><strong>Alcathoum</strong></span> <span class='ocrx_word' id='word_1_181' title='bbox 336 2231 440 2256; x_wconf 88' lang='lat' dir='ltr'><strong>autem</strong></span> <span class='ocrx_word' id='word_1_182' title='bbox 449 2226 598 2266; x_wconf 84' lang='lat' dir='ltr'><strong>Megaras</strong></span> <span class='ocrx_word' id='word_1_183' title='bbox 609 2225 800 2259; x_wconf 84' lang='lat' dir='ltr'><strong>condidisse,</strong></span> 
     </span>
     <span class='ocr_line' id='line_1_33' title="bbox 139 2274 802 2316; baseline -0.003 -11"><span class='ocrx_word' id='word_1_184' title='bbox 139 2285 264 2316; x_wconf 85' lang='lat' dir='ltr'><strong>operam</strong></span> <span class='ocrx_word' id='word_1_185' title='bbox 290 2274 319 2305; x_wconf 89' lang='lat' dir='ltr'><strong>ei</strong></span> <span class='ocrx_word' id='word_1_186' title='bbox 347 2280 480 2305; x_wconf 86' lang='lat' dir='ltr'><strong>navante</strong></span> <span class='ocrx_word' id='word_1_187' title='bbox 509 2274 669 2315; x_wconf 82' lang='lat' dir='ltr'><strong>Apolline,</strong></span> <span class='ocrx_word' id='word_1_188' title='bbox 698 2274 802 2304; x_wconf 86' lang='lat' dir='ltr'><strong>ferunt</strong></span> 
     </span>
     <span class='ocr_line' id='line_1_34' title="bbox 139 2322 491 2364; baseline -0.006 -10"><span class='ocrx_word' id='word_1_189' title='bbox 139 2330 271 2354; x_wconf 88' lang='lat' dir='ltr'><strong>veteres.</strong></span> <span class='ocrx_word' id='word_1_190' title='bbox 316 2322 491 2364; x_wconf 83' lang='lat' dir='ltr'><strong>Theognis:</strong></span> 
     </span>
    </p>

    <p class='ocr_par' dir='ltr' id='par_1_14' title="bbox 183 2371 801 2414">
     <span class='ocr_line' id='line_1_35' title="bbox 183 2371 801 2414; baseline -0.005 -10"><span class='ocrx_word' id='word_1_191' title='bbox 183 2372 281 2413; x_wconf 84' lang='grc' dir='ltr'>Φοῖβε</span> <span class='ocrx_word' id='word_1_192' title='bbox 295 2373 392 2409; x_wconf 83' lang='grc' dir='ltr'><em>ἄναξ,</em></span> <span class='ocrx_word' id='word_1_193' title='bbox 411 2372 509 2409; x_wconf 84' lang='grc' dir='ltr'><strong><em>αὐτὸς</em></strong></span> <span class='ocrx_word' id='word_1_194' title='bbox 528 2373 587 2414; x_wconf 81' lang='grc' dir='ltr'><strong>μὲν</strong></span> <span class='ocrx_word' id='word_1_195' title='bbox 609 2371 801 2414; x_wconf 72' lang='grc' dir='ltr'>ἐπύργωσας</span> 
     </span>
    </p>

    <p class='ocr_par' dir='ltr' id='par_1_15' title="bbox 142 2422 804 2609">
     <span class='ocr_line' id='line_1_36' title="bbox 269 2422 485 2463; baseline 0 -11"><span class='ocrx_word' id='word_1_196' title='bbox 269 2422 369 2453; x_wconf 80' lang='grc' dir='ltr'>πόλιν</span> <span class='ocrx_word' id='word_1_197' title='bbox 381 2422 485 2463; x_wconf 85' lang='grc' dir='ltr'>ἄκρην</span> 
     </span>
     <span class='ocr_line' id='line_1_37' title="bbox 224 2468 802 2512; baseline -0.005 -10"><span class='ocrx_word' id='word_1_198' title='bbox 224 2471 395 2512; x_wconf 82' lang='grc' dir='ltr'>Ἀλκαθόῳ</span> <span class='ocrx_word' id='word_1_199' title='bbox 420 2469 570 2506; x_wconf 76' lang='grc' dir='ltr'>Πέλοπος</span> <span class='ocrx_word' id='word_1_200' title='bbox 595 2468 687 2501; x_wconf 71' lang='grc' dir='ltr'><em>παιδὶ</em></span> <span class='ocrx_word' id='word_1_201' title='bbox 710 2480 802 2510; x_wconf 85' lang='grc' dir='ltr'>χαρι-</span> 
     </span>
     <span class='ocr_line' id='line_1_38' title="bbox 269 2519 760 2561; baseline -0.006 -10"><span class='ocrx_word' id='word_1_202' title='bbox 269 2520 414 2561; x_wconf 80' lang='grc' dir='ltr'>ζόμενος.</span> <span class='ocrx_word' id='word_1_203' title='bbox 643 2519 760 2549; x_wconf 62' lang='lat' dir='ltr'><strong>mes.</strong></span> 
     </span>
     <span class='ocr_line' id='line_1_39' title="bbox 142 2568 804 2609; baseline -0.003 -9"><span class='ocrx_word' id='word_1_204' title='bbox 142 2569 281 2606; x_wconf 60' lang='lat' dir='ltr'><strong>praetuli,</strong></span> <span class='ocrx_word' id='word_1_205' title='bbox 293 2570 447 2605; x_wconf 81' lang='lat' dir='ltr'><strong>Alcatho&#39;i,</strong></span> <span class='ocrx_word' id='word_1_206' title='bbox 459 2568 504 2599; x_wconf 82' lang='lat' dir='ltr'><strong>ita</strong></span> <span class='ocrx_word' id='word_1_207' title='bbox 514 2568 626 2609; x_wconf 81' lang='lat' dir='ltr'><strong>virgil.</strong></span> <span class='ocrx_word' id='word_1_208' title='bbox 638 2568 721 2599; x_wconf 87' lang='lat' dir='ltr'><strong>Ceiri</strong></span> <span class='ocrx_word' id='word_1_209' title='bbox 734 2569 804 2598; x_wconf 83' lang='lat'>105.</span> 
     </span>
    </p>

    <p class='ocr_par' dir='ltr' id='par_1_16' title="bbox 186 2618 804 2660">
     <span class='ocr_line' id='line_1_40' title="bbox 186 2618 804 2660; baseline -0.003 -11"><span class='ocrx_word' id='word_1_210' title='bbox 186 2619 252 2649; x_wconf 74' lang='lat' dir='ltr'><strong>Stat</strong></span> <span class='ocrx_word' id='word_1_211' title='bbox 270 2618 397 2660; x_wconf 68' lang='lat' dir='ltr'><strong>ssIegara</strong></span> <span class='ocrx_word' id='word_1_212' title='bbox 414 2620 508 2649; x_wconf 78' lang='lat' dir='ltr'><strong>Actaei</strong></span> <span class='ocrx_word' id='word_1_213' title='bbox 523 2619 671 2659; x_wconf 76' lang='lat' dir='ltr'><strong>quondam</strong></span> <span class='ocrx_word' id='word_1_214' title='bbox 686 2619 804 2648; x_wconf 81' lang='lat' dir='ltr'><strong>munita</strong></span> 
     </span>
    </p>

    <p class='ocr_par' dir='ltr' id='par_1_17' title="bbox 231 2668 329 2698">
     <span class='ocr_line' id='line_1_41' title="bbox 231 2668 329 2698; baseline 0.01 -1"><span class='ocrx_word' id='word_1_215' title='bbox 231 2668 329 2698; x_wconf 82' lang='lat' dir='ltr'><strong>labore</strong></span> 
     </span>
    </p>

    <p class='ocr_par' dir='ltr' id='par_1_18' title="bbox 188 2716 348 2746">
     <span class='ocr_line' id='line_1_42' title="bbox 188 2716 348 2746; baseline 0 -1"><span class='ocrx_word' id='word_1_216' title='bbox 188 2716 330 2746; x_wconf 75' lang='lat' dir='ltr'><strong>Alcatho&#39;i</strong></span> <span class='ocrx_word' id='word_1_217' title='bbox 341 2728 348 2745; x_wconf 91' lang='grc'><em>;</em></span> 
     </span>
    </p>
   </div>
   <div class='ocr_carea' id='block_1_10' title="bbox 865 1637 1529 2267">
    <p class='ocr_par' dir='ltr' id='par_1_19' title="bbox 865 1637 1529 2267">
     <span class='ocr_line' id='line_1_43' title="bbox 866 1637 1497 1679; baseline -0.005 -11"><span class='ocrx_word' id='word_1_218' title='bbox 866 1638 928 1669; x_wconf 81' lang='lat' dir='ltr'><strong>Ubi</strong></span> <span class='ocrx_word' id='word_1_219' title='bbox 942 1637 1080 1673; x_wconf 86' lang='lat' dir='ltr'><strong>mallem,</strong></span> <span class='ocrx_word' id='word_1_220' title='bbox 1095 1644 1174 1667; x_wconf 79' lang='lat' dir='ltr'><strong>stant</strong></span> <span class='ocrx_word' id='word_1_221' title='bbox 1193 1637 1334 1679; x_wconf 79' lang='lat' dir='ltr'><strong>Megara.</strong></span> <span class='ocrx_word' id='word_1_222' title='bbox 1381 1637 1497 1666; x_wconf 66' lang='lat' dir='ltr'><strong>Burin.</strong></span> 
     </span>
     <span class='ocr_line' id='line_1_44' title="bbox 908 1686 1525 1727; baseline -0.005 -10"><span class='ocrx_word' id='word_1_223' title='bbox 908 1689 981 1718; x_wconf 77' lang='lat'><strong>422.</strong></span> <span class='ocrx_word' id='word_1_224' title='bbox 1009 1688 1047 1717; x_wconf 69' lang='lat' dir='ltr'><strong>Et</strong></span> <span class='ocrx_word' id='word_1_225' title='bbox 1064 1699 1097 1718; x_wconf 70' lang='lat' dir='ltr'><strong>ex</strong></span> <span class='ocrx_word' id='word_1_226' title='bbox 1113 1688 1196 1717; x_wconf 82' lang='lat' dir='ltr'><strong>horto</strong></span> <span class='ocrx_word' id='word_1_227' title='bbox 1211 1698 1274 1727; x_wconf 78' lang='lat' dir='ltr'><strong>quae</strong></span> <span class='ocrx_word' id='word_1_228' title='bbox 1290 1688 1368 1717; x_wconf 74' lang='lat' dir='ltr'><strong>venit</strong></span> <span class='ocrx_word' id='word_1_229' title='bbox 1381 1686 1468 1715; x_wconf 78' lang='lat' dir='ltr'><strong>herba</strong></span> <span class='ocrx_word' id='word_1_230' title='bbox 1479 1696 1525 1715; x_wconf 84' lang='lat' dir='ltr'><strong>sa-</strong></span> 
     </span>
     <span class='ocr_line' id='line_1_45' title="bbox 867 1735 1529 1777; baseline -0.006 -10"><span class='ocrx_word' id='word_1_231' title='bbox 867 1737 946 1777; x_wconf 57' lang='lat' dir='ltr'><strong>loim]</strong></span> <span class='ocrx_word' id='word_1_232' title='bbox 974 1737 1107 1767; x_wconf 86' lang='lat' dir='ltr'><strong>Erucam</strong></span> <span class='ocrx_word' id='word_1_233' title='bbox 1131 1735 1264 1776; x_wconf 79' lang='lat' dir='ltr'><strong>intelligi</strong></span> <span class='ocrx_word' id='word_1_234' title='bbox 1285 1740 1376 1776; x_wconf 82' lang='lat' dir='ltr'><strong>puto:</strong></span> <span class='ocrx_word' id='word_1_235' title='bbox 1402 1744 1475 1764; x_wconf 84' lang='lat' dir='ltr'><strong>nam</strong></span> <span class='ocrx_word' id='word_1_236' title='bbox 1497 1739 1529 1763; x_wconf 81' lang='lat' dir='ltr'><strong>et</strong></span> 
     </span>
     <span class='ocr_line' id='line_1_46' title="bbox 865 1783 1523 1817; baseline -0.006 -1"><span class='ocrx_word' id='word_1_237' title='bbox 865 1787 945 1817; x_wconf 82' lang='lat' dir='ltr'><strong>infra</strong></span> <span class='ocrx_word' id='word_1_238' title='bbox 967 1786 1023 1816; x_wconf 90' lang='lat' dir='ltr'><strong>lib.</strong></span> <span class='ocrx_word' id='word_1_239' title='bbox 1041 1787 1074 1815; x_wconf 79' lang='lat'><strong>2.</strong></span> <span class='ocrx_word' id='word_1_240' title='bbox 1095 1785 1134 1815; x_wconf 86' lang='lat' dir='ltr'><strong>de</strong></span> <span class='ocrx_word' id='word_1_241' title='bbox 1152 1784 1288 1815; x_wconf 85' lang='lat' dir='ltr'><strong>Remed.</strong></span> <span class='ocrx_word' id='word_1_242' title='bbox 1315 1783 1428 1814; x_wconf 86' lang='lat' dir='ltr'><strong>amoris</strong></span> <span class='ocrx_word' id='word_1_243' title='bbox 1448 1783 1523 1813; x_wconf 87' lang='lat'>799.</span> 
     </span>
     <span class='ocr_line' id='line_1_47' title="bbox 865 1832 1492 1865; baseline -0.006 0"><span class='ocrx_word' id='word_1_244' title='bbox 865 1836 991 1865; x_wconf 77' lang='lat' dir='ltr'><strong>sulacem</strong></span> <span class='ocrx_word' id='word_1_245' title='bbox 1007 1833 1140 1865; x_wconf 87' lang='lat' dir='ltr'><strong>eandem</strong></span> <span class='ocrx_word' id='word_1_246' title='bbox 1154 1832 1294 1864; x_wconf 88' lang='lat' dir='ltr'><strong>nominat</strong></span> <span class='ocrx_word' id='word_1_247' title='bbox 1308 1832 1366 1862; x_wconf 89' lang='lat' dir='ltr'><strong>hoc</strong></span> <span class='ocrx_word' id='word_1_248' title='bbox 1381 1842 1471 1862; x_wconf 86' lang='lat' dir='ltr'><strong>versu</strong></span> <span class='ocrx_word' id='word_1_249' title='bbox 1486 1843 1492 1860; x_wconf 88' lang='lat'>:</span> 
     </span>
     <span class='ocr_line' id='line_1_48' title="bbox 912 1883 1526 1922; baseline -0.007 -8"><span class='ocrx_word' id='word_1_250' title='bbox 912 1885 974 1914; x_wconf 78' lang='lat' dir='ltr'><strong>Nec</strong></span> <span class='ocrx_word' id='word_1_251' title='bbox 998 1885 1096 1913; x_wconf 77' lang='lat' dir='ltr'><strong>minus</strong></span> <span class='ocrx_word' id='word_1_252' title='bbox 1115 1893 1221 1913; x_wconf 76' lang='lat' dir='ltr'><strong>erucas</strong></span> <span class='ocrx_word' id='word_1_253' title='bbox 1241 1888 1345 1922; x_wconf 78' lang='lat' dir='ltr'><strong>aptum</strong></span> <span class='ocrx_word' id='word_1_254' title='bbox 1368 1887 1409 1911; x_wconf 89' lang='lat' dir='ltr'><strong>est</strong></span> <span class='ocrx_word' id='word_1_255' title='bbox 1430 1883 1526 1911; x_wconf 76' lang='lat' dir='ltr'><strong>vitare</strong></span> 
     </span>
     <span class='ocr_line' id='line_1_49' title="bbox 951 1932 1148 1967; baseline -0.005 -4"><span class='ocrx_word' id='word_1_256' title='bbox 951 1934 1073 1967; x_wconf 75' lang='lat' dir='ltr'><strong>salaces,</strong></span> <span class='ocrx_word' id='word_1_257' title='bbox 1091 1932 1148 1962; x_wconf 66' lang='lat' dir='ltr'><strong>Sto.</strong></span> 
     </span>
     <span class='ocr_line' id='line_1_50' title="bbox 866 1978 1525 2022; baseline -0.006 -10"><span class='ocrx_word' id='word_1_258' title='bbox 866 1982 932 2012; x_wconf 83' lang='lat' dir='ltr'><strong>Aut</strong></span> <span class='ocrx_word' id='word_1_259' title='bbox 955 1987 1038 2012; x_wconf 83' lang='lat' dir='ltr'><strong>certe</strong></span> <span class='ocrx_word' id='word_1_260' title='bbox 1062 1980 1248 2022; x_wconf 84' lang='lat' dir='ltr'><strong>generaliter</strong></span> <span class='ocrx_word' id='word_1_261' title='bbox 1266 1978 1439 2021; x_wconf 78' lang='lat' dir='ltr'><strong>quamlibet</strong></span> <span class='ocrx_word' id='word_1_262' title='bbox 1459 1978 1525 2009; x_wconf 91' lang='lat' dir='ltr'><strong>her-</strong></span> 
     </span>
     <span class='ocr_line' id='line_1_51' title="bbox 866 2028 1526 2070; baseline -0.008 -8"><span class='ocrx_word' id='word_1_263' title='bbox 866 2032 938 2062; x_wconf 86' lang='lat' dir='ltr'><strong>bam</strong></span> <span class='ocrx_word' id='word_1_264' title='bbox 954 2031 1141 2066; x_wconf 89' lang='lat' dir='ltr'><strong>hortensem,</strong></span> <span class='ocrx_word' id='word_1_265' title='bbox 1155 2040 1225 2070; x_wconf 84' lang='lat' dir='ltr'><strong>quae</strong></span> <span class='ocrx_word' id='word_1_266' title='bbox 1242 2028 1281 2059; x_wconf 88' lang='lat' dir='ltr'><strong>ad</strong></span> <span class='ocrx_word' id='word_1_267' title='bbox 1297 2028 1526 2070; x_wconf 86' lang='lat' dir='ltr'><strong>provocandam</strong></span> 
     </span>
     <span class='ocr_line' id='line_1_52' title="bbox 867 2077 1527 2120; baseline -0.008 -9"><span class='ocrx_word' id='word_1_268' title='bbox 867 2091 1011 2111; x_wconf 76' lang='lat' dir='ltr'><strong>venerem</strong></span> <span class='ocrx_word' id='word_1_269' title='bbox 1040 2079 1128 2111; x_wconf 79' lang='lat' dir='ltr'><strong>facit.</strong></span> <span class='ocrx_word' id='word_1_270' title='bbox 1158 2079 1190 2109; x_wconf 90' lang='lat' dir='ltr'><strong>in</strong></span> <span class='ocrx_word' id='word_1_271' title='bbox 1220 2089 1283 2120; x_wconf 92' lang='lat' dir='ltr'><strong>qua</strong></span> <span class='ocrx_word' id='word_1_272' title='bbox 1313 2077 1469 2108; x_wconf 82' lang='lat' dir='ltr'><strong>sententia</strong></span> <span class='ocrx_word' id='word_1_273' title='bbox 1496 2084 1527 2107; x_wconf 87' lang='lat' dir='ltr'><strong>et</strong></span> 
     </span>
     <span class='ocr_line' id='line_1_53' title="bbox 867 2127 1419 2160; baseline -0.009 0"><span class='ocrx_word' id='word_1_274' title='bbox 867 2129 994 2160; x_wconf 88' lang='lat' dir='ltr'><strong>Merula</strong></span> <span class='ocrx_word' id='word_1_275' title='bbox 1006 2129 1100 2159; x_wconf 83' lang='lat' dir='ltr'><strong>fuisse</strong></span> <span class='ocrx_word' id='word_1_276' title='bbox 1113 2128 1245 2158; x_wconf 89' lang='lat' dir='ltr'><strong>videtur.</strong></span> <span class='ocrx_word' id='word_1_277' title='bbox 1291 2127 1419 2156; x_wconf 66' lang='lat' dir='ltr'><strong>Mmu.</strong></span> 
     </span>
     <span class='ocr_line' id='line_1_54' title="bbox 912 2175 1524 2215; baseline -0.007 -7"><span class='ocrx_word' id='word_1_278' title='bbox 912 2179 985 2208; x_wconf 83' lang='lat'>429.</span> <span class='ocrx_word' id='word_1_279' title='bbox 1012 2177 1074 2207; x_wconf 77' lang='lat' dir='ltr'><strong>Nec</strong></span> <span class='ocrx_word' id='word_1_280' title='bbox 1091 2178 1195 2208; x_wconf 79' lang='lat' dir='ltr'><strong>levitas</strong></span> <span class='ocrx_word' id='word_1_281' title='bbox 1211 2177 1362 2215; x_wconf 77' lang='lat' dir='ltr'><strong>culpanda</strong></span> <span class='ocrx_word' id='word_1_282' title='bbox 1374 2187 1437 2205; x_wconf 80' lang='lat' dir='ltr'><strong>mea</strong></span> <span class='ocrx_word' id='word_1_283' title='bbox 1454 2175 1524 2215; x_wconf 82' lang='lat' dir='ltr'><strong>est.]</strong></span> 
     </span>
     <span class='ocr_line' id='line_1_55' title="bbox 870 2224 1527 2267; baseline -0.006 -10"><span class='ocrx_word' id='word_1_284' title='bbox 870 2227 963 2263; x_wconf 87' lang='lat' dir='ltr'><strong>Quod</strong></span> <span class='ocrx_word' id='word_1_285' title='bbox 973 2228 1136 2267; x_wconf 80' lang='lat' dir='ltr'><strong>detegenda</strong></span> <span class='ocrx_word' id='word_1_286' title='bbox 1149 2236 1230 2256; x_wconf 90' lang='lat' dir='ltr'><strong>nunc</strong></span> <span class='ocrx_word' id='word_1_287' title='bbox 1240 2224 1527 2266; x_wconf 73' lang='lat' dir='ltr'><strong>praecipiamfurta,</strong></span> 
     </span>
    </p>
   </div>
   <div class='ocr_carea' id='block_1_11' title="bbox 870 2273 1531 2360">
    <p class='ocr_par' dir='ltr' id='par_1_20' title="bbox 870 2273 1531 2360">
     <span class='ocr_line' id='line_1_56' title="bbox 870 2273 1531 2317; baseline -0.006 -11"><span class='ocrx_word' id='word_1_288' title='bbox 870 2287 940 2317; x_wconf 79' lang='lat' dir='ltr'><strong>quae</strong></span> <span class='ocrx_word' id='word_1_289' title='bbox 971 2276 1063 2306; x_wconf 89' lang='lat' dir='ltr'><strong>modo</strong></span> <span class='ocrx_word' id='word_1_290' title='bbox 1091 2277 1216 2306; x_wconf 72' lang='lat' dir='ltr'><strong>celanda</strong></span> <span class='ocrx_word' id='word_1_291' title='bbox 1243 2283 1411 2304; x_wconf 84' lang='lat' dir='ltr'><strong>suaseram.</strong></span> <span class='ocrx_word' id='word_1_292' title='bbox 1458 2273 1531 2303; x_wconf 80' lang='lat' dir='ltr'><strong>Una</strong></span> 
     </span>
     <span class='ocr_line' id='line_1_57' title="bbox 870 2316 1529 2360; baseline -0.006 -11"><span class='ocrx_word' id='word_1_293' title='bbox 870 2319 986 2360; x_wconf 90' lang='lat' dir='ltr'><strong>quippe</strong></span> <span class='ocrx_word' id='word_1_294' title='bbox 1008 2329 1106 2353; x_wconf 89' lang='lat' dir='ltr'><strong>mens,</strong></span> <span class='ocrx_word' id='word_1_295' title='bbox 1125 2317 1298 2358; x_wconf 87' lang='lat' dir='ltr'><strong>eademque</strong></span> <span class='ocrx_word' id='word_1_296' title='bbox 1320 2316 1418 2346; x_wconf 88' lang='lat' dir='ltr'><strong>mihi:</strong></span> <span class='ocrx_word' id='word_1_297' title='bbox 1445 2327 1529 2346; x_wconf 81' lang='lat' dir='ltr'><strong>amo—</strong></span> 
     </span>
    </p>
   </div>
   <div class='ocr_carea' id='block_1_12' title="bbox 869 2366 1535 2703">
    <p class='ocr_par' dir='ltr' id='par_1_21' title="bbox 869 2366 1529 2398">
     <span class='ocr_line' id='line_1_58' title="bbox 869 2366 1529 2398; baseline -0.006 0"><span class='ocrx_word' id='word_1_298' title='bbox 869 2379 933 2398; x_wconf 88' lang='lat' dir='ltr'><strong>rem</strong></span> <span class='ocrx_word' id='word_1_299' title='bbox 946 2367 1043 2398; x_wconf 86' lang='lat' dir='ltr'><strong>scilic.</strong></span> <span class='ocrx_word' id='word_1_300' title='bbox 1056 2367 1138 2398; x_wconf 85' lang='lat' dir='ltr'><strong>omni</strong></span> <span class='ocrx_word' id='word_1_301' title='bbox 1150 2374 1215 2398; x_wconf 86' lang='lat' dir='ltr'><strong>arte</strong></span> <span class='ocrx_word' id='word_1_302' title='bbox 1230 2367 1383 2396; x_wconf 80' lang='lat' dir='ltr'><strong>adserere.</strong></span> <span class='ocrx_word' id='word_1_303' title='bbox 1412 2366 1529 2395; x_wconf 60' lang='lat' dir='ltr'><strong>Anni.</strong></span> 
     </span>
    </p>

    <p class='ocr_par' dir='ltr' id='par_1_22' title="bbox 869 2416 1535 2703">
     <span class='ocr_line' id='line_1_59' title="bbox 913 2416 1533 2456; baseline -0.003 -10"><span class='ocrx_word' id='word_1_304' title='bbox 913 2418 988 2447; x_wconf 86' lang='lat'>430.</span> <span class='ocrx_word' id='word_1_305' title='bbox 1026 2416 1208 2456; x_wconf 63' lang='lat' dir='ltr'><strong>Impositos]</strong></span> <span class='ocrx_word' id='word_1_306' title='bbox 1254 2416 1337 2450; x_wconf 88' lang='lat' dir='ltr'><strong>Duo,</strong></span> <span class='ocrx_word' id='word_1_307' title='bbox 1374 2416 1533 2453; x_wconf 81' lang='lat' dir='ltr'><strong>impositas.</strong></span> 
     </span>
     <span class='ocr_line' id='line_1_60' title="bbox 871 2463 1533 2505; baseline -0.006 -9"><span class='ocrx_word' id='word_1_308' title='bbox 871 2465 1050 2501; x_wconf 89' lang='lat' dir='ltr'><strong>Bernensis,</strong></span> <span class='ocrx_word' id='word_1_309' title='bbox 1073 2466 1216 2505; x_wconf 78' lang='lat' dir='ltr'><strong>imposito.</strong></span> <span class='ocrx_word' id='word_1_310' title='bbox 1249 2463 1483 2499; x_wconf 79' lang='lat' dir='ltr'><strong>Ambrosianus,</strong></span> <span class='ocrx_word' id='word_1_311' title='bbox 1500 2465 1533 2493; x_wconf 79' lang='lat' dir='ltr'><strong>in</strong></span> 
     </span>
     <span class='ocr_line' id='line_1_61' title="bbox 869 2513 1531 2554; baseline -0.005 -9"><span class='ocrx_word' id='word_1_312' title='bbox 869 2522 986 2554; x_wconf 74' lang='lat' dir='ltr'><strong>portus,</strong></span> <span class='ocrx_word' id='word_1_313' title='bbox 1000 2514 1089 2544; x_wconf 90' lang='lat' dir='ltr'><strong>Nihil</strong></span> <span class='ocrx_word' id='word_1_314' title='bbox 1101 2520 1204 2544; x_wconf 87' lang='lat' dir='ltr'><strong>muta:</strong></span> <span class='ocrx_word' id='word_1_315' title='bbox 1226 2523 1279 2554; x_wconf 88' lang='lat' dir='ltr'><strong>per</strong></span> <span class='ocrx_word' id='word_1_316' title='bbox 1295 2514 1439 2551; x_wconf 76' lang='lat' dir='ltr'><strong>Impositos</strong></span> <span class='ocrx_word' id='word_1_317' title='bbox 1448 2513 1531 2542; x_wconf 84' lang='lat' dir='ltr'><strong>enim</strong></span> 
     </span>
     <span class='ocr_line' id='line_1_62' title="bbox 872 2561 1531 2605; baseline -0.005 -11"><span class='ocrx_word' id='word_1_318' title='bbox 872 2564 1022 2605; x_wconf 82' lang='lat' dir='ltr'><strong>intelligit</strong></span> <span class='ocrx_word' id='word_1_319' title='bbox 1037 2569 1186 2598; x_wconf 47' lang='lat' dir='ltr'><strong>vectore&amp;</strong></span> <span class='ocrx_word' id='word_1_320' title='bbox 1201 2568 1232 2592; x_wconf 86' lang='lat' dir='ltr'><strong>et</strong></span> <span class='ocrx_word' id='word_1_321' title='bbox 1246 2561 1402 2603; x_wconf 89' lang='lat' dir='ltr'><strong>proprium</strong></span> <span class='ocrx_word' id='word_1_322' title='bbox 1423 2567 1470 2592; x_wconf 86' lang='lat' dir='ltr'><strong>est</strong></span> <span class='ocrx_word' id='word_1_323' title='bbox 1489 2562 1531 2592; x_wconf 90' lang='lat' dir='ltr'><strong>rei</strong></span> 
     </span>
     <span class='ocr_line' id='line_1_63' title="bbox 873 2612 1535 2651; baseline -0.006 -7"><span class='ocrx_word' id='word_1_324' title='bbox 873 2613 1007 2644; x_wconf 85' lang='lat' dir='ltr'><strong>nauticae</strong></span> <span class='ocrx_word' id='word_1_325' title='bbox 1020 2612 1148 2642; x_wconf 84' lang='lat' dir='ltr'><strong>verbum</strong></span> <span class='ocrx_word' id='word_1_326' title='bbox 1162 2613 1318 2650; x_wconf 75' lang='lat' dir='ltr'><strong>imponere,</strong></span> <span class='ocrx_word' id='word_1_327' title='bbox 1333 2621 1393 2651; x_wconf 91' lang='lat' dir='ltr'><strong>quo</strong></span> <span class='ocrx_word' id='word_1_328' title='bbox 1406 2616 1535 2641; x_wconf 83' lang='lat' dir='ltr'><strong>utuntur</strong></span> 
     </span>
     <span class='ocr_line' id='line_1_64' title="bbox 873 2659 1534 2703; baseline -0.006 -11"><span class='ocrx_word' id='word_1_329' title='bbox 873 2660 1066 2703; x_wconf 85' lang='lat' dir='ltr'><strong>simpliciter,</strong></span> <span class='ocrx_word' id='word_1_330' title='bbox 1084 2671 1144 2690; x_wconf 87' lang='lat' dir='ltr'><strong>non</strong></span> <span class='ocrx_word' id='word_1_331' title='bbox 1163 2659 1270 2690; x_wconf 84' lang='lat' dir='ltr'><strong>addito</strong></span> <span class='ocrx_word' id='word_1_332' title='bbox 1286 2669 1369 2701; x_wconf 86' lang='lat' dir='ltr'><strong>saepe</strong></span> <span class='ocrx_word' id='word_1_333' title='bbox 1387 2661 1466 2695; x_wconf 81' lang='lat' dir='ltr'><strong>navi,</strong></span> <span class='ocrx_word' id='word_1_334' title='bbox 1484 2659 1534 2689; x_wconf 70' lang='lat' dir='ltr'><strong>vel</strong></span> 
     </span>
    </p>
   </div>
   <div class='ocr_carea' id='block_1_13' title="bbox 862 2710 1204 2745">
    <p class='ocr_par' dir='ltr' id='par_1_23' title="bbox 862 2710 1204 2745">
     <span class='ocr_line' id='line_1_65' title="bbox 862 2710 1204 2745; baseline -0.009 -4"><span class='ocrx_word' id='word_1_335' title='bbox 862 2713 905 2745; x_wconf 65' lang='lat' dir='ltr'><strong>‚in</strong></span> <span class='ocrx_word' id='word_1_336' title='bbox 924 2721 1038 2740; x_wconf 76' lang='lat' dir='ltr'><strong>nauem.</strong></span> <span class='ocrx_word' id='word_1_337' title='bbox 1086 2710 1204 2739; x_wconf 64' lang='lat' dir='ltr'><strong>Burin.</strong></span> 
     </span>
    </p>
   </div>
   <div class='ocr_carea' id='block_1_14' title="bbox 964 2763 1022 2793">
    <p class='ocr_par' dir='ltr' id='par_1_24' title="bbox 964 2763 1022 2793">
     <span class='ocr_line' id='line_1_66' title="bbox 964 2763 1022 2793; baseline -0.017 0"><span class='ocrx_word' id='word_1_338' title='bbox 964 2763 1022 2793; x_wconf 82' lang='lat' dir='ltr'><strong>C4</strong></span> 
     </span>
    </p>
   </div>
  </div>
 </body>
</html>
