1760 3172
194 163 280 204 280·

586 163 635 203 P.
672 163 885 205 OVIDII
922 164 1202 207 NASONIS

199 277 294 334 Illi,
323 293 450 340 quos
477 277 619 325 audis
645 278 900 326 hominum
926 280 1145 341 gaudere
1170 296 1359 337 cruore,

263 353 418 401 Paene
444 354 538 401 sub
563 355 791 417 ejusdem
816 355 992 402 sideris
1019 372 1114 404 axe
1133 358 1323 419 jacent.

198 430 306 478 Nec
333 431 507 493 procul
533 446 562 478 a
585 432 728 478 nobis
754 432 893 479 locus
918 440 1012 488 est,
1040 434 1123 480 ubi
1150 433 1362 482 Taurica
1385 434 1493 482 dira

266 508 421 556 Caede
447 509 747 572 pharetratae
774 510 995 572 pascitur
1021 526 1105 558 ara
1132 511 1270 559 Deae.

197 583 320 632 Haec
342 585 495 649 prius,
517 593 572 632 ut
587 594 880 642 memorant,
894 602 992 633 non
1012 586 1254 635 invidiosa
1267 588 1510 646 nefandis,
1528 592 1591 637 65

265 660 374 709 Nec
401 662 652 725 cupienda
676 662 838 718 boniS,
863 679 1017 725 regna
1033 663 1274 711 Thoantis
1300 673 1456 713 erant.

196 737 294 786 Hic
320 754 409 801 pro
436 738 697 802 subposita
719 738 857 801 virgo
879 739 1121 804 Pelopeia
1145 757 1292 789 cerva

266 815 421 862 Sacra
448 814 572 861 Deae
599 815 753 861 coluit
779 815 1167 879 qualiacumque
1193 834 1312 864 suae.

196 892 308 946 Quo
329 899 614 955 postquam,
632 892 840 939 dubium
863 893 974 957 pius
996 909 1058 940 an
1075 895 1363 950 sceleratus,
1384 894 1591 942 Orestes

265 968 491 1016 Exactus
517 968 657 1016 furiis
683 976 887 1017 venerat
912 971 1020 1033 ipse
1047 972 1166 1027 suis,

1529 976 1593 1019 70

196 1045 262 1093 Et
287 1063 457 1094 comes
483 1047 774 1110 exemplum
800 1048 900 1095 veri
927 1047 1173 1096 Phocaeus
1200 1049 1398 1104 amoris,

263 1123 362 1178 Qui
387 1124 485 1170 duo
511 1125 818 1188 corporibus,
845 1126 1099 1173 mentibus
1132 1142 1260 1173 unus
1286 1134 1426 1173 erant
1442 1145 1453 1183 ;

195 1201 430 1248 Protinus
456 1201 637 1248 evincti
663 1201 839 1249 Triviae
861 1203 1110 1250 ducuntur
1135 1203 1197 1250 ad
1224 1219 1376 1259 aram,

261 1278 385 1333 Quae
413 1280 584 1326 stabat
608 1281 834 1342 geminas
860 1288 977 1328 ante
1003 1288 1212 1328 cruenta
1235 1280 1365 1327 fores
1386 1298 1395 1328 z
1527 1283 1589 1327 74

195 1355 304 1404 Nec
338 1364 507 1404 tamen
540 1357 672 1404 hunc
706 1375 797 1406 sua
829 1375 978 1415 mors,
1006 1374 1097 1406 nec
1131 1374 1263 1405 mors
1297 1374 1386 1405 sua
1418 1357 1592 1405 terruit

259 1432 403 1480 Alter
427 1434 491 1480 ob
518 1434 721 1482 alterius
746 1434 922 1483 funera
945 1442 1152 1482 moestus
1178 1442 1312 1483 erat:

1394 1434 1556 1496 [illum
1573 1452 1584 1492 ;

195 1508 261 1556 Et
278 1510 385 1572 jam
410 1510 702 1558 constiterat
727 1511 899 1559 stricto
921 1527 1160 1559 mucrone
1182 1511 1432 1566 sacerdos,

263 1586 507 1634 Cinxerat
531 1594 582 1634 et
608 1587 788 1635 Graias
814 1589 1028 1636 barbara
1050 1588 1175 1636 vitta
1201 1604 1398 1645 comas3

235 1688 288 1720 63.
312 1689 369 1719 Ubi
398 1689 558 1730 Tauricm]
596 1690 660 1722 Ubi
689 1690 775 1732 regio
802 1691 859 1722 illa

191 1737 336 1773 crudelis,
349 1738 388 1769 de
402 1749 465 1779 qua
478 1739 656 1770 Herodotus
670 1739 749 1771 libro
766 1751 858 1782 quar-

190 1792 222 1817 to
236 1798 243 1823 ;
266 1792 297 1817 et
313 1787 367 1817 lib.
379 1787 421 1817 iii.
437 1787 476 1818 de
493 1787 593 1818 Ponto
609 1788 658 1818 El.
669 1788 702 1819 ii.
716 1790 772 1820 80.

236 1836 288 1865 64.
311 1836 428 1876 cada]
456 1836 560 1867 Morte
585 1836 754 1878 hospitum.
787 1839 858 1869 Deae

188 1884 371 1923 pharetram
385 1887 532 1924 pascitur.
556 1885 635 1915 Deae
648 1886 774 1922 Dianae,
787 1897 858 1928 quae

190 1939 342 1974 tanquam
357 1933 532 1964 venationis
554 1934 626 1965 Dea
647 1935 771 1976 sagittis
791 1936 853 1966 uti-

189 1988 251 2013 tur.
288 1984 366 2014 Haec
381 1983 459 2013 retia
474 1983 514 2014 ad
530 1983 708 2015 venandum
726 1985 854 2022 invenit,

190 2043 227 2063 ex
248 2043 309 2074 quo
329 2039 361 2064 et
377 2033 540 2074 Dictynna
554 2040 602 2064 est
621 2036 854 2076 cognominata.

190 2082 362 2114 Colebatur
378 2089 484 2113 autem
496 2083 579 2114 circa
593 2083 763 2125 Ephesum,
771 2085 854 2115 Pon-

191 2138 268 2168 tum,
285 2132 459 2169 Persidem,
481 2138 514 2163 et
534 2133 681 2164 Cretam:
705 2133 788 2165 unde
812 2135 853 2165 E-

189 2181 310 2222 phesia,
327 2181 446 2217 Ctesia‚
460 2182 658 2224 Tauropolia,
671 2192 708 2213 ac
728 2183 853 2215 Persea.

233 2231 285 2261 67.
301 2230 391 2271 Hic.]
419 2231 457 2261 In
470 2231 605 2262 Taurica
619 2231 757 2273 regione.
788 2233 853 2262 Γίν-

187 2292 225 2321 gn
244 2280 392 2320 Pelopeia.
416 2280 593 2323 Iphigenia,
606 2280 672 2312 filia
682 2282 852 2323 Agamem-

189 2329 288 2366 nonis,
305 2340 343 2361 ex
364 2330 491 2372 Pelopis
513 2339 637 2370 genere.
673 2330 733 2361 Pro
751 2332 855 2371 subpo-

187 2382 245 2409 sita
273 2390 371 2410 cerva.
423 2379 483 2410 Pro
520 2389 624 2415 cerva,
650 2390 747 2421 quam
784 2380 854 2411 loco

188 2427 361 2470 Iphigeniae
390 2428 525 2470 subjecit
553 2428 672 2465 Diana,
700 2434 734 2459 ut
762 2428 855 2460 docet

187 2477 313 2508 Servius
328 2477 360 2507 in
375 2477 568 2508 enarratione
584 2477 651 2518 ejus
668 2487 784 2513 versus,

233 2525 389 2567 Sanguine
407 2527 549 2565 placastis
566 2532 676 2562 ventos,
692 2533 719 2557 et
737 2528 854 2568 virgine

275 2586 358 2605 Caesll.

232 2623 284 2653 69.
297 2623 371 2653 Pius
386 2635 425 2653 an
441 2623 630 2664 sceleratus-J
648 2617 741 2655 Unde
756 2634 852 2665 quum

188 2671 450 2713 Areopagitarum
461 2672 617 2714 judicium
629 2672 785 2709 subiisset,
798 2684 851 2704 va-

188 2720 273 2751 riatis
296 2720 455 2752 hominum
476 2721 651 2756 sententiis,
669 2732 730 2753 non
752 2721 851 2753 solum

926 1691 1044 1728 divina,
1061 1691 1115 1723 sed
1135 1691 1232 1724 etiam
1250 1692 1330 1723 Deae
1353 1690 1589 1734 sapientissimae

925 1741 1081 1772 sententia
1101 1740 1264 1772 absolutus
1284 1740 1354 1776 fuit,
1370 1745 1406 1771 ut
1424 1739 1516 1771 docet
1536 1739 1590 1771 Ci-

926 1800 997 1821 cero
1011 1789 1044 1820 in
1058 1789 1197 1821 oratione
1213 1800 1268 1832 pro
1283 1789 1416 1820 Milone.

971 1839 1023 1869 71.
1041 1839 1208 1879 Phoc-mm]
1228 1838 1376 1880 Pylades,
1393 1849 1431 1869 ex
1450 1837 1589 1869 Phocide

926 1887 1063 1928 regione,
1072 1886 1154 1917 filius
1167 1886 1304 1928 Strophii
1317 1899 1324 1917 :
1341 1886 1509 1918 fidissimus
1522 1887 1590 1930 ejus

926 1942 958 1967 et
974 1936 1153 1966 individuus
1169 1945 1286 1966 comes.

968 1986 1019 2015 72.
1037 1983 1135 2016 Φιλία
1157 1984 1223 2016 ἐστὶ
1247 1984 1306 2026 μία
1324 1983 1420 2026 ψυχὴ
1442 1984 1477 2016 ἐν
1496 1983 1590 2016 δυοῖν

922 2034 1068 2076 σώμασιν
1085 2033 1189 2065 Graeci
1210 2033 1314 2065 dicere
1337 2034 1491 2070 solebant,
1506 2040 1538 2065 et
1552 2034 1589 2064 '11-

922 2083 977 2115 lud
994 2083 1115 2114 Horatii
1132 2083 1152 2114 i.
1168 2083 1231 2114 od.
1242 2084 1272 2114 3.
1290 2083 1343 2114 ubi
1359 2083 1430 2114 vide
1441 2083 1588 2114 Lambin.

921 2135 1079 2164 dimidium
1097 2135 1204 2164 ‹mimae
1221 2144 1300 2169 meae,
1318 2138 1365 2164 est
1380 2133 1588 2164 notissimum.

921 2183 1070 2214 HARLES.

965 2232 1016 2263 73.
1035 2232 1170 2272 Triviae.]
1199 2231 1231 2262 h.
1249 2242 1276 2263 e.
1301 2232 1424 2267 Dianae,
1438 2230 1487 2261 vel
1503 2229 1588 2272 quod

921 2278 953 2311 in
968 2281 1081 2312 Triviis
1096 2282 1270 2323 ponebatur
1285 2281 1369 2323 apud
1386 2281 1526 2316 Graecos‚
1536 2279 1587 2311 vel

921 2337 1046 2372 propter
1070 2331 1225 2374 triplicem
1241 2330 1304 2360 vim
1328 2337 1360 2361 et
1383 2335 1585 2372 potestatem,

921 2380 1038 2422 quippe
1059 2390 1130 2421 quae
1152 2379 1262 2410 eadem
1286 2379 1408 2410 Lucina
1433 2390 1460 2410 s.
1485 2379 1587 2415 Luna,

922 2428 1029 2459 Diana
1049 2435 1081 2459 et
1096 2428 1283 2470 Proserpina
1297 2428 1483 2464 habebatur,
1500 2432 1534 2458 ut
1549 2437 1587 2458 ex

922 2476 1122 2518 Mythologia
1138 2483 1270 2507 constat.
1303 2477 1454 2507 HARLES.

967 2526 1019 2556 78.
1036 2525 1173 2556 Barbara
1194 2525 1303 2566 vium]
1330 2525 1421 2556 Vitta
1439 2534 1502 2566 qua
1516 2523 1586 2555 vin-

921 2574 1084 2605 ciebantur
1103 2585 1207 2605 eorum
1230 2574 1346 2616 capita,
1363 2574 1417 2615 qui
1438 2573 1509 2604 Deo
1530 2571 1586 2603 ali-

922 2624 972 2653 cui
993 2622 1246 2654 immolabantur.
1288 2621 1447 2663 Virgilius,
1465 2622 1539 2652 AEn.
1555 2621 1588 2652 ii.

925 2672 995 2703 133.
1011 2678 1040 2703 et
1055 2674 1169 2703 circum
1188 2679 1315 2712 tempora
1332 2673 1424 2702 vittae.
