1760 3172
217 181 302 221 374
607 178 656 218 Ρ.
680 176 891 219 0V1D11
925 175 1201 218 NASONIS

634 364 1063 414 EPISTOLA
1112 366 1172 413 V.

764 508 1046 551 MAXIMO.

220 607 347 654 ILLE
373 614 484 652 tuos
506 604 757 668 quondam
783 619 880 650 non
906 603 1110 650 ultimus
1136 603 1260 651 inter
1286 605 1486 661 amicos,

286 683 356 730 Ut
381 699 470 730 sua
491 683 641 729 verba
665 682 817 743 legas,
847 679 1086 736 Maxime,
1116 681 1252 729 Naso
1278 690 1443 745 rogat:

217 760 483 824 Inrquibus
509 758 761 821 ingenium
786 758 972 805 desiste
998 759 1247 822 requirere
1271 768 1507 816 nostrum,

283 836 495 884 Nescius
522 836 683 883 exsilii
707 851 769 901 ne
793 835 989 883 videare
1014 835 1128 883 mei.

216 913 409 968 Cernis,
436 920 491 960 ut
514 913 743 975 ignavum
768 919 1085 976 corrumpant
1109 912 1209 959 otia
1232 928 1440 976 corpus;
1560 915 1588 959 5

281 990 352 1037 Ut
376 991 574 1054 capiant
596 991 786 1047 vitium,
814 990 862 1037 ni
888 996 1190 1045 moveantur,
1218 1005 1378 1052 aquae.

214 1067 280 1115 Et
302 1067 439 1123 mihi,
466 1067 505 1114 si
532 1067 643 1130 quis
669 1074 788 1123 erat,
815 1068 1029 1115 ducendi
1056 1067 1284 1114 carminis
1310 1083 1428 1113 usus

279 1144 477 1200 Deficit,
505 1151 683 1207 estque
709 1145 866 1192 minor
890 1145 1049 1192 factus
1075 1146 1232 1192 inerte
1258 1144 1372 1191 situ.

214 1220 336 1268 Haec
364 1223 580 1284 quoque,
608 1237 720 1283 quae
752 1222 935 1284 legitis,
963 1221 1003 1268 si
1033 1221 1153 1284 quid
1185 1221 1321 1276 mihi,
1350 1219 1588 1277 Maxime,

279 1297 551 1345 Scribimus
577 1298 743 1354 invita,
761 1299 945 1362 vixque
970 1305 1159 1355 coacta,
1183 1314 1348 1345 manu.
1388 1297 1587 1359 [credis‚

212 1375 257 1422 N
264 1391 326 1422 on
351 1375 474 1422 libet
498 1375 547 1421 in
573 1375 696 1423 tales
722 1375 940 1423 animum
965 1375 1264 1422 contendere
1290 1389 1448 1429 curas,
1532 1377 1580 1420 1]

278 1451 386 1499 Nec
411 1451 546 1498 venit
571 1452 632 1498 ad
657 1453 806 1499 duros
833 1451 982 1499 Musa
1005 1458 1180 1498 vocata
1206 1451 1379 1498 Getas.

212 1528 280 1575 Ut
303 1536 470 1575 tamen
496 1528 603 1592 ipse
627 1529 780 1586 vides,
808 1528 967 1576 luctor
991 1527 1239 1575 deducere
1264 1543 1487 1584 versum;

276 1604 377 1651 Sed
403 1621 501 1651 non
525 1604 580 1651 fit
605 1604 703 1651 fato
729 1604 920 1651 mollior
944 1604 1025 1652 ille
1051 1620 1178 1651 meo.

207 1680 373 1735 Quum
390 1681 571 1744 relego,
587 1681 845 1745 scripsisse
863 1681 1018 1745 pudet
1031 1660 1185 1748 gs‘cluia
1198 1680 1408 1744 plurima
1421 1696 1586 1736 cerno,

273 1757 360 1805 Me
386 1774 587 1821 quoque
612 1758 698 1820 qui
722 1757 816 1805 feci
835 1758 1024 1820 judice,
1050 1757 1201 1819 digna
1224 1756 1327 1804 lini.
1530 1760 1585 1804 16

208 1833 254 1879 N
261 1849 316 1880 ec
333 1840 499 1882 tamen
516 1834 749 1881 emendo:
769 1835 907 1881 labor
921 1834 1000 1881 hic
1017 1850 1168 1897 quam
1184 1833 1397 1880 scribere
1414 1834 1585 1896 major,

271 1910 519 1973 Mensque
545 1911 648 1974 pati
673 1912 850 1958 durum
876 1911 1088 1958 sustinet
1112 1926 1244 1973 aegra
1268 1909 1404 1956 nihil.

208 1987 410 2034 Scilicet
434 1987 666 2050 incipiam
691 1987 809 2034 lima
833 1987 1110 2035 mordacius
1137 1987 1226 2042 uti,

271 2063 337 2110 Et
360 2064 452 2110 sub
472 2063 716 2126 judicium
743 2064 936 2127 singula
959 2065 1109 2111 verba
1132 2064 1338 2111 vocem?
1520 2067 1584 2110 20

203 2139 424 2203 Torquet
442 2140 573 2187 enim
598 2140 794 2188 fortuna
810 2157 999 2204 parum,
1017 2140 1110 2188 nisi
1128 2139 1271 2187 Nilus
1292 2140 1340 2186 in
1357 2138 1582 2187 Hebrum

269 2216 534 2264 Confluat?
571 2224 622 2265 et
641 2217 840 2266 frondes
866 2218 1076 2282 Alpibus
1102 2218 1254 2265 addat
1277 2217 1470 2264 Athos?

242 2325 275 2355 2,
297 2324 327 2354 U
327 2330 337 2354 t
354 2335 408 2357 sua
427 2325 542 2366 verbm]
568 2326 720 2363 Quamvis
740 2326 855 2358 exsulis
923 2326 1011 2368 quasi
1027 2326 1250 2363 dicat,versum
1263 2326 1342 2357 facio
1358 2326 1486 2357 fortunae
1502 2335 1579 2356 meae

199 2379 230 2405 et
245 2372 387 2404 habentis
403 2374 559 2405 Caesarem
574 2375 697 2406 iratum.
732 2376 834 2407 ΡοΝτ.
922 2375 1005 2406 haud
1016 2375 1208 2411 dissimilem,
1219 2375 1278 2406 hoc
1292 2380 1350 2411 est,
1363 2375 1474 2406 durum
1486 2386 1494 2413 3
1507 2384 1578 2405 nam

247 2423 446 2453 ILAnz'mum
461 2424 662 2464 contendere]
682 2424 772 2456 Libet
788 2425 856 2466 qui·
922 2435 970 2456 res
985 2435 1061 2454 meae
1077 2424 1162 2454 durae
1176 2429 1258 2454 sunt.

199 2470 270 2501 dem
293 2470 451 2512 adplicare
476 2471 613 2503 animum
639 2473 679 2504 ad
701 2473 780 2504 tales
802 2484 856 2504 cu-
971 2474 1020 2504 16.
1039 2474 1144 2514 Digna
1159 2473 1244 2513 [ἐγώ]
1272 2472 1379 2514 Digna
1393 2472 1501 2503 deleri.

199 2529 265 2549 ras:
290 2519 344 2550 sed
370 2531 431 2551 non
455 2520 588 2551 eundem
607 2521 805 2558 contendere,
823 2522 854 2553 id
967 2524 1016 2554 19.
1041 2523 1161 2553 Scilicet
1187 2522 1357 2562 incipiam]
1386 2522 1505 2557 Debeo,
1529 2521 1576 2552 in-

197 2573 254 2603 est,
279 2567 311 2598 in
330 2568 443 2599 talibus
462 2568 543 2599 curis
565 2569 712 2600 adcurate
734 2575 765 2601 et
784 2580 854 2601 cum
923 2571 1000 2612 quit,
1017 2570 1192 2602 mordacius
1207 2571 1251 2602 uti
1266 2571 1339 2602 lima
1355 2570 1386 2601 in
1399 2570 1579 2611 corrigendo

198 2616 361 2657 diligentia
385 2617 510 2648 versari.
557 2618 625 2649 Cic.
651 2618 731 2649 dixit
756 2622 854 2650 animo
922 2619 1070 2655 carmine,
1087 2625 1118 2650 et
1133 2620 1271 2651 laborare
1286 2619 1368 2650 circa
1383 2618 1577 2660 unumquod-

199 2668 382 2697 cnneendere.
417 2668 524 2698 ΡοΝτ.
922 2679 984 2709 que
1002 2669 1141 2700 verbum.

245 2715 295 2745 14.
326 2714 394 2745 Meo
411 2715 511 2756 sata]
548 2717 621 2748 Mea
652 2715 851 2749 infelicitate:
965 2717 1017 2747 21.
1050 2717 1167 2758 Nilus]
1208 2717 1380 2758 Rescripsit
1417 2715 1575 2752 Heinsius,
