1760 3172
443 153 534 194 EX
568 152 779 194 PONTO
816 152 932 193 LIB.
968 153 1004 193 Ι.
1041 154 1229 195 EPIST.
1264 154 1324 194 Il.

1490 156 1574 195 :359

196 267 431 324 Vivimus,
458 274 514 314 ut
537 284 686 314 sensu
712 284 967 330 nunquam
991 284 1246 317 careamus
1273 285 1437 316 amaro
1459 289 1468 324 ς

259 343 324 392 Et
348 345 539 407 gravior
561 345 711 406 longa
732 344 788 390 fit
812 360 923 391 mea
946 361 1093 407 poena
1117 360 1267 392 mora.
1510 349 1574 392 40

194 421 277 468 Sic
304 420 671 468 inconsumtum
696 420 847 484 Tityi,
875 437 1174 484 semperque
1199 438 1480 477 renascens,

259 498 374 545 Non
399 499 540 562 perit,
568 505 623 545 ut
648 498 806 562 possit
831 514 964 561 saepe
991 498 1165 561 perire,
1188 500 1346 561 jecur.

190 574 275 631 At,
294 582 431 639 puto,
448 592 602 638 quum
620 575 833 638 requies,
853 574 1201 637 medicinaque
1224 576 1425 638 publica
1445 593 1574 622 curae

261 652 475 699 Somnus
502 653 659 709 adest,
688 653 844 700 solitis
871 669 970 699 nox
994 652 1128 699 venit
1152 653 1272 698 orba
1297 652 1436 699 malis
1457 670 1465 699 :

194 729 397 777 Somnia
420 746 499 776 me
524 736 710 776 terrent
734 745 873 776 veros
900 728 1143 776 imitantia
1168 745 1341 783 casus;
1511 733 1573 776 45

260 806 326 853 Et
347 806 551 869 vigilant
574 824 749 853 sensus
776 807 825 853 in
851 823 962 854 mea
987 807 1169 854 damna
1193 806 1307 854 mei.

192 883 294 930 Aut
316 900 408 946 ego
437 883 740 931 Sarmaticas
766 883 934 930 videor
958 884 1111 931 vitare
1138 884 1345 946 sagittas
1366 904 1374 940 ;

257 960 361 1008 Aut
383 961 501 1008 dare
526 961 746 1024 captivas
773 961 834 1007 ad
860 960 962 1008 fera
985 961 1147 1008 vinela
1172 977 1373 1008 manus:

193 1037 310 1094 Aut,
338 1039 419 1086 ubi
446 1038 668 1102 decipior
692 1039 908 1086 melioris
935 1039 1148 1101 imagine
1175 1039 1350 1094 somni,

260 1114 500 1180 Adspioio
526 1117 697 1180 patriae
724 1124 857 1164 tecta
882 1117 1056 1164 relicta
1080 1132 1203 1163 meae
1227 1133 1236 1163 :
1517 1119 1578 1161 50

196 1192 263 1240 Et
286 1194 432 1241 modo
457 1194 729 1250 vobiscum,
758 1212 884 1258 quos
910 1211 1019 1241 sum
1045 1199 1324 1247 veneratus,
1353 1193 1514 1247 amici,

264 1270 329 1317 Et
352 1272 499 1318 modo
524 1288 637 1318 011111
663 1288 777 1318 cara
801 1273 1032 1335 conjuge,
1060 1271 1216 1318 multa
1239 1271 1430 1333 loquor.

198 1347 299 1403 Sic,
327 1347 410 1396 ubi
438 1356 675 1412 percepta
698 1356 775 1396 est
800 1349 960 1396 brevis
988 1355 1038 1396 et
1063 1365 1160 1395 non
1185 1364 1300 1394 vera
1324 1348 1569 1410 voluptas,

263 1425 413 1488 Pejor
437 1427 498 1472 ab
525 1426 778 1473 admonitu
805 1426 859 1473 fit
884 1433 1042 1472 status
1069 1426 1162 1472 iste
1190 1425 1320 1471 boni.

199 1502 314 1550 Sive
338 1502 444 1550 dies
470 1503 619 1566 igitur
643 1511 795 1567 caput
819 1504 911 1551 hoc
938 1504 1221 1552 miserabile
1245 1503 1417 1557 cernit,
1518 1506 1578 1549 55

266 1580 380 1627 Sive
406 1581 624 1644 pruinosi
653 1581 811 1628 noetis
837 1588 1050 1643 aguntur
1074 1581 1189 1643 equi
1212 1599 1221 1637 3

243 1785 295 1815 41.
319 1785 368 1815 δίο
391 1788 608 1816 inconswnlum
635 1786 744 1827 Tityi]
776 1787 859 1828 Tityi

199 1834 341 1876 exemplo
359 1834 451 1865 docet
469 1846 559 1866 suum
582 1835 717 1866 dolorem
741 1847 860 1878 semper

199 1885 330 1914 renasci.
375 1884 436 1915 Hic
453 1885 569 1915 amavit
582 1887 755 1924 Latonam,
770 1897 859 1928 prop-

200 1939 247 1963 ter
267 1933 362 1974 quod,
385 1933 542 1975 Apollinis
563 1934 634 1965 telis
657 1935 808 1971 confixus,
830 1941 861 1965 et

199 1980 259 2012 hac
281 1992 377 2023 poena
392 1983 558 2014 damnatus
573 1984 657 2025 apud
672 1983 784 2014 inferos
806 1984 859 2014 ad-

201 2030 324 2069 ficitur;
346 2032 413 2074 ejus
423 2032 513 2074 jecur
528 2033 633 2063 vultur
650 2033 767 2064 exedit.
810 2035 858 2064 Ti-

202 2082 356 2121 tyijecur.
379 2081 430 2112 De
442 2093 503 2123 quo
520 2081 631 2123 Virgil.
646 2082 688 2113 vi.
704 2084 785 2114 595:

247 2129 311 2162 Nec
336 2143 395 2161 non
420 2138 448 2162 et
475 2132 594 2173 Tityon,
619 2139 705 2163 terra:
729 2135 860 2173 omnipa-

288 2182 382 2211 rentis
394 2181 474 2211 alum
481 2193 562 2217 num,

249 2229 376 2260 Cernere
390 2236 473 2260 erat:
495 2241 548 2270 per
559 2237 618 2261 iota
635 2242 732 2261 novem
750 2232 862 2269 cuiju-

286 2290 361 2321 gera
376 2290 482 2319 corpus

250 2328 439 2370 Pon-rigitur,
452 2335 599 2369 rostroque
611 2331 746 2360 immanis
759 2331 864 2359 vultur

291 2378 403 2408 obunco

250 2426 422 2458 Immortale
445 2430 539 2467 jecur
576 2430 714 2463 thdens,
739 2429 864 2470 juvim-

291 2478 387 2517 daque
398 2479 491 2516 paenis

254 2525 383 2561 Viscera,
406 2528 590 2566 *rimaturque
613 2527 717 2565 epulis,
737 2527 864 2556 habitat-

293 2585 347 2614 que
362 2576 414 2605 suh
428 2576 491 2605 alto

254 2623 393 2654 Pectore:
431 2636 483 2654 ¹nec
507 2625 597 2665 fibris
633 2626 743 2664 requies
775 2627 867 2655 datur

294 2673 359 2702 ulla
375 2675 499 2704 renatis.

253 2722 305 2752 43.
352 2722 561 2764 Bledicimtque
598 2723 715 2761 publica
755 2734 826 2754 cura
840 2723 863 2762 .]

926 1788 1056 1817 Somnus
1077 1785 1161 1816 enim
1180 1785 1257 1814 solet
1275 1794 1342 1814 esse
1362 1793 1504 1813 curarum
1522 1794 1585 1814 me-

926 1835 1041 1866 dieina.

969 1885 1021 1915 45.
1047 1882 1206 1913 Imitantia
1229 1893 1307 1912 veros
1329 1881 1444 1921 casus]
1481 1882 1587 1918 Quum

926 1934 987 1965 sint
1003 1934 1092 1969 falsa,
1109 1932 1253 1963 videntur
1270 1937 1374 1961 tamen
1389 1942 1462 1961 vera
1477 1942 1553 1962 esse.

971 1984 1021 2013 46.
1055 1983 1095 2012 Et
1122 1983 1251 2023 vigilant
1279 1981 1406 2020 sensus]
1460 1982 1499 2010 Et
1527 1982 1587 2011 11101

927 2044 1047 2065 sensus,
1065 2031 1177 2072 inquit,
1194 2030 1334 2071 vigilant,
1350 2029 1532 2060 somniando
1552 2041 1587 2060 ea

928 2092 998 2123 quae
1015 2080 1089 2111 mihi
1106 2080 1255 2110 damnum
1272 2077 1427 2109 adferunt.

972 2131 1024 2160 49.
1049 2129 1184 2171 Imagine
1200 2127 1318 2167 somni]
1343 2126 1588 2158 Jucundioribus

930 2179 1066 2215 somniis,
1103 2178 1216 2219 quibus
1252 2176 1407 2207 interdum
1449 2175 1590 2205 deludor.

931 2229 1031 2259 Somni
1046 2227 1126 2259 dixit
1141 2238 1194 2268 per
1210 2224 1385 2267 Synaeresin
1406 2235 1459 2266 pro
1478 2226 1591 2254 somnii.

934 2279 976 2309 Ut
992 2277 1080 2318 Virg.
1104 2276 1214 2316 Eelog.
1239 2274 1259 2304 i.
1276 2285 1339 2304 ver.
1364 2275 1421 2304 332
1448 2284 1500 2303 nec
1517 2284 1590 2303 cura

930 2328 1040 2367 peculi.
1084 2325 1212 2356 Ludunt
1228 2334 1282 2354 uos
1297 2322 1414 2353 somnia
1428 2322 1459 2351 in
1476 2326 1592 2352 utram-

933 2387 993 2417 que
1008 2380 1138 2417 partem.
1184 2374 1287 2403 ΡοΝτ.

976 2425 1030 2455 54.
1062 2425 1107 2453 Ab
1135 2421 1318 2460 admonitam]
1356 2419 1428 2451 Post
1452 2419 1593 2450 recorda-

933 2473 1050 2504 tionem
1065 2471 1184 2514 patriae,
1201 2470 1381 2505 amicorum,
1397 2474 1428 2498 et
1443 2468 1594 2510 conjugis,

935 2534 1004 2563 quae
1030 2528 1180 2562 tanquam
1203 2523 1282 2550 bona
1305 2517 1380 2548 mihi
1401 2523 1507 2558 erepta
1528 2528 1594 2548 esse

935 2572 1036 2602 doleo.

978 2622 1029 2651 55.
1055 2620 1153 2659 Caput
1173 2618 1250 2658 lma]
1280 2616 1420 2658 Seipsum
1442 2616 1596 2657 designat.

978 2671 1029 2701 56.
1053 2669 1147 2699 Nocti
1163 2678 1269 2698 currus
1281 2672 1309 2696 et
1325 2665 1396 2707 equi
1409 2665 1596 2695 tribuuntur.

937 2717 1253 2749 v.*1'ib=‚1ll.iii.4.17.
1272 2716 1302 2746 ii.
1323 2716 1352 2745 l.
1372 2716 1424 2745 87.
1456 2715 1595 2744 Pmirwsz

1067 2768 1093 2798 A
1119 2780 1128 2797 1
1150 2769 1167 2796 4
