<?xml version="1.0" encoding="UTF-8"?>
<!DOCTYPE html PUBLIC "-//W3C//DTD XHTML 1.0 Transitional//EN"
    "http://www.w3.org/TR/xhtml1/DTD/xhtml1-transitional.dtd">
<html xmlns="http://www.w3.org/1999/xhtml" xml:lang="en" lang="en">
 <head>
  <title>
</title>
<meta http-equiv="Content-Type" content="text/html;charset=utf-8" />
  <meta name='ocr-system' content='tesseract 3.04.00' />
  <meta name='ocr-capabilities' content='ocr_page ocr_carea ocr_par ocr_line ocrx_word'/>
</head>
<body>
  <div class='ocr_page' id='page_1' title='image "./povidiinasonisop02oviduoft_0423.png"; bbox 0 0 1760 3172; ppageno 0'>
   <div class='ocr_carea' id='block_1_1' title="bbox 317 180 1253 225">
    <p class='ocr_par' dir='ltr' id='par_1_1' title="bbox 317 180 1253 225">
     <span class='ocr_line' id='line_1_1' title="bbox 317 180 1253 225; baseline -0.002 -2"><span class='ocrx_word' id='word_1_1' title='bbox 317 183 408 225; x_wconf 94' lang='lat' dir='ltr'>EX</span> <span class='ocrx_word' id='word_1_2' title='bbox 441 182 653 224; x_wconf 92' lang='lat' dir='ltr'>PONTO</span> <span class='ocrx_word' id='word_1_3' title='bbox 688 181 807 222; x_wconf 93' lang='lat' dir='ltr'>LIB.</span> <span class='ocrx_word' id='word_1_4' title='bbox 838 180 902 221; x_wconf 90' lang='lat' dir='ltr'>II.</span> <span class='ocrx_word' id='word_1_5' title='bbox 937 180 1130 222; x_wconf 88' lang='lat' dir='ltr'>EPIST.</span> <span class='ocrx_word' id='word_1_6' title='bbox 1162 181 1253 222; x_wconf 92' lang='lat' dir='ltr'>III.</span> 
     </span>
    </p>
   </div>
   <div class='ocr_carea' id='block_1_2' title="bbox 1397 184 1481 224">
    <p class='ocr_par' dir='ltr' id='par_1_2' title="bbox 1397 184 1481 224">
     <span class='ocr_line' id='line_1_2' title="bbox 1397 184 1481 224; baseline 0.012 -1"><span class='ocrx_word' id='word_1_7' title='bbox 1397 184 1481 224; x_wconf 82' lang='lat'>413</span> 
     </span>
    </p>
   </div>
   <div class='ocr_carea' id='block_1_3' title="bbox 94 297 1481 1442">
    <p class='ocr_par' dir='ltr' id='par_1_3' title="bbox 94 297 1477 439">
     <span class='ocr_line' id='line_1_3' title="bbox 94 297 1477 361; baseline 0 -16"><span class='ocrx_word' id='word_1_8' title='bbox 94 298 260 352; x_wconf 83' lang='lat' dir='ltr'>Quum</span> <span class='ocrx_word' id='word_1_9' title='bbox 285 298 375 345; x_wconf 90' lang='lat' dir='ltr'>tibi</span> <span class='ocrx_word' id='word_1_10' title='bbox 401 298 659 361; x_wconf 89' lang='lat' dir='ltr'>quaerenti,</span> <span class='ocrx_word' id='word_1_11' title='bbox 683 313 801 343; x_wconf 88' lang='lat' dir='ltr'>num</span> <span class='ocrx_word' id='word_1_12' title='bbox 826 312 968 343; x_wconf 86' lang='lat' dir='ltr'>verus</span> <span class='ocrx_word' id='word_1_13' title='bbox 994 297 1203 344; x_wconf 89' lang='lat' dir='ltr'>nuncius</span> <span class='ocrx_word' id='word_1_14' title='bbox 1230 305 1378 354; x_wconf 83' lang='lat' dir='ltr'>esset,</span> <span class='ocrx_word' id='word_1_15' title='bbox 1417 302 1477 345; x_wconf 75' lang='lat'>85</span> 
     </span>
     <span class='ocr_line' id='line_1_4' title="bbox 158 373 1263 439; baseline -0.001 -18"><span class='ocrx_word' id='word_1_16' title='bbox 158 375 422 422; x_wconf 85' lang='lat' dir='ltr'>Adtulerat</span> <span class='ocrx_word' id='word_1_17' title='bbox 445 375 605 439; x_wconf 86' lang='lat' dir='ltr'>culpae</span> <span class='ocrx_word' id='word_1_18' title='bbox 626 391 777 437; x_wconf 87' lang='lat' dir='ltr'>quem</span> <span class='ocrx_word' id='word_1_19' title='bbox 802 374 933 421; x_wconf 83' lang='lat' dir='ltr'>mala</span> <span class='ocrx_word' id='word_1_20' title='bbox 957 373 1088 421; x_wconf 84' lang='lat' dir='ltr'>fama</span> <span class='ocrx_word' id='word_1_21' title='bbox 1110 390 1234 421; x_wconf 84' lang='lat' dir='ltr'>meae</span> <span class='ocrx_word' id='word_1_22' title='bbox 1253 393 1263 431; x_wconf 91' lang='lat'>;</span> 
     </span>
    </p>

    <p class='ocr_par' dir='ltr' id='par_1_4' title="bbox 95 450 1304 592">
     <span class='ocr_line' id='line_1_5' title="bbox 95 450 1304 514; baseline 0 -16"><span class='ocrx_word' id='word_1_23' title='bbox 95 451 231 499; x_wconf 83' lang='lat' dir='ltr'>Inter</span> <span class='ocrx_word' id='word_1_24' title='bbox 254 451 536 499; x_wconf 89' lang='lat' dir='ltr'>confessum</span> <span class='ocrx_word' id='word_1_25' title='bbox 561 451 727 507; x_wconf 90' lang='lat' dir='ltr'>dubie,</span> <span class='ocrx_word' id='word_1_26' title='bbox 756 450 1010 514; x_wconf 79' lang='lat' dir='ltr'>dubieque</span> <span class='ocrx_word' id='word_1_27' title='bbox 1037 458 1304 511; x_wconf 80' lang='lat' dir='ltr'>negantem</span> 
     </span>
     <span class='ocr_line' id='line_1_6' title="bbox 161 520 1244 592; baseline 0.001 -18"><span class='ocrx_word' id='word_1_28' title='bbox 161 520 472 592; x_wconf 66' lang='lat' dir='ltr'>Haerebams</span> <span class='ocrx_word' id='word_1_29' title='bbox 472 529 677 592; x_wconf 81' lang='lat' dir='ltr'>pavidas</span> <span class='ocrx_word' id='word_1_30' title='bbox 702 528 853 575; x_wconf 81' lang='lat' dir='ltr'>dante</span> <span class='ocrx_word' id='word_1_31' title='bbox 877 528 1052 575; x_wconf 88' lang='lat' dir='ltr'>timore</span> <span class='ocrx_word' id='word_1_32' title='bbox 1073 535 1215 575; x_wconf 84' lang='lat' dir='ltr'>notas</span> <span class='ocrx_word' id='word_1_33' title='bbox 1235 545 1244 576; x_wconf 91' lang='lat'>:</span> 
     </span>
    </p>

    <p class='ocr_par' dir='ltr' id='par_1_5' title="bbox 97 592 1480 746">
     <span class='ocr_line' id='line_1_7' title="bbox 97 592 1478 669; baseline 0.001 -18"><span class='ocrx_word' id='word_1_34' title='bbox 97 592 446 669; x_wconf 74' lang='lat' dir='ltr'>Exemploque</span> <span class='ocrx_word' id='word_1_35' title='bbox 470 606 612 661; x_wconf 89' lang='lat' dir='ltr'>nivis,</span> <span class='ocrx_word' id='word_1_36' title='bbox 640 622 790 668; x_wconf 87' lang='lat' dir='ltr'>quam</span> <span class='ocrx_word' id='word_1_37' title='bbox 817 605 960 652; x_wconf 89' lang='lat' dir='ltr'>solvit</span> <span class='ocrx_word' id='word_1_38' title='bbox 988 605 1254 667; x_wconf 64' lang='lat' dir='ltr'>,aquaticus</span> <span class='ocrx_word' id='word_1_39' title='bbox 1280 604 1478 663; x_wconf 81' lang='lat' dir='ltr'>Auster,</span> 
     </span>
     <span class='ocr_line' id='line_1_8' title="bbox 164 682 1480 746; baseline 0.002 -18"><span class='ocrx_word' id='word_1_40' title='bbox 164 682 323 729; x_wconf 84' lang='lat' dir='ltr'>Gutta</span> <span class='ocrx_word' id='word_1_41' title='bbox 342 699 431 746; x_wconf 84' lang='lat' dir='ltr'>per</span> <span class='ocrx_word' id='word_1_42' title='bbox 455 682 704 730; x_wconf 81' lang='lat' dir='ltr'>adtonitas</span> <span class='ocrx_word' id='word_1_43' title='bbox 730 683 834 730; x_wconf 84' lang='lat' dir='ltr'>ibat</span> <span class='ocrx_word' id='word_1_44' title='bbox 857 683 1033 729; x_wconf 83' lang='lat' dir='ltr'>oborta</span> <span class='ocrx_word' id='word_1_45' title='bbox 1058 698 1228 744; x_wconf 77' lang='lat' dir='ltr'>genas.</span> <span class='ocrx_word' id='word_1_46' title='bbox 1417 687 1480 731; x_wconf 85' lang='lat'>90</span> 
     </span>
    </p>

    <p class='ocr_par' dir='ltr' id='par_1_6' title="bbox 96 752 1423 900">
     <span class='ocr_line' id='line_1_9' title="bbox 96 752 1423 824; baseline 0.001 -19"><span class='ocrx_word' id='word_1_47' title='bbox 96 757 219 806; x_wconf 84' lang='lat' dir='ltr'>Haec</span> <span class='ocrx_word' id='word_1_48' title='bbox 244 759 392 821; x_wconf 83' lang='lat' dir='ltr'>igitur</span> <span class='ocrx_word' id='word_1_49' title='bbox 416 752 648 815; x_wconf 86' lang='lat' dir='ltr'>referens,</span> <span class='ocrx_word' id='word_1_50' title='bbox 677 766 728 806; x_wconf 91' lang='lat' dir='ltr'>et</span> <span class='ocrx_word' id='word_1_51' title='bbox 752 760 886 822; x_wconf 90' lang='lat' dir='ltr'>quod</span> <span class='ocrx_word' id='word_1_52' title='bbox 912 776 1024 807; x_wconf 85' lang='lat' dir='ltr'>mea</span> <span class='ocrx_word' id='word_1_53' title='bbox 1047 760 1255 807; x_wconf 81' lang='lat' dir='ltr'>crimina</span> <span class='ocrx_word' id='word_1_54' title='bbox 1279 760 1423 824; x_wconf 89' lang='lat' dir='ltr'>primi</span> 
     </span>
     <span class='ocr_line' id='line_1_10' title="bbox 164 835 1056 900; baseline 0.001 -18"><span class='ocrx_word' id='word_1_55' title='bbox 164 835 355 883; x_wconf 89' lang='lat' dir='ltr'>Erroris</span> <span class='ocrx_word' id='word_1_56' title='bbox 379 837 522 884; x_wconf 82' lang='lat' dir='ltr'>venia</span> <span class='ocrx_word' id='word_1_57' title='bbox 546 853 693 900; x_wconf 85' lang='lat' dir='ltr'>posse</span> <span class='ocrx_word' id='word_1_58' title='bbox 718 837 871 884; x_wconf 81' lang='lat' dir='ltr'>latere</span> <span class='ocrx_word' id='word_1_59' title='bbox 889 837 1056 895; x_wconf 85' lang='lat' dir='ltr'>vides;</span> 
     </span>
    </p>

    <p class='ocr_par' dir='ltr' id='par_1_7' title="bbox 96 913 1290 1056">
     <span class='ocr_line' id='line_1_11' title="bbox 96 913 1290 979; baseline 0.002 -19"><span class='ocrx_word' id='word_1_60' title='bbox 96 913 326 976; x_wconf 82' lang='lat' dir='ltr'>Respicis</span> <span class='ocrx_word' id='word_1_61' title='bbox 352 914 612 977; x_wconf 85' lang='lat' dir='ltr'>antiquum</span> <span class='ocrx_word' id='word_1_62' title='bbox 636 915 789 979; x_wconf 82' lang='lat' dir='ltr'>lapsis</span> <span class='ocrx_word' id='word_1_63' title='bbox 814 915 863 961; x_wconf 89' lang='lat' dir='ltr'>in</span> <span class='ocrx_word' id='word_1_64' title='bbox 888 916 1037 962; x_wconf 87' lang='lat' dir='ltr'>rebus</span> <span class='ocrx_word' id='word_1_65' title='bbox 1060 915 1290 972; x_wconf 81' lang='lat' dir='ltr'>amicum,</span> 
     </span>
     <span class='ocr_line' id='line_1_12' title="bbox 164 990 1240 1056; baseline 0.004 -20"><span class='ocrx_word' id='word_1_66' title='bbox 164 990 519 1055; x_wconf 89' lang='lat' dir='ltr'>Fomentisque</span> <span class='ocrx_word' id='word_1_67' title='bbox 537 993 681 1056; x_wconf 83' lang='lat' dir='ltr'>juvas</span> <span class='ocrx_word' id='word_1_68' title='bbox 705 994 909 1040; x_wconf 83' lang='lat' dir='ltr'>vulnera</span> <span class='ocrx_word' id='word_1_69' title='bbox 933 999 1100 1040; x_wconf 82' lang='lat' dir='ltr'>nostra</span> <span class='ocrx_word' id='word_1_70' title='bbox 1125 993 1240 1040; x_wconf 90' lang='lat' dir='ltr'>tuis.</span> 
     </span>
    </p>

    <p class='ocr_par' dir='ltr' id='par_1_8' title="bbox 97 1067 1481 1210">
     <span class='ocr_line' id='line_1_13' title="bbox 97 1067 1481 1134; baseline 0.002 -20"><span class='ocrx_word' id='word_1_71' title='bbox 97 1067 196 1115; x_wconf 91' lang='lat' dir='ltr'>Pro</span> <span class='ocrx_word' id='word_1_72' title='bbox 221 1069 401 1132; x_wconf 87' lang='lat' dir='ltr'>quibus</span> <span class='ocrx_word' id='word_1_73' title='bbox 427 1070 632 1134; x_wconf 84' lang='lat' dir='ltr'>optandi</span> <span class='ocrx_word' id='word_1_74' title='bbox 659 1071 699 1118; x_wconf 91' lang='lat' dir='ltr'>si</span> <span class='ocrx_word' id='word_1_75' title='bbox 725 1071 866 1117; x_wconf 91' lang='lat' dir='ltr'>nobis</span> <span class='ocrx_word' id='word_1_76' title='bbox 892 1070 1037 1134; x_wconf 82' lang='lat' dir='ltr'>copia</span> <span class='ocrx_word' id='word_1_77' title='bbox 1055 1069 1158 1125; x_wconf 86' lang='lat' dir='ltr'>fiat,</span> <span class='ocrx_word' id='word_1_78' title='bbox 1419 1074 1481 1118; x_wconf 86' lang='lat'>25</span> 
     </span>
     <span class='ocr_line' id='line_1_14' title="bbox 163 1144 1388 1210; baseline 0.003 -19"><span class='ocrx_word' id='word_1_79' title='bbox 163 1144 287 1192; x_wconf 85' lang='lat' dir='ltr'>Tam</span> <span class='ocrx_word' id='word_1_80' title='bbox 311 1146 438 1193; x_wconf 88' lang='lat' dir='ltr'>bene</span> <span class='ocrx_word' id='word_1_81' title='bbox 464 1147 729 1210; x_wconf 88' lang='lat' dir='ltr'>promerito</span> <span class='ocrx_word' id='word_1_82' title='bbox 754 1147 1016 1194; x_wconf 85' lang='lat' dir='ltr'>commoda</span> <span class='ocrx_word' id='word_1_83' title='bbox 1040 1147 1175 1193; x_wconf 89' lang='lat' dir='ltr'>mille</span> <span class='ocrx_word' id='word_1_84' title='bbox 1200 1162 1388 1210; x_wconf 85' lang='lat' dir='ltr'>precer.</span> 
     </span>
    </p>

    <p class='ocr_par' dir='ltr' id='par_1_9' title="bbox 100 1215 1286 1364">
     <span class='ocr_line' id='line_1_15' title="bbox 100 1215 1286 1288; baseline 0.002 -19"><span class='ocrx_word' id='word_1_85' title='bbox 100 1222 202 1270; x_wconf 86' lang='lat' dir='ltr'>Sed</span> <span class='ocrx_word' id='word_1_86' title='bbox 227 1223 267 1270; x_wconf 90' lang='lat' dir='ltr'>si</span> <span class='ocrx_word' id='word_1_87' title='bbox 287 1224 392 1271; x_wconf 85' lang='lat' dir='ltr'>sola</span> <span class='ocrx_word' id='word_1_88' title='bbox 416 1225 536 1271; x_wconf 86' lang='lat' dir='ltr'>mihi</span> <span class='ocrx_word' id='word_1_89' title='bbox 560 1225 740 1272; x_wconf 87' lang='lat' dir='ltr'>dentur</span> <span class='ocrx_word' id='word_1_90' title='bbox 764 1232 851 1272; x_wconf 80' lang='lat' dir='ltr'>tua</span> <span class='ocrx_word' id='word_1_91' title='bbox 874 1232 1002 1281; x_wconf 84' lang='lat' dir='ltr'>vota,</span> <span class='ocrx_word' id='word_1_92' title='bbox 1029 1215 1286 1288; x_wconf 76' lang='lat' dir='ltr'>precabor,</span> 
     </span>
     <span class='ocr_line' id='line_1_16' title="bbox 169 1287 1249 1364; baseline 0.002 -18"><span class='ocrx_word' id='word_1_93' title='bbox 169 1299 241 1347; x_wconf 89' lang='lat' dir='ltr'>Ut</span> <span class='ocrx_word' id='word_1_94' title='bbox 264 1300 355 1348; x_wconf 91' lang='lat' dir='ltr'>tibi</span> <span class='ocrx_word' id='word_1_95' title='bbox 381 1301 459 1357; x_wconf 86' lang='lat' dir='ltr'>sit,</span> <span class='ocrx_word' id='word_1_96' title='bbox 488 1302 621 1349; x_wconf 86' lang='lat' dir='ltr'>salvo</span> <span class='ocrx_word' id='word_1_97' title='bbox 649 1301 866 1357; x_wconf 85' lang='lat' dir='ltr'>Caesare,</span> <span class='ocrx_word' id='word_1_98' title='bbox 895 1287 1031 1348; x_wconf 64' lang='lat' dir='ltr'>salva</span> <span class='ocrx_word' id='word_1_99' title='bbox 1053 1317 1249 1364; x_wconf 83' lang='lat' dir='ltr'>parens.</span> 
     </span>
    </p>

    <p class='ocr_par' dir='ltr' id='par_1_10' title="bbox 101 1374 1327 1442">
     <span class='ocr_line' id='line_1_17' title="bbox 101 1374 1327 1442; baseline 0.001 -19"><span class='ocrx_word' id='word_1_100' title='bbox 101 1374 224 1424; x_wconf 88' lang='lat' dir='ltr'>Haec</span> <span class='ocrx_word' id='word_1_101' title='bbox 249 1394 358 1440; x_wconf 83' lang='lat' dir='ltr'>ego,</span> <span class='ocrx_word' id='word_1_102' title='bbox 386 1396 540 1442; x_wconf 88' lang='lat' dir='ltr'>quum</span> <span class='ocrx_word' id='word_1_103' title='bbox 564 1378 752 1427; x_wconf 86' lang='lat' dir='ltr'>faceres</span> <span class='ocrx_word' id='word_1_104' title='bbox 779 1379 953 1426; x_wconf 81' lang='lat' dir='ltr'>altaria</span> <span class='ocrx_word' id='word_1_105' title='bbox 975 1378 1179 1442; x_wconf 79' lang='lat' dir='ltr'>pinguia</span> <span class='ocrx_word' id='word_1_106' title='bbox 1201 1384 1327 1434; x_wconf 87' lang='lat' dir='ltr'>ture,</span> 
     </span>
    </p>
   </div>
   <div class='ocr_carea' id='block_1_4' title="bbox 165 1453 1248 1521">
    <p class='ocr_par' dir='ltr' id='par_1_11' title="bbox 165 1453 1248 1521">
     <span class='ocr_line' id='line_1_18' title="bbox 165 1453 1248 1521; baseline 0.001 -21"><span class='ocrx_word' id='word_1_107' title='bbox 165 1453 237 1502; x_wconf 92' lang='lat' dir='ltr'>Te</span> <span class='ocrx_word' id='word_1_108' title='bbox 262 1455 463 1503; x_wconf 89' lang='lat' dir='ltr'>solitum</span> <span class='ocrx_word' id='word_1_109' title='bbox 487 1456 689 1504; x_wconf 90' lang='lat' dir='ltr'>memini</span> <span class='ocrx_word' id='word_1_110' title='bbox 714 1456 873 1521; x_wconf 84' lang='lat' dir='ltr'>prima</span> <span class='ocrx_word' id='word_1_111' title='bbox 897 1471 1069 1518; x_wconf 81' lang='lat' dir='ltr'>rogare</span> <span class='ocrx_word' id='word_1_112' title='bbox 1097 1455 1248 1503; x_wconf 85' lang='lat' dir='ltr'>Deos.</span> 
     </span>
    </p>
   </div>
   <div class='ocr_carea' id='block_1_5' title="bbox 95 1600 765 2772">
    <p class='ocr_par' dir='ltr' id='par_1_12' title="bbox 95 1600 765 2772">
     <span class='ocr_line' id='line_1_19' title="bbox 97 1600 757 1643; baseline 0.006 -16"><span class='ocrx_word' id='word_1_113' title='bbox 97 1602 217 1628; x_wconf 83' lang='lat' dir='ltr'>rectum</span> <span class='ocrx_word' id='word_1_114' title='bbox 240 1605 287 1629; x_wconf 88' lang='lat' dir='ltr'>est</span> <span class='ocrx_word' id='word_1_115' title='bbox 307 1600 339 1630; x_wconf 89' lang='lat' dir='ltr'>in</span> <span class='ocrx_word' id='word_1_116' title='bbox 358 1600 474 1631; x_wconf 85' lang='lat' dir='ltr'>Bavar.</span> <span class='ocrx_word' id='word_1_117' title='bbox 491 1611 528 1631; x_wconf 84' lang='lat' dir='ltr'>ex</span> <span class='ocrx_word' id='word_1_118' title='bbox 549 1601 638 1643; x_wconf 86' lang='lat' dir='ltr'>cujus</span> <span class='ocrx_word' id='word_1_119' title='bbox 653 1606 757 1631; x_wconf 84' lang='lat' dir='ltr'>tamen</span> 
     </span>
     <span class='ocr_line' id='line_1_20' title="bbox 97 1646 757 1691; baseline 0.006 -15"><span class='ocrx_word' id='word_1_120' title='bbox 97 1646 203 1683; x_wconf 87' lang='lat' dir='ltr'>litura,</span> <span class='ocrx_word' id='word_1_121' title='bbox 228 1654 270 1684; x_wconf 88' lang='lat' dir='ltr'>et,</span> <span class='ocrx_word' id='word_1_122' title='bbox 286 1660 382 1690; x_wconf 89' lang='lat' dir='ltr'>quum</span> <span class='ocrx_word' id='word_1_123' title='bbox 405 1651 508 1680; x_wconf 79' lang='lat' dir='ltr'>ithalis</span> <span class='ocrx_word' id='word_1_124' title='bbox 530 1650 680 1691; x_wconf 86' lang='lat' dir='ltr'>scriptum</span> <span class='ocrx_word' id='word_1_125' title='bbox 706 1650 757 1685; x_wconf 87' lang='lat' dir='ltr'>sit,</span> 
     </span>
     <span class='ocr_line' id='line_1_21' title="bbox 98 1696 756 1741; baseline 0.003 -15"><span class='ocrx_word' id='word_1_126' title='bbox 98 1696 240 1738; x_wconf 87' lang='lat' dir='ltr'>conjicio,</span> <span class='ocrx_word' id='word_1_127' title='bbox 250 1699 393 1729; x_wconf 80' lang='lat' dir='ltr'>eamdem</span> <span class='ocrx_word' id='word_1_128' title='bbox 401 1699 532 1741; x_wconf 85' lang='lat' dir='ltr'>primam</span> <span class='ocrx_word' id='word_1_129' title='bbox 543 1698 637 1730; x_wconf 83' lang='lat' dir='ltr'>fuisse</span> <span class='ocrx_word' id='word_1_130' title='bbox 649 1698 756 1729; x_wconf 88' lang='lat' dir='ltr'>lectio—</span> 
     </span>
     <span class='ocr_line' id='line_1_22' title="bbox 99 1747 758 1789; baseline 0.003 -14"><span class='ocrx_word' id='word_1_131' title='bbox 99 1755 181 1782; x_wconf 85' lang='lat' dir='ltr'>nem,</span> <span class='ocrx_word' id='word_1_132' title='bbox 203 1758 272 1789; x_wconf 78' lang='lat' dir='ltr'>quae</span> <span class='ocrx_word' id='word_1_133' title='bbox 301 1753 348 1779; x_wconf 86' lang='lat' dir='ltr'>est</span> <span class='ocrx_word' id='word_1_134' title='bbox 375 1747 408 1778; x_wconf 90' lang='lat' dir='ltr'>in</span> <span class='ocrx_word' id='word_1_135' title='bbox 433 1747 616 1779; x_wconf 85' lang='lat' dir='ltr'>Sarraviano</span> <span class='ocrx_word' id='word_1_136' title='bbox 640 1749 758 1778; x_wconf 79' lang='lat' dir='ltr'>AEthalz&#39;</span> 
     </span>
     <span class='ocr_line' id='line_1_23' title="bbox 99 1797 757 1840; baseline 0.003 -14"><span class='ocrx_word' id='word_1_137' title='bbox 99 1797 187 1827; x_wconf 74' lang='lat' dir='ltr'>silva.</span> <span class='ocrx_word' id='word_1_138' title='bbox 215 1798 360 1829; x_wconf 84' lang='lat' dir='ltr'>Heinsius</span> <span class='ocrx_word' id='word_1_139' title='bbox 374 1798 491 1840; x_wconf 85' lang='lat' dir='ltr'>recepit</span> <span class='ocrx_word' id='word_1_140' title='bbox 506 1798 668 1840; x_wconf 84' lang='lat' dir='ltr'>Rutgersii</span> <span class='ocrx_word' id='word_1_141' title='bbox 683 1808 757 1828; x_wconf 85' lang='lat' dir='ltr'>con-</span> 
     </span>
     <span class='ocr_line' id='line_1_24' title="bbox 95 1845 759 1886; baseline 0.002 -10"><span class='ocrx_word' id='word_1_142' title='bbox 95 1845 251 1886; x_wconf 87' lang='lat' dir='ltr'>jecturam</span> <span class='ocrx_word' id='word_1_143' title='bbox 280 1848 410 1878; x_wconf 79' lang='lat' dir='ltr'>AEthalis</span> <span class='ocrx_word' id='word_1_144' title='bbox 438 1848 516 1883; x_wconf 80' lang='lat' dir='ltr'>Ilva,</span> <span class='ocrx_word' id='word_1_145' title='bbox 539 1846 570 1878; x_wconf 90' lang='lat' dir='ltr'>h.</span> <span class='ocrx_word' id='word_1_146' title='bbox 593 1858 622 1878; x_wconf 89' lang='lat' dir='ltr'>e.</span> <span class='ocrx_word' id='word_1_147' title='bbox 648 1846 759 1878; x_wconf 84' lang='lat' dir='ltr'>ultima</span> 
     </span>
     <span class='ocr_line' id='line_1_25' title="bbox 100 1894 758 1933; baseline 0.002 -9"><span class='ocrx_word' id='word_1_148' title='bbox 100 1894 169 1925; x_wconf 87' lang='lat' dir='ltr'>vice</span> <span class='ocrx_word' id='word_1_149' title='bbox 190 1901 295 1926; x_wconf 87' lang='lat' dir='ltr'>tecum</span> <span class='ocrx_word' id='word_1_150' title='bbox 314 1896 359 1926; x_wconf 87' lang='lat' dir='ltr'>fui</span> <span class='ocrx_word' id='word_1_151' title='bbox 379 1896 411 1927; x_wconf 92' lang='lat' dir='ltr'>in</span> <span class='ocrx_word' id='word_1_152' title='bbox 434 1896 514 1933; x_wconf 86' lang='lat' dir='ltr'>Ilva,</span> <span class='ocrx_word' id='word_1_153' title='bbox 538 1896 641 1927; x_wconf 87' lang='lat' dir='ltr'>insula</span> <span class='ocrx_word' id='word_1_154' title='bbox 664 1895 758 1926; x_wconf 85' lang='lat' dir='ltr'>maris</span> 
     </span>
     <span class='ocr_line' id='line_1_26' title="bbox 99 1943 758 1987; baseline 0.003 -15"><span class='ocrx_word' id='word_1_155' title='bbox 99 1943 261 1985; x_wconf 86' lang='lat' dir='ltr'>Tyrrheni,</span> <span class='ocrx_word' id='word_1_156' title='bbox 275 1956 344 1987; x_wconf 78' lang='lat' dir='ltr'>quae</span> <span class='ocrx_word' id='word_1_157' title='bbox 361 1946 437 1976; x_wconf 87' lang='lat' dir='ltr'>olim</span> <span class='ocrx_word' id='word_1_158' title='bbox 445 1946 583 1975; x_wconf 79' lang='lat' dir='ltr'>AEthalz&#39;a</span> <span class='ocrx_word' id='word_1_159' title='bbox 592 1944 676 1975; x_wconf 84' lang='lat' dir='ltr'>dicta</span> <span class='ocrx_word' id='word_1_160' title='bbox 690 1944 758 1980; x_wconf 85' lang='lat' dir='ltr'>fuit,</span> 
     </span>
     <span class='ocr_line' id='line_1_27' title="bbox 101 1992 759 2026; baseline 0.003 -4"><span class='ocrx_word' id='word_1_161' title='bbox 101 1992 193 2024; x_wconf 82' lang='lat' dir='ltr'>hodie</span> <span class='ocrx_word' id='word_1_162' title='bbox 205 1994 294 2025; x_wconf 86' lang='lat' dir='ltr'>Elva.</span> <span class='ocrx_word' id='word_1_163' title='bbox 322 1994 451 2026; x_wconf 84' lang='lat' dir='ltr'>Auctor.</span> <span class='ocrx_word' id='word_1_164' title='bbox 466 1994 602 2025; x_wconf 81' lang='lat' dir='ltr'>Elector.</span> <span class='ocrx_word' id='word_1_165' title='bbox 612 1995 759 2025; x_wconf 84' lang='lat' dir='ltr'>Etouens.</span> 
     </span>
     <span class='ocr_line' id='line_1_28' title="bbox 101 2042 760 2086; baseline 0.002 -14"><span class='ocrx_word' id='word_1_166' title='bbox 101 2051 140 2072; x_wconf 86' lang='lat' dir='ltr'>ex</span> <span class='ocrx_word' id='word_1_167' title='bbox 177 2042 296 2075; x_wconf 88' lang='lat' dir='ltr'>itineris</span> <span class='ocrx_word' id='word_1_168' title='bbox 324 2044 443 2075; x_wconf 86' lang='lat' dir='ltr'>ratione</span> <span class='ocrx_word' id='word_1_169' title='bbox 485 2044 608 2086; x_wconf 87' lang='lat' dir='ltr'>copiose</span> <span class='ocrx_word' id='word_1_170' title='bbox 645 2044 760 2074; x_wconf 75' lang='lat' dir='ltr'>refutat</span> 
     </span>
     <span class='ocr_line' id='line_1_29' title="bbox 102 2091 759 2130; baseline 0.002 -9"><span class='ocrx_word' id='word_1_171' title='bbox 102 2091 279 2130; x_wconf 84' lang='lat' dir='ltr'>Heinsium,</span> <span class='ocrx_word' id='word_1_172' title='bbox 295 2098 337 2130; x_wconf 90' lang='lat' dir='ltr'>et,</span> <span class='ocrx_word' id='word_1_173' title='bbox 353 2093 489 2126; x_wconf 86' lang='lat' dir='ltr'>laudatis</span> <span class='ocrx_word' id='word_1_174' title='bbox 511 2094 600 2124; x_wconf 85' lang='lat' dir='ltr'>Mela</span> <span class='ocrx_word' id='word_1_175' title='bbox 618 2093 662 2123; x_wconf 82' lang='grc' dir='ltr'>ΙΙ.</span> <span class='ocrx_word' id='word_1_176' title='bbox 678 2094 707 2123; x_wconf 82' lang='grc'>4.</span> <span class='ocrx_word' id='word_1_177' title='bbox 724 2104 759 2123; x_wconf 84' lang='lat' dir='ltr'>ac</span> 
     </span>
     <span class='ocr_line' id='line_1_30' title="bbox 102 2141 759 2184; baseline 0.003 -14"><span class='ocrx_word' id='word_1_178' title='bbox 102 2141 205 2172; x_wconf 87' lang='lat' dir='ltr'>Plinio</span> <span class='ocrx_word' id='word_1_179' title='bbox 218 2142 262 2174; x_wconf 85' lang='lat' dir='ltr'>iii.</span> <span class='ocrx_word' id='word_1_180' title='bbox 277 2154 305 2174; x_wconf 89' lang='lat' dir='ltr'>c.</span> <span class='ocrx_word' id='word_1_181' title='bbox 318 2146 347 2175; x_wconf 84' lang='lat'>5.</span> <span class='ocrx_word' id='word_1_182' title='bbox 360 2150 391 2174; x_wconf 90' lang='lat' dir='ltr'>et</span> <span class='ocrx_word' id='word_1_183' title='bbox 408 2144 457 2174; x_wconf 90' lang='lat'>10.</span> <span class='ocrx_word' id='word_1_184' title='bbox 503 2142 633 2179; x_wconf 84' lang='lat' dir='ltr'>Ultima,</span> <span class='ocrx_word' id='word_1_185' title='bbox 647 2142 759 2184; x_wconf 89' lang='lat' dir='ltr'>inquit,</span> 
     </span>
     <span class='ocr_line' id='line_1_31' title="bbox 102 2190 759 2233; baseline 0.003 -13"><span class='ocrx_word' id='word_1_186' title='bbox 102 2190 204 2221; x_wconf 85' lang='lat' dir='ltr'>Italiae</span> <span class='ocrx_word' id='word_1_187' title='bbox 218 2202 272 2222; x_wconf 83' lang='lat' dir='ltr'>ora</span> <span class='ocrx_word' id='word_1_188' title='bbox 297 2192 453 2224; x_wconf 83' lang='lat' dir='ltr'>Graeciam</span> <span class='ocrx_word' id='word_1_189' title='bbox 474 2191 600 2233; x_wconf 87' lang='lat' dir='ltr'>quidem</span> <span class='ocrx_word' id='word_1_190' title='bbox 618 2202 759 2233; x_wconf 84' lang='lat' dir='ltr'>prospec-</span> 
     </span>
     <span class='ocr_line' id='line_1_32' title="bbox 104 2239 759 2283; baseline 0.005 -14"><span class='ocrx_word' id='word_1_191' title='bbox 104 2239 243 2271; x_wconf 84' lang='lat' dir='ltr'>tantibus</span> <span class='ocrx_word' id='word_1_192' title='bbox 265 2247 311 2272; x_wconf 85' lang='lat' dir='ltr'>est</span> <span class='ocrx_word' id='word_1_193' title='bbox 334 2242 473 2283; x_wconf 86' lang='lat' dir='ltr'>Hydrus,</span> <span class='ocrx_word' id='word_1_194' title='bbox 489 2240 514 2271; x_wconf 86' lang='lat' dir='ltr'>si</span> <span class='ocrx_word' id='word_1_195' title='bbox 535 2251 606 2271; x_wconf 90' lang='lat' dir='ltr'>cum</span> <span class='ocrx_word' id='word_1_196' title='bbox 621 2242 759 2280; x_wconf 80' lang='lat' dir='ltr'>Geogra-</span> 
     </span>
     <span class='ocr_line' id='line_1_33' title="bbox 102 2288 759 2332; baseline 0.003 -13"><span class='ocrx_word' id='word_1_197' title='bbox 102 2288 173 2330; x_wconf 93' lang='lat' dir='ltr'>phis</span> <span class='ocrx_word' id='word_1_198' title='bbox 187 2290 227 2320; x_wconf 83' lang='lat' dir='ltr'>ad</span> <span class='ocrx_word' id='word_1_199' title='bbox 237 2290 337 2332; x_wconf 85' lang='lat' dir='ltr'>ipsam</span> <span class='ocrx_word' id='word_1_200' title='bbox 348 2290 510 2322; x_wconf 85' lang='lat' dir='ltr'>veritatem</span> <span class='ocrx_word' id='word_1_201' title='bbox 521 2290 682 2331; x_wconf 81' lang='lat' dir='ltr'>exigamus</span> <span class='ocrx_word' id='word_1_202' title='bbox 692 2301 759 2321; x_wconf 80' lang='lat' dir='ltr'>ver-</span> 
     </span>
     <span class='ocr_line' id='line_1_34' title="bbox 102 2338 761 2382; baseline 0.002 -14"><span class='ocrx_word' id='word_1_203' title='bbox 102 2338 162 2368; x_wconf 82' lang='lat' dir='ltr'>ba:</span> <span class='ocrx_word' id='word_1_204' title='bbox 200 2339 255 2370; x_wconf 88' lang='lat' dir='ltr'>sed</span> <span class='ocrx_word' id='word_1_205' title='bbox 278 2340 389 2381; x_wconf 81' lang='lat' dir='ltr'>vulgus</span> <span class='ocrx_word' id='word_1_206' title='bbox 415 2345 540 2382; x_wconf 88' lang='lat' dir='ltr'>propter</span> <span class='ocrx_word' id='word_1_207' title='bbox 567 2338 761 2370; x_wconf 80' lang='lat' dir='ltr'>nobilitatem</span> 
     </span>
     <span class='ocr_line' id='line_1_35' title="bbox 103 2387 760 2428; baseline 0 -10"><span class='ocrx_word' id='word_1_208' title='bbox 103 2393 209 2428; x_wconf 86' lang='lat' dir='ltr'>portus</span> <span class='ocrx_word' id='word_1_209' title='bbox 231 2390 374 2419; x_wconf 79' lang='lat' dir='ltr'>ultimum</span> <span class='ocrx_word' id='word_1_210' title='bbox 401 2390 519 2420; x_wconf 81' lang='lat' dir='ltr'>ferebat</span> <span class='ocrx_word' id='word_1_211' title='bbox 548 2387 760 2419; x_wconf 86' lang='lat' dir='ltr'>Brundisium.</span> 
     </span>
     <span class='ocr_line' id='line_1_36' title="bbox 106 2436 761 2473; baseline 0.002 -7"><span class='ocrx_word' id='word_1_212' title='bbox 106 2436 174 2467; x_wconf 80' lang='lat' dir='ltr'>Nec</span> <span class='ocrx_word' id='word_1_213' title='bbox 213 2437 392 2468; x_wconf 87' lang='lat' dir='ltr'>Burmanno</span> <span class='ocrx_word' id='word_1_214' title='bbox 427 2437 594 2468; x_wconf 86' lang='lat' dir='ltr'>verisimile</span> <span class='ocrx_word' id='word_1_215' title='bbox 629 2437 761 2473; x_wconf 85' lang='lat' dir='ltr'>videtur,</span> 
     </span>
     <span class='ocr_line' id='line_1_37' title="bbox 106 2485 762 2521; baseline 0 -6"><span class='ocrx_word' id='word_1_216' title='bbox 106 2485 256 2516; x_wconf 87' lang='lat' dir='ltr'>Ovidium</span> <span class='ocrx_word' id='word_1_217' title='bbox 267 2487 299 2516; x_wconf 85' lang='lat' dir='ltr'>in</span> <span class='ocrx_word' id='word_1_218' title='bbox 310 2486 413 2518; x_wconf 83' lang='lat' dir='ltr'>insula</span> <span class='ocrx_word' id='word_1_219' title='bbox 422 2487 516 2517; x_wconf 89' lang='lat' dir='ltr'>fuisse</span> <span class='ocrx_word' id='word_1_220' title='bbox 528 2497 599 2517; x_wconf 92' lang='lat' dir='ltr'>cum</span> <span class='ocrx_word' id='word_1_221' title='bbox 611 2486 762 2521; x_wconf 83' lang='lat' dir='ltr'>Maximo,</span> 
     </span>
     <span class='ocr_line' id='line_1_38' title="bbox 107 2535 762 2575; baseline 0.002 -11"><span class='ocrx_word' id='word_1_222' title='bbox 107 2543 306 2575; x_wconf 83' lang='lat' dir='ltr'>quamquam,</span> <span class='ocrx_word' id='word_1_223' title='bbox 319 2536 480 2566; x_wconf 83' lang='lat' dir='ltr'>absentem</span> <span class='ocrx_word' id='word_1_224' title='bbox 494 2535 586 2566; x_wconf 85' lang='lat' dir='ltr'>fuisse</span> <span class='ocrx_word' id='word_1_225' title='bbox 603 2535 762 2571; x_wconf 83' lang='lat' dir='ltr'>Ovidium,</span> 
     </span>
     <span class='ocr_line' id='line_1_39' title="bbox 107 2582 764 2626; baseline 0.003 -14"><span class='ocrx_word' id='word_1_226' title='bbox 107 2592 163 2613; x_wconf 87' lang='lat' dir='ltr'>nec</span> <span class='ocrx_word' id='word_1_227' title='bbox 181 2582 291 2614; x_wconf 88' lang='lat' dir='ltr'>Romae</span> <span class='ocrx_word' id='word_1_228' title='bbox 305 2590 473 2620; x_wconf 87' lang='lat' dir='ltr'>versatum,</span> <span class='ocrx_word' id='word_1_229' title='bbox 491 2594 587 2626; x_wconf 89' lang='lat' dir='ltr'>quum</span> <span class='ocrx_word' id='word_1_230' title='bbox 603 2584 764 2625; x_wconf 82' lang='lat' dir='ltr'>Augustus</span> 
     </span>
     <span class='ocr_line' id='line_1_40' title="bbox 107 2632 763 2676; baseline 0.003 -14"><span class='ocrx_word' id='word_1_231' title='bbox 107 2641 178 2662; x_wconf 89' lang='lat' dir='ltr'>eum</span> <span class='ocrx_word' id='word_1_232' title='bbox 192 2632 301 2663; x_wconf 84' lang='lat' dir='ltr'>exsilio</span> <span class='ocrx_word' id='word_1_233' title='bbox 320 2634 454 2676; x_wconf 89' lang='lat' dir='ltr'>puniret,</span> <span class='ocrx_word' id='word_1_234' title='bbox 469 2633 617 2675; x_wconf 81' lang='lat' dir='ltr'>adpareat</span> <span class='ocrx_word' id='word_1_235' title='bbox 631 2644 668 2663; x_wconf 87' lang='lat' dir='ltr'>ex</span> <span class='ocrx_word' id='word_1_236' title='bbox 684 2633 763 2675; x_wconf 90' lang='lat' dir='ltr'>epis-</span> 
     </span>
     <span class='ocr_line' id='line_1_41' title="bbox 107 2680 764 2724; baseline 0.005 -14"><span class='ocrx_word' id='word_1_237' title='bbox 107 2680 171 2711; x_wconf 85' lang='lat' dir='ltr'>tola</span> <span class='ocrx_word' id='word_1_238' title='bbox 186 2680 237 2712; x_wconf 87' lang='lat' dir='ltr'>vii.</span> <span class='ocrx_word' id='word_1_239' title='bbox 251 2681 343 2724; x_wconf 89' lang='lat' dir='ltr'>hujus</span> <span class='ocrx_word' id='word_1_240' title='bbox 357 2682 427 2713; x_wconf 81' lang='lat' dir='ltr'>libri</span> <span class='ocrx_word' id='word_1_241' title='bbox 438 2695 467 2714; x_wconf 87' lang='lat' dir='ltr'>v.</span> <span class='ocrx_word' id='word_1_242' title='bbox 480 2684 532 2714; x_wconf 86' lang='lat'>54.</span> <span class='ocrx_word' id='word_1_243' title='bbox 565 2683 680 2713; x_wconf 78' lang='lat' dir='ltr'>Ultima</span> <span class='ocrx_word' id='word_1_244' title='bbox 692 2694 764 2713; x_wconf 84' lang='lat' dir='ltr'>vero</span> 
     </span>
     <span class='ocr_line' id='line_1_42' title="bbox 106 2729 765 2772; baseline 0.005 -13"><span class='ocrx_word' id='word_1_245' title='bbox 106 2729 269 2771; x_wconf 80' lang='lat' dir='ltr'>conjungit</span> <span class='ocrx_word' id='word_1_246' title='bbox 284 2741 355 2762; x_wconf 89' lang='lat' dir='ltr'>cum</span> <span class='ocrx_word' id='word_1_247' title='bbox 371 2734 461 2762; x_wconf 72' lang='lat' dir='ltr'>vider.</span> <span class='ocrx_word' id='word_1_248' title='bbox 497 2732 534 2762; x_wconf 89' lang='lat' dir='ltr'>In</span> <span class='ocrx_word' id='word_1_249' title='bbox 549 2742 684 2772; x_wconf 84' lang='lat' dir='ltr'>quonam</span> <span class='ocrx_word' id='word_1_250' title='bbox 697 2732 765 2762; x_wconf 87' lang='lat' dir='ltr'>loco</span> 
     </span>
    </p>
   </div>
   <div class='ocr_carea' id='block_1_6' title="bbox 1394 1458 1484 1502">
    <p class='ocr_par' dir='ltr' id='par_1_13' title="bbox 1394 1458 1484 1502">
     <span class='ocr_line' id='line_1_43' title="bbox 1394 1458 1484 1502; baseline 0.011 -1"><span class='ocrx_word' id='word_1_251' title='bbox 1394 1458 1484 1502; x_wconf 90' lang='lat' dir='ltr'>lOO</span> 
     </span>
    </p>
   </div>
   <div class='ocr_carea' id='block_1_7' title="bbox 825 1598 1490 2772">
    <p class='ocr_par' dir='ltr' id='par_1_14' title="bbox 825 1598 1489 2122">
     <span class='ocr_line' id='line_1_44' title="bbox 825 1598 1485 1642; baseline -0.002 -11"><span class='ocrx_word' id='word_1_252' title='bbox 825 1600 977 1642; x_wconf 80' lang='lat' dir='ltr'>oppidove</span> <span class='ocrx_word' id='word_1_253' title='bbox 1004 1599 1132 1630; x_wconf 83' lang='lat' dir='ltr'>ultimus</span> <span class='ocrx_word' id='word_1_254' title='bbox 1159 1599 1216 1629; x_wconf 84' lang='lat' dir='ltr'>sibi</span> <span class='ocrx_word' id='word_1_255' title='bbox 1247 1609 1318 1629; x_wconf 78' lang='lat' dir='ltr'>cuni</span> <span class='ocrx_word' id='word_1_256' title='bbox 1344 1598 1485 1630; x_wconf 82' lang='lat' dir='ltr'>Maximo</span> 
     </span>
     <span class='ocr_line' id='line_1_45' title="bbox 825 1648 1485 1689; baseline 0 -9"><span class='ocrx_word' id='word_1_257' title='bbox 825 1650 918 1680; x_wconf 84' lang='lat' dir='ltr'>fuerit</span> <span class='ocrx_word' id='word_1_258' title='bbox 941 1659 1123 1689; x_wconf 73' lang='lat' dir='ltr'>congressus</span> <span class='ocrx_word' id='word_1_259' title='bbox 1148 1655 1179 1679; x_wconf 87' lang='lat' dir='ltr'>et</span> <span class='ocrx_word' id='word_1_260' title='bbox 1204 1648 1403 1689; x_wconf 83' lang='lat' dir='ltr'>colloquium,</span> <span class='ocrx_word' id='word_1_261' title='bbox 1428 1660 1485 1680; x_wconf 89' lang='lat' dir='ltr'>nec</span> 
     </span>
     <span class='ocr_line' id='line_1_46' title="bbox 825 1697 1485 1740; baseline -0.002 -11"><span class='ocrx_word' id='word_1_262' title='bbox 825 1698 944 1729; x_wconf 85' lang='lat' dir='ltr'>indicat</span> <span class='ocrx_word' id='word_1_263' title='bbox 958 1704 1061 1740; x_wconf 83' lang='lat' dir='ltr'>poeta,</span> <span class='ocrx_word' id='word_1_264' title='bbox 1079 1708 1135 1728; x_wconf 82' lang='lat' dir='ltr'>nec</span> <span class='ocrx_word' id='word_1_265' title='bbox 1151 1697 1260 1738; x_wconf 90' lang='lat' dir='ltr'>liquet,</span> <span class='ocrx_word' id='word_1_266' title='bbox 1273 1708 1330 1727; x_wconf 87' lang='lat' dir='ltr'>nec</span> <span class='ocrx_word' id='word_1_267' title='bbox 1344 1708 1485 1728; x_wconf 85' lang='lat' dir='ltr'>necessa-</span> 
     </span>
     <span class='ocr_line' id='line_1_47' title="bbox 825 1746 1487 1788; baseline -0.003 -10"><span class='ocrx_word' id='word_1_268' title='bbox 825 1748 869 1778; x_wconf 91' lang='lat' dir='ltr'>rio</span> <span class='ocrx_word' id='word_1_269' title='bbox 885 1748 923 1778; x_wconf 91' lang='lat' dir='ltr'>de</span> <span class='ocrx_word' id='word_1_270' title='bbox 937 1747 1104 1778; x_wconf 87' lang='lat' dir='ltr'>Brundisio</span> <span class='ocrx_word' id='word_1_271' title='bbox 1120 1753 1173 1777; x_wconf 83' lang='lat' dir='ltr'>aut</span> <span class='ocrx_word' id='word_1_272' title='bbox 1189 1747 1249 1777; x_wconf 82' lang='lat' dir='ltr'>alio</span> <span class='ocrx_word' id='word_1_273' title='bbox 1272 1746 1384 1788; x_wconf 86' lang='lat' dir='ltr'>oppido</span> <span class='ocrx_word' id='word_1_274' title='bbox 1400 1747 1487 1788; x_wconf 90' lang='lat' dir='ltr'>capi-</span> 
     </span>
     <span class='ocr_line' id='line_1_48' title="bbox 826 1796 1487 1839; baseline 0 -11"><span class='ocrx_word' id='word_1_275' title='bbox 826 1798 924 1829; x_wconf 83' lang='lat' dir='ltr'>endus</span> <span class='ocrx_word' id='word_1_276' title='bbox 946 1803 992 1828; x_wconf 90' lang='lat' dir='ltr'>est</span> <span class='ocrx_word' id='word_1_277' title='bbox 1015 1803 1118 1839; x_wconf 89' lang='lat' dir='ltr'>poeta,</span> <span class='ocrx_word' id='word_1_278' title='bbox 1134 1808 1230 1838; x_wconf 87' lang='lat' dir='ltr'>quum</span> <span class='ocrx_word' id='word_1_279' title='bbox 1255 1802 1326 1827; x_wconf 88' lang='lat' dir='ltr'>ante</span> <span class='ocrx_word' id='word_1_280' title='bbox 1349 1796 1487 1828; x_wconf 86' lang='lat' dir='ltr'>edictum</span> 
     </span>
     <span class='ocr_line' id='line_1_49' title="bbox 827 1846 1486 1888; baseline -0.002 -11"><span class='ocrx_word' id='word_1_281' title='bbox 827 1847 974 1888; x_wconf 77' lang='lat' dir='ltr'>Augusti,</span> <span class='ocrx_word' id='word_1_282' title='bbox 987 1847 1068 1878; x_wconf 87' lang='lat' dir='ltr'>diem</span> <span class='ocrx_word' id='word_1_283' title='bbox 1085 1846 1294 1888; x_wconf 84' lang='lat' dir='ltr'>profectionis,</span> <span class='ocrx_word' id='word_1_284' title='bbox 1305 1846 1439 1887; x_wconf 88' lang='lat' dir='ltr'>potuerit</span> <span class='ocrx_word' id='word_1_285' title='bbox 1455 1846 1486 1877; x_wconf 92' lang='lat' dir='ltr'>in</span> 
     </span>
     <span class='ocr_line' id='line_1_50' title="bbox 827 1894 1487 1938; baseline -0.002 -12"><span class='ocrx_word' id='word_1_286' title='bbox 827 1896 888 1926; x_wconf 86' lang='lat' dir='ltr'>alio</span> <span class='ocrx_word' id='word_1_287' title='bbox 922 1896 1035 1938; x_wconf 87' lang='lat' dir='ltr'>oppido</span> <span class='ocrx_word' id='word_1_288' title='bbox 1067 1895 1243 1926; x_wconf 69' lang='lat' dir='ltr'>Maximum</span> <span class='ocrx_word' id='word_1_289' title='bbox 1273 1894 1397 1931; x_wconf 84' lang='lat' dir='ltr'>vidisse,</span> <span class='ocrx_word' id='word_1_290' title='bbox 1426 1906 1487 1936; x_wconf 91' lang='lat' dir='ltr'>quo</span> 
     </span>
     <span class='ocr_line' id='line_1_51' title="bbox 826 1943 1485 1976; baseline -0.003 -1"><span class='ocrx_word' id='word_1_291' title='bbox 826 1951 900 1976; x_wconf 86' lang='lat' dir='ltr'>tunc</span> <span class='ocrx_word' id='word_1_292' title='bbox 917 1945 1049 1975; x_wconf 85' lang='lat' dir='ltr'>nuncius</span> <span class='ocrx_word' id='word_1_293' title='bbox 1071 1950 1102 1975; x_wconf 87' lang='lat' dir='ltr'>et</span> <span class='ocrx_word' id='word_1_294' title='bbox 1117 1944 1201 1974; x_wconf 82' lang='lat' dir='ltr'>mala</span> <span class='ocrx_word' id='word_1_295' title='bbox 1215 1944 1298 1974; x_wconf 82' lang='lat' dir='ltr'>fama</span> <span class='ocrx_word' id='word_1_296' title='bbox 1313 1943 1397 1974; x_wconf 89' lang='lat' dir='ltr'>venit</span> <span class='ocrx_word' id='word_1_297' title='bbox 1413 1944 1485 1974; x_wconf 85' lang='lat' dir='ltr'>irro-</span> 
     </span>
     <span class='ocr_line' id='line_1_52' title="bbox 826 1992 1486 2035; baseline -0.002 -11"><span class='ocrx_word' id='word_1_298' title='bbox 826 1994 891 2035; x_wconf 81' lang='lat' dir='ltr'>gati</span> <span class='ocrx_word' id='word_1_299' title='bbox 914 2005 931 2024; x_wconf 87' lang='lat' dir='ltr'>a</span> <span class='ocrx_word' id='word_1_300' title='bbox 957 1994 1080 2024; x_wconf 82' lang='lat' dir='ltr'>Caesare</span> <span class='ocrx_word' id='word_1_301' title='bbox 1101 1992 1213 2024; x_wconf 80' lang='lat' dir='ltr'>exsilii.</span> <span class='ocrx_word' id='word_1_302' title='bbox 1258 1994 1377 2034; x_wconf 89' lang='lat' dir='ltr'>Atque,</span> <span class='ocrx_word' id='word_1_303' title='bbox 1394 2004 1424 2024; x_wconf 89' lang='lat' dir='ltr'>re</span> <span class='ocrx_word' id='word_1_304' title='bbox 1440 1993 1486 2024; x_wconf 89' lang='lat' dir='ltr'>in-</span> 
     </span>
     <span class='ocr_line' id='line_1_53' title="bbox 827 2041 1489 2084; baseline -0.002 -11"><span class='ocrx_word' id='word_1_305' title='bbox 827 2049 922 2079; x_wconf 85' lang='lat' dir='ltr'>certa,</span> <span class='ocrx_word' id='word_1_306' title='bbox 939 2042 1102 2084; x_wconf 81' lang='lat' dir='ltr'>acquiesco</span> <span class='ocrx_word' id='word_1_307' title='bbox 1117 2041 1148 2071; x_wconf 87' lang='lat' dir='ltr'>in</span> <span class='ocrx_word' id='word_1_308' title='bbox 1162 2047 1289 2083; x_wconf 85' lang='lat' dir='ltr'>recepta</span> <span class='ocrx_word' id='word_1_309' title='bbox 1303 2042 1436 2072; x_wconf 81' lang='lat' dir='ltr'>lectione</span> <span class='ocrx_word' id='word_1_310' title='bbox 1458 2047 1489 2072; x_wconf 89' lang='lat' dir='ltr'>et</span> 
     </span>
     <span class='ocr_line' id='line_1_54' title="bbox 828 2091 1373 2122; baseline -0.004 -1"><span class='ocrx_word' id='word_1_311' title='bbox 828 2091 983 2122; x_wconf 80' lang='lat' dir='ltr'>sententia</span> <span class='ocrx_word' id='word_1_312' title='bbox 998 2091 1180 2121; x_wconf 82' lang='lat' dir='ltr'>Burmanni.</span> <span class='ocrx_word' id='word_1_313' title='bbox 1226 2091 1373 2120; x_wconf 73' lang='lat' dir='ltr'>HAnLEs.</span> 
     </span>
    </p>

    <p class='ocr_par' dir='ltr' id='par_1_15' title="bbox 827 2138 1488 2280">
     <span class='ocr_line' id='line_1_55' title="bbox 871 2138 1486 2181; baseline -0.003 -11"><span class='ocrx_word' id='word_1_314' title='bbox 871 2141 922 2170; x_wconf 90' lang='lat'>87.</span> <span class='ocrx_word' id='word_1_315' title='bbox 946 2140 1033 2170; x_wconf 77' lang='lat' dir='ltr'>Inter</span> <span class='ocrx_word' id='word_1_316' title='bbox 1049 2139 1237 2181; x_wconf 61' lang='lat' dir='ltr'>cmzfissum]</span> <span class='ocrx_word' id='word_1_317' title='bbox 1256 2140 1329 2169; x_wconf 88' lang='lat' dir='ltr'>Non</span> <span class='ocrx_word' id='word_1_318' title='bbox 1345 2138 1486 2169; x_wconf 80' lang='lat' dir='ltr'>adfirma-</span> 
     </span>
     <span class='ocr_line' id='line_1_56' title="bbox 827 2188 1488 2230; baseline -0.003 -10"><span class='ocrx_word' id='word_1_319' title='bbox 827 2191 911 2226; x_wconf 86' lang='lat' dir='ltr'>bam,</span> <span class='ocrx_word' id='word_1_320' title='bbox 928 2201 985 2220; x_wconf 88' lang='lat' dir='ltr'>nec</span> <span class='ocrx_word' id='word_1_321' title='bbox 1013 2191 1166 2230; x_wconf 80' lang='lat' dir='ltr'>negabam</span> <span class='ocrx_word' id='word_1_322' title='bbox 1186 2199 1292 2219; x_wconf 88' lang='lat' dir='ltr'>verum</span> <span class='ocrx_word' id='word_1_323' title='bbox 1317 2199 1384 2219; x_wconf 86' lang='lat' dir='ltr'>esse</span> <span class='ocrx_word' id='word_1_324' title='bbox 1405 2188 1488 2229; x_wconf 87' lang='lat' dir='ltr'>quod</span> 
     </span>
     <span class='ocr_line' id='line_1_57' title="bbox 829 2238 1453 2280; baseline -0.003 -10"><span class='ocrx_word' id='word_1_325' title='bbox 829 2239 867 2270; x_wconf 85' lang='lat' dir='ltr'>ad</span> <span class='ocrx_word' id='word_1_326' title='bbox 884 2246 913 2270; x_wconf 87' lang='lat' dir='ltr'>te</span> <span class='ocrx_word' id='word_1_327' title='bbox 929 2240 967 2270; x_wconf 85' lang='lat' dir='ltr'>de</span> <span class='ocrx_word' id='word_1_328' title='bbox 984 2250 1058 2270; x_wconf 84' lang='lat' dir='ltr'>casu</span> <span class='ocrx_word' id='word_1_329' title='bbox 1073 2250 1141 2270; x_wconf 86' lang='lat' dir='ltr'>meo</span> <span class='ocrx_word' id='word_1_330' title='bbox 1156 2249 1258 2268; x_wconf 87' lang='lat' dir='ltr'>rumor</span> <span class='ocrx_word' id='word_1_331' title='bbox 1274 2238 1453 2280; x_wconf 84' lang='lat' dir='ltr'>pertulerat.</span> 
     </span>
    </p>

    <p class='ocr_par' dir='ltr' id='par_1_16' title="bbox 828 2287 1488 2418">
     <span class='ocr_line' id='line_1_58' title="bbox 871 2287 1488 2330; baseline -0.002 -11"><span class='ocrx_word' id='word_1_332' title='bbox 871 2289 922 2319; x_wconf 88' lang='lat'>91.</span> <span class='ocrx_word' id='word_1_333' title='bbox 948 2289 1021 2318; x_wconf 62' lang='lat' dir='ltr'>Hac</span> <span class='ocrx_word' id='word_1_334' title='bbox 1038 2288 1194 2330; x_wconf 48' lang='lat' dir='ltr'>referens]</span> <span class='ocrx_word' id='word_1_335' title='bbox 1220 2288 1297 2318; x_wconf 78' lang='lat' dir='ltr'>Haec</span> <span class='ocrx_word' id='word_1_336' title='bbox 1314 2287 1406 2329; x_wconf 82' lang='lat' dir='ltr'>igitur</span> <span class='ocrx_word' id='word_1_337' title='bbox 1422 2288 1488 2318; x_wconf 84' lang='lat' dir='ltr'>ani-</span> 
     </span>
     <span class='ocr_line' id='line_1_59' title="bbox 828 2337 1487 2379; baseline 0 -11"><span class='ocrx_word' id='word_1_338' title='bbox 828 2349 878 2368; x_wconf 89' lang='lat' dir='ltr'>mo</span> <span class='ocrx_word' id='word_1_339' title='bbox 892 2343 945 2369; x_wconf 86' lang='lat' dir='ltr'>tuo</span> <span class='ocrx_word' id='word_1_340' title='bbox 960 2337 1137 2379; x_wconf 81' lang='lat' dir='ltr'>subjiciens,</span> <span class='ocrx_word' id='word_1_341' title='bbox 1148 2342 1315 2378; x_wconf 87' lang='lat' dir='ltr'>tecumque</span> <span class='ocrx_word' id='word_1_342' title='bbox 1329 2343 1487 2379; x_wconf 83' lang='lat' dir='ltr'>reputans.</span> 
     </span>
     <span class='ocr_line' id='line_1_60' title="bbox 832 2388 935 2418; baseline 0 -1"><span class='ocrx_word' id='word_1_343' title='bbox 832 2388 935 2418; x_wconf 65' lang='lat' dir='ltr'>PoxT.</span> 
     </span>
    </p>

    <p class='ocr_par' dir='ltr' id='par_1_17' title="bbox 830 2434 1489 2516">
     <span class='ocr_line' id='line_1_61' title="bbox 872 2434 1489 2476; baseline -0.005 -9"><span class='ocrx_word' id='word_1_344' title='bbox 872 2437 924 2467; x_wconf 84' lang='lat'>95.</span> <span class='ocrx_word' id='word_1_345' title='bbox 943 2437 1088 2476; x_wconf 60' lang='lat' dir='ltr'>Optandi,</span> <span class='ocrx_word' id='word_1_346' title='bbox 1099 2435 1172 2475; x_wconf 61' lang='grc' dir='ltr'>δια]</span> <span class='ocrx_word' id='word_1_347' title='bbox 1198 2434 1343 2476; x_wconf 83' lang='lat' dir='ltr'>Eligendi</span> <span class='ocrx_word' id='word_1_348' title='bbox 1359 2445 1413 2476; x_wconf 92' lang='lat' dir='ltr'>pro</span> <span class='ocrx_word' id='word_1_349' title='bbox 1429 2436 1489 2465; x_wconf 75' lang='lat' dir='ltr'>tuis</span> 
     </span>
     <span class='ocr_line' id='line_1_62' title="bbox 830 2485 1009 2516; baseline -0.006 0"><span class='ocrx_word' id='word_1_350' title='bbox 830 2485 1009 2516; x_wconf 82' lang='lat' dir='ltr'>commodis.</span> 
     </span>
    </p>

    <p class='ocr_par' dir='ltr' id='par_1_18' title="bbox 832 2531 1488 2674">
     <span class='ocr_line' id='line_1_63' title="bbox 874 2531 1486 2571; baseline -0.007 -6"><span class='ocrx_word' id='word_1_351' title='bbox 874 2535 924 2565; x_wconf 86' lang='lat'>97.</span> <span class='ocrx_word' id='word_1_352' title='bbox 950 2534 1005 2564; x_wconf 77' lang='lat' dir='ltr'>Sed</span> <span class='ocrx_word' id='word_1_353' title='bbox 1014 2535 1037 2564; x_wconf 80' lang='lat' dir='ltr'>si</span> <span class='ocrx_word' id='word_1_354' title='bbox 1050 2534 1108 2563; x_wconf 60' lang='lat' dir='ltr'>sulit</span> <span class='ocrx_word' id='word_1_355' title='bbox 1120 2534 1192 2564; x_wconf 67' lang='lat' dir='ltr'>rmilii</span> <span class='ocrx_word' id='word_1_356' title='bbox 1204 2534 1316 2563; x_wconf 77' lang='lat' dir='ltr'>dentur</span> <span class='ocrx_word' id='word_1_357' title='bbox 1327 2538 1378 2562; x_wconf 78' lang='lat' dir='ltr'>tua</span> <span class='ocrx_word' id='word_1_358' title='bbox 1393 2531 1486 2571; x_wconf 62' lang='lat' dir='ltr'>roim]</span> 
     </span>
     <span class='ocr_line' id='line_1_64' title="bbox 832 2580 1488 2622; baseline -0.006 -8"><span class='ocrx_word' id='word_1_359' title='bbox 832 2583 892 2614; x_wconf 86' lang='lat' dir='ltr'>Sed</span> <span class='ocrx_word' id='word_1_360' title='bbox 918 2583 943 2613; x_wconf 93' lang='lat' dir='ltr'>si</span> <span class='ocrx_word' id='word_1_361' title='bbox 970 2583 1067 2613; x_wconf 87' lang='lat' dir='ltr'>solum</span> <span class='ocrx_word' id='word_1_362' title='bbox 1094 2582 1170 2612; x_wconf 84' lang='lat' dir='ltr'>mihi</span> <span class='ocrx_word' id='word_1_363' title='bbox 1196 2582 1319 2612; x_wconf 80' lang='lat' dir='ltr'>daretur</span> <span class='ocrx_word' id='word_1_364' title='bbox 1345 2580 1488 2622; x_wconf 83' lang='lat' dir='ltr'>optandae</span> 
     </span>
     <span class='ocr_line' id='line_1_65' title="bbox 832 2630 1284 2674; baseline -0.007 -11"><span class='ocrx_word' id='word_1_365' title='bbox 832 2632 920 2674; x_wconf 83' lang='lat' dir='ltr'>copia</span> <span class='ocrx_word' id='word_1_366' title='bbox 934 2633 1000 2674; x_wconf 83' lang='lat' dir='ltr'>ejus</span> <span class='ocrx_word' id='word_1_367' title='bbox 1017 2632 1059 2662; x_wconf 79' lang='lat' dir='ltr'>rei</span> <span class='ocrx_word' id='word_1_368' title='bbox 1076 2642 1170 2674; x_wconf 82' lang='lat' dir='ltr'>quam</span> <span class='ocrx_word' id='word_1_369' title='bbox 1185 2630 1284 2672; x_wconf 88' lang='lat' dir='ltr'>cupis.</span> 
     </span>
    </p>

    <p class='ocr_par' dir='ltr' id='par_1_19' title="bbox 833 2680 1490 2772">
     <span class='ocr_line' id='line_1_66' title="bbox 878 2680 1490 2721; baseline -0.003 -10"><span class='ocrx_word' id='word_1_370' title='bbox 878 2683 947 2713; x_wconf 89' lang='lat' dir='ltr'>lOO.</span> <span class='ocrx_word' id='word_1_371' title='bbox 973 2683 1044 2712; x_wconf 67' lang='lat' dir='ltr'>Haez’c</span> <span class='ocrx_word' id='word_1_372' title='bbox 1059 2681 1184 2721; x_wconf 59' lang='lat' dir='ltr'>primm]</span> <span class='ocrx_word' id='word_1_373' title='bbox 1211 2680 1348 2715; x_wconf 80' lang='lat' dir='ltr'>Scilicet,</span> <span class='ocrx_word' id='word_1_374' title='bbox 1363 2685 1398 2710; x_wconf 80' lang='lat' dir='ltr'>ut</span> <span class='ocrx_word' id='word_1_375' title='bbox 1410 2685 1490 2711; x_wconf 80' lang='lat' dir='ltr'>esset</span> 
     </span>
     <span class='ocr_line' id='line_1_67' title="bbox 833 2730 1276 2772; baseline -0.005 -11"><span class='ocrx_word' id='word_1_376' title='bbox 833 2741 944 2772; x_wconf 80' lang='lat' dir='ltr'>parens</span> <span class='ocrx_word' id='word_1_377' title='bbox 958 2731 1044 2761; x_wconf 77' lang='lat' dir='ltr'>salva</span> <span class='ocrx_word' id='word_1_378' title='bbox 1059 2741 1128 2761; x_wconf 87' lang='lat' dir='ltr'>cum</span> <span class='ocrx_word' id='word_1_379' title='bbox 1143 2730 1276 2761; x_wconf 74' lang='lat' dir='ltr'>Caesare.</span> 
     </span>
    </p>
   </div>
  </div>
 </body>
</html>
