1760 3172
207 178 290 218 156
596 178 646 218 P.
681 177 895 218 OVIDII
930 177 1211 219 NASONIS

207 291 339 346 Quid
365 291 614 339 facerem?
651 291 834 339 blando
860 292 1032 355 patriae
1057 292 1305 340 retinebar
1330 308 1523 341 amore:

279 369 463 416 Ultima
487 369 575 416 sed
595 370 748 431 jussae
775 385 874 416 nox
901 376 1007 416 erat
1032 368 1116 415 illa
1139 368 1284 431 fugae.
1532 374 1596 418 50

206 446 306 492 Ah!
345 446 540 508 quoties
566 447 733 508 aliquo
758 446 861 492 dixi
882 454 1198 509 properante,
1227 447 1348 510 quid
1376 449 1558 510 urges?

274 522 366 569 Vel
391 539 490 585 quo
514 523 718 570 festines
743 523 829 578 ire,
857 523 933 570 vel
959 523 1108 578 unde,
1134 523 1262 571 vide.

206 598 312 645 Ah!
351 599 546 661 quoties
572 606 760 646 certam
786 614 865 646 me
891 615 1001 646 sum
1026 600 1265 647 mentitus
1291 601 1473 648 habere

273 674 477 731 Horam,
505 676 771 738 propositae
798 691 910 738 quae
935 675 1062 723 foret
1086 684 1204 740 apta
1228 677 1333 724 viae.

206 752 303 799 Ter
326 752 478 800 limen
500 752 670 814 tetigi3
712 759 787 799 ter
813 768 922 798 sum
948 761 1238 801 revocatus:
1279 761 1329 800 et
1353 755 1462 818 ipse
1532 757 1596 801 55

271 828 542 891 Indulgens
568 828 732 875 animo
756 844 846 891 pes
873 828 993 875 mihi
1017 830 1189 877 tardus
1215 837 1347 877 erat:

205 907 369 970 Saepe,
395 907 502 954 vale
527 906 679 960 dicto,
707 921 874 952 rursus
900 921 1010 952 sum
1036 906 1193 953 multa
1217 907 1436 961 locutus;

272 982 338 1029 Et
363 983 506 1045 quasi
531 981 797 1029 discedens
823 982 996 1029 oscula
1021 999 1216 1030 summa
1239 983 1354 1030 dedi
1375 1001 1384 1031 :

207 1060 353 1123 Saepe
378 1060 553 1107 eadem
578 1059 814 1106 mandata
837 1059 983 1116 dedi;
1024 1075 1205 1122 meque
1231 1060 1339 1123 ipse
1363 1059 1530 1115 fefelli,

274 1137 571 1201 Respiciens
596 1136 753 1184 oculis
781 1137 987 1200 pignora
1011 1152 1127 1183 cara
1150 1137 1291 1184 meis.
1535 1141 1599 1184 60

210 1214 460 1277 Denique,
488 1214 610 1277 quid
646 1213 892 1276 propero?
942 1214 1151 1277 Scythia
1187 1221 1279 1270 est,
1309 1230 1409 1277 quo
1445 1215 1596 1263 mitti-

406 1306 531 1346 mur,
558 1290 763 1352 inquam
788 1306 797 1335 :

274 1366 438 1414 Roma
460 1365 789 1429 relinquenda
813 1372 916 1411 est:
959 1373 1172 1428 utraque
1190 1367 1329 1429 justa
1347 1383 1485 1415 mora
1506 1375 1597 1417 est.

211 1444 352 1491 Uxor
376 1443 426 1490 in
452 1450 693 1490 aeternum
716 1441 825 1488 vivo
850 1441 969 1487 mihi
994 1441 1104 1489 viva
1128 1451 1354 1507 negatur,

277 1521 343 1571 Et
366 1521 561 1575 domus,
588 1527 640 1566 et
664 1518 776 1564 fidae
802 1517 969 1564 dulcia
993 1519 1217 1566 membra
1241 1520 1435 1568 domus.

210 1597 452 1661 Quosque
478 1614 571 1659 ego
596 1596 812 1644 fraterno
837 1594 992 1641 dilexi
1020 1611 1156 1643 more
1183 1597 1396 1645 sodales.
1538 1601 1600 1646 65

277 1676 320 1721 O
344 1675 462 1722 mihi
489 1675 686 1722 Thesea
711 1680 917 1737 pectora
935 1674 1113 1735 juncta
1137 1674 1261 1722 fide!

211 1753 345 1800 Dum
372 1753 505 1808 licet,
533 1752 808 1815 amplectar
830 1766 838 1796 :
880 1765 1138 1813 nunquam
1163 1750 1373 1799 fortasse
1397 1750 1569 1798 licebit

275 1830 533 1894 Amplius:
575 1830 623 1876 in
648 1830 801 1882 lucro,
830 1842 943 1890 quae
969 1826 1115 1873 datur
1140 1828 1276 1883 hora,
1305 1828 1423 1874 mihi
1449 1835 1540 1876 est.

209 1989 341 2020 Callisto
357 1989 440 2020 enirn
456 1989 521 2020 filia
536 1989 701 2030 Lycaonis,
717 1987 798 2029 regis
811 1987 873 2017 Ar-
942 1985 1044 2017 locum
1064 1987 1257 2019 teterrimum
1271 1998 1289 2018 a
1300 1987 1529 2029 jucundissimo
1542 2000 1548 2017 :
1573 1994 1604 2018 et

208 2039 317 2074 cadiae,
339 2039 430 2081 cujus
449 2039 600 2081 oppidum
621 2039 679 2069 fuit
697 2037 874 2074 Parrhasia,
942 2042 1051 2067 neutra
1065 2037 1104 2068 de
1121 2048 1217 2068 causa
1232 2037 1458 2068 festinandum.
1482 2037 1588 2068 Pom.

207 2098 280 2118 ursa
295 2087 408 2119 dicitur
424 2089 507 2119 facta
527 2098 606 2124 esse,
622 2089 661 2118 ob
682 2087 760 2118 iram
775 2088 874 2118 Juno-
984 2088 1036 2118 55.
1063 2087 1121 2117 Ter
1146 2088 1233 2118 limen
1264 2086 1379 2128 tetigi]
1415 2085 1506 2117 Adeo
1529 2086 1603 2117 sini-

208 2137 266 2172 nis‚
281 2137 364 2177 quod
380 2148 452 2168 cum
467 2138 547 2169 Jove
561 2137 740 2173 concubuit,
757 2147 775 2167 a
795 2137 874 2168 Jove
941 2141 1038 2165 strum
1061 2146 1153 2166 omen
1183 2136 1336 2176 putabant
1363 2140 1484 2166 veteres
1509 2135 1604 2166 limen

208 2192 312 2216 autem
327 2186 358 2216 in
373 2187 534 2218 stellarum
545 2196 672 2217 numero
683 2186 792 2222 relata,
804 2197 873 2227 quae
940 2184 1109 2221 offendere,
1117 2195 1214 2226 quum
1225 2184 1350 2215 domum
1359 2184 1604 2225 ingrederentur,

208 2234 384 2276 Septentrio
407 2235 595 2277 adpellatur.
620 2246 651 2265 v.
676 2234 795 2276 Hygin.
811 2235 873 2265 fab.
941 2233 1072 2264 domove
1087 2234 1318 2275 egrederentur,
1334 2240 1367 2263 ut
1380 2232 1424 2269 id,
1440 2233 1523 2275 quod
1538 2240 1605 2264 tum

211 2285 282 2314 177.
298 2283 394 2314 Ovid.
417 2284 550 2314 Metam.
564 2284 595 2314 ii.
612 2284 677 2314 fab.
692 2295 721 2314 v.
738 2283 779 2314 vi.
796 2284 873 2315 405-
943 2282 1054 2313 facturi
1069 2290 1167 2318 erant,
1184 2292 1327 2324 prospere
1349 2282 1407 2312 sibi
1423 2282 1604 2325 contingere

207 2333 280 2363 517.
326 2333 477 2363 Hfmuzs.
942 2341 1001 2361 non
1019 2342 1108 2372 posse
1123 2332 1296 2362 crederent.
1342 2330 1435 2363 C10r.

251 2382 302 2412 50.
332 2381 446 2412 Ultima
465 2380 646 2421 sedjnssae.]
673 2380 797 2412 Diebus
813 2382 873 2412 sci·
984 2382 1036 2411 59.
1063 2381 1286 2423 Me—J‘igs'elli]
1314 2380 1344 2410 h.
1367 2391 1394 2411 e.
1417 2381 1478 2412 mei
1507 2380 1604 2422 ipsius

206 2430 281 2461 licet
303 2430 428 2472 elapsis,
442 2431 524 2461 intra
543 2441 620 2472 quos
635 2430 710 2461 urbe
732 2435 762 2461 et
778 2430 874 2461 Italia
940 2429 1055 2461 oblitus
1088 2440 1166 2460 snm.
1211 2430 1262 2460 Tr.
1289 2429 1330 2459 iv.
1359 2429 1379 2460 i.
1403 2431 1433 2461 4.
1462 2430 1483 2460 i.
1515 2431 1545 2461 5.
1574 2431 1604 2460 8.

202 2479 308 2520 jussus
327 2489 410 2509 eram
434 2478 599 2509 excedere.
646 2478 710 2515 Qui
726 2479 809 2509 enim
825 2490 872 2509 re·
942 2480 1090 2510 HARLES.

208 2528 403 2567 legabantur,
419 2528 457 2558 iis
477 2527 544 2558 dies
564 2527 738 2558 excedendi
760 2538 778 2558 a
793 2539 871 2570 prae-
984 2529 1035 2558 64.
1061 2528 1176 2558 Dulcia
1201 2529 1358 2569 membra.]
1390 2528 1528 2563 Amicos,
1549 2527 1605 2558 do-

207 2577 327 2607 sidibus
339 2577 406 2608 dari
418 2577 548 2608 solebat.
593 2577 724 2608 Bnnsm.
939 2577 1094 2613 mesticos,
1117 2587 1231 2612 servos,
1255 2584 1309 2608 aut
1335 2579 1431 2608 etiam
1455 2576 1603 2608 divitias:

250 2628 301 2656 52.
330 2626 609 2667 Velquofestinas]
639 2626 771 2657 Festines
783 2626 871 2657 meli·
939 2627 1006 2656 haec
1019 2626 1101 2656 enim
1117 2625 1223 2656 omnia
1239 2633 1311 2656 sunt
1324 2628 1464 2656 membra
1479 2625 1603 2656 domus.

207 2685 284 2704 ores.
310 2675 552 2711 {huss—Quo,
571 2677 613 2705 rel
629 2678 719 2706 unde.
746 2677 828 2711 Quo,
840 2675 870 2706 in
982 2677 1035 2706 66.
1064 2675 1278 2716 Thesea-sida]
1307 2676 1420 2706 Amore
1440 2675 1512 2710 fido,
1527 2685 1605 2716 qua-

207 2729 378 2753 extremum
396 2725 500 2754 orbern
515 2736 520 2753 ι
548 2727 637 2757 unde,
651 2734 666 2753 a
680 2724 788 2764 patria.
834 2726 869 2756 ln
938 2726 974 2756 lis
992 2725 1047 2755 fuit
1058 2724 1170 2754 Thesei
1186 2724 1217 2753 in
1234 2724 1418 2754 Pirithoum.
