1760 3172
181 139 267 181 330
574 141 622 181 P.
657 140 872 182 OVIDII
906 141 1187 184 NASONIS

179 254 321 302 Unus
348 255 397 302 in
424 255 517 302 hoc
543 255 727 318 populo
754 271 900 302 nemo
927 263 1018 311 est,
1047 258 1134 320 qui
1159 258 1284 305 forte
1310 259 1460 306 latine

243 331 498 385 Quaelibet
524 348 550 378 e
577 332 740 380 medio
768 333 975 380 reddere
1001 334 1150 381 verba
1177 343 1345 397 queat.

177 407 269 455 Ille
295 424 388 470 ego
416 408 675 455 Romanus
701 416 856 464 vates,
887 409 1147 471 ignoscite,
1176 411 1356 467 Musae,
1511 415 1573 459 55

245 484 523 532 Sarmatico
549 501 700 547 cogor
727 485 940 548 plurima
964 502 1099 533 more
1125 487 1280 549 loqui.

177 561 254 608 En
280 561 453 625 pudet,
478 568 529 608 et
554 561 737 619 fateor3
773 563 880 624 jam
906 563 1237 611 desuetudine
1262 565 1413 627 longa

241 638 341 685 Vix
364 639 585 686 subeunt
609 639 704 702 ipsi
729 641 881 687 verba
907 639 1086 688 Latina
1110 641 1247 687 mihi.

178 715 284 762 Nec
311 715 501 770 dubito,
525 715 646 778 quin
672 716 772 762 sint
795 723 847 763 et
873 717 921 762 in
946 716 1040 763 hoc
1069 733 1166 763 non
1192 733 1354 780 pauca
1378 717 1545 764 libello

244 791 493 839 Barbara:
534 808 634 838 non
660 792 872 838 hominis
899 793 1065 856 culpa,
1094 793 1183 841 sed
1210 793 1309 840 ista
1332 794 1444 841 loci.
1510 796 1574 840 60

177 868 257 916 Ne
282 876 447 916 tamen
475 868 712 916 Ausoniae
738 870 943 932 perdam
967 871 1269 918 commercia
1293 872 1492 934 linguae,

244 946 310 993 Et
334 946 421 993 fiat
446 947 606 1009 patrio
632 963 729 993 vox
754 963 867 994 mea
892 954 1031 994 muta
1055 964 1205 1003 sono;

177 1022 293 1086 Ipse
318 1023 495 1086 loquor
520 1039 734 1079 mecum,
763 1024 1075 1087 desuetaque
1100 1025 1252 1071 verba
1277 1031 1509 1080 retracto,

244 1099 311 1145 Et
336 1099 487 1146 studii
511 1106 684 1163 repeto
711 1100 854 1162 signa
879 1099 1082 1148 sinistra
1106 1101 1219 1147 mei.

178 1175 262 1223 Sic
289 1176 512 1223 animum
532 1183 835 1240 tempusque
856 1177 998 1223 traho
1016 1195 1026 1233 ;
1059 1193 1242 1240 meque
1263 1177 1370 1241 ipse
1391 1177 1576 1224 reduco

240 1252 286 1298 A
310 1253 652 1316 contemplatu
677 1253 1051 1316 submoveoque
1078 1253 1210 1300 mali.
1509 1257 1571 1301 66

176 1329 494 1377 Carminibus
521 1345 690 1392 quaero
710 1330 1002 1378 miserarum
1027 1331 1209 1378 oblivia
1235 1347 1427 1378 rerum:

244 1406 459 1455 Praemia
484 1407 524 1454 si
551 1407 716 1455 studio
743 1424 1025 1471 consequor
1050 1408 1163 1463 ista,
1192 1416 1269 1456 sat
1295 1415 1388 1455 est.

601 1684 954 1732 ELEGIA
1004 1685 1154 1733 VIII.

177 1793 302 1841 Nox
332 1795 457 1841 adeo
482 1795 659 1850 cecidi,
689 1795 917 1857 quamvis
943 1794 1187 1857 dejectus,
1216 1802 1271 1840 ut
1297 1794 1421 1841 infra

242 1870 314 1918 Te
341 1887 544 1934 quoque
566 1854 696 1955 sim]
705 1871 906 1918 inferius
933 1886 1034 1932 quo
1063 1870 1183 1916 nihil
1210 1885 1321 1917 esse
1348 1876 1531 1933 potest.

179 1947 305 2001 Quae
330 1947 419 1994 tibi
447 1963 524 1994 res
551 1948 741 1995 animos
768 1949 817 1994 in
843 1964 922 1995 me
948 1947 1081 2003 facit,
1109 1947 1335 2011 improbe
1352 1948 1555 1995 &curve

245 2024 463 2071 Casibus
490 2025 724 2081 insultas‚'
749 2042 875 2088 quos
902 2033 1046 2089 potes
1074 2025 1181 2088 ipse
1208 2025 1309 2088 pati
1328 2017 1369 2071 2¹

178 2101 286 2149 Nec
308 2102 440 2148 mala
464 2109 513 2149 te
540 2097 756 2148 reddunt
780 2103 970 2159 mitem,
995 2102 1310 2166 placidumve
1325 2102 1516 2164 jacenti
1546 2105 1574 2149 5

245 2178 658 2242 Nostra,!quibus
684 2179 880 2243 possint
905 2180 1218 2243 illacrymare
1245 2178 1397 2226 ferae?

428 2251 446 2276 κ’

218 2349 273 2380 53.
303 2348 389 2379 Unus
408 2350 440 2379 in
460 2350 512 2379 hoc
533 2351 644 2389 populo
665 2361 745 2381 nemo
767 2352 838 2392 εει]
911 2352 955 2381 Eo
975 2350 1066 2381 modo
1089 2350 1212 2381 animus
1233 2348 1377 2390 quiescit,
1393 2354 1425 2379 et
1444 2347 1576 2383 fallitur,

175 2396 287 2439 Scripti
310 2396 435 2439 plurimi
452 2403 483 2428 et
504 2398 580 2428 editi
601 2398 740 2439 quidam,
757 2399 841 2440 quod
909 2405 939 2429 et
970 2405 1095 2440 tempus
1127 2398 1170 2428 ita
1197 2397 1393 2439 producitur.
1444 2397 1578 2427 Reducn.

175 2456 237 2478 non
262 2451 376 2476 temere
397 2452 526 2477 mutem.
553 2447 645 2477 Nemo
669 2460 757 2485 unus,
775 2448 839 2479 ele·
910 2448 1071 2479 Removeo
1086 2447 1238 2489 tantisper
1254 2458 1273 2478 a
1288 2446 1451 2478 molestiis.
1484 2447 1579 2476 Mnn.

175 2500 285 2536 gauter
308 2494 441 2526 dicitur:
470 2495 576 2526 Livius
601 2497 644 2527 iii.
669 2499 718 2533 1-2,
745 2500 837 2528 nemi-
952 2497 1004 2526 68.
1032 2497 1159 2527 Ιίπηιία
1184 2499 1207 2526 si
1231 2496 1359 2536 studia]
1386 2495 1470 2526 Satis
1490 2505 1575 2536 tnag-

176 2555 241 2574 nem
255 2555 352 2573 uatum
367 2555 434 2580 esse,
455 2547 543 2585 cujus
563 2547 657 2585 magis
677 2558 765 2585 opera
784 2558 838 2585 7⁷¹1<
910 2556 983 2576 num
1010 2546 1171 2588 praemiuni
1197 2556 1246 2575 me
1272 2544 1402 2576 arbitror
1423 2554 1575 2576 consecu-

175 2600 215 2623 tet
230 2595 439 2632 rempublicam
458 2596 639 2625 restitutam.
908 2600 986 2631 turn,
1003 2595 1027 2625 si
1047 2595 1306 2637 tranquillitatem
1331 2594 1425 2625 animi
1445 2593 1577 2624 subinde

216 2642 268 2673 65.
293 2642 341 2671 Sic
368 2645 500 2673 amimam
533 2649 700 2682 tetrumque
727 2643 839 2683 traho]
909 2644 1260 2676 carminibusfaciendis
1271 2643 1438 2686 adipiscar.
1472 2643 1577 2673 Pom.
