1760 3172
529 181 827 224 REMEDIA
858 180 1123 222 AMORIS.
1466 184 1524 225 97

123 296 169 344 N
175 313 271 345 unc
291 298 512 362 leporem
537 312 749 361 pronum
775 297 941 344 catulo
967 304 1160 344 sectare
1185 299 1351 360 sagaci
1372 316 1382 346 ε

190 374 338 422 Nunc
363 382 450 423 tua
471 371 718 422 frondosis
744 374 869 422 retia
892 374 1043 422 tende
1061 375 1216 438 jugis.

120 451 223 499 Aut
247 452 453 516 pavidos
478 459 608 499 terre
632 451 767 498 varia
789 451 1053 499 formidine
1079 467 1279 499 cervos:

186 529 290 578 Aut
313 530 461 578 cadat
485 530 695 577 adversa
721 529 931 593 cuspide
955 528 1120 576 fossus
1146 544 1283 593 aper.

122 607 286 656 Nocte
310 608 575 671 fatigatum
601 623 820 662 somnus,
849 623 948 654 non
973 622 1093 653 cura
1117 607 1314 670 puellae,

1419 610 1517 654 205

187 685 420 750 Excipit3
461 693 512 733 et
536 686 708 750 pingui
734 685 958 733 membra
984 684 1154 747 quiete
1178 685 1326 732 levat.

122 763 305 812 Lenius
331 771 408 812 est
433 764 670 820 studium,
698 763 920 811 studium
945 769 1132 818 tamen,
1160 762 1277 810 alite
1303 763 1471 826 capta,

187 841 291 889 Aut
313 842 431 898 lino,
459 849 546 889 aut
570 842 775 889 calamis
801 841 1007 905 praemia
1031 856 1184 904 parva
1208 840 1370 903 sequi.

121 917 232 974 Vel,
260 934 371 981 quae
397 918 549 983 piscis
575 919 706 966 edax
731 919 875 966 avido
901 918 1030 965 male
1056 918 1259 965 devoret
1283 934 1384 973 ore,

187 994 388 1043 Abdere
414 996 659 1060 supremis
685 1012 783 1043 aera
807 1011 1013 1042 recurva
1031 995 1174 1043 cibis.

1422 997 1519 1041 210

120 1072 224 1119 Aut
249 1073 343 1128 his,
371 1080 457 1120 aut
482 1073 606 1129 aliis,
634 1074 794 1121 donec
820 1073 1038 1121 dediscis
1065 1087 1250 1129 amare,

189 1148 308 1212 Ipse
332 1150 423 1197 tibi
447 1150 615 1198 furtim
640 1150 968 1214 decipiendus
995 1151 1109 1197 eris.

119 1226 196 1274 Tu
220 1234 416 1275 tantum
440 1227 472 1284 i,
500 1227 728 1292 quamvis
754 1227 907 1274 firmis
929 1227 1209 1275 retinebere
1233 1227 1426 1283 vincliS‚

191 1303 213 1351 I
241 1306 430 1369 procul,
458 1312 509 1353 et
531 1306 706 1368 longas
731 1322 937 1370 carpere
964 1322 1117 1369 perge
1142 1306 1264 1352 vias.

124 1381 308 1438 Flebis,
336 1389 392 1430 ut
415 1389 643 1430 occurret
667 1383 878 1430 desertae
904 1399 1086 1430 nomen
1112 1383 1308 1431 amicae:

1423 1386 1520 1430 215

193 1459 359 1508 Stabit
383 1467 433 1508 et
456 1461 505 1507 in
530 1461 697 1509 media
724 1477 813 1525 pes
838 1461 928 1509 tibi
954 1477 1088 1525 saepe
1114 1461 1212 1508 via.

126 1536 226 1585 Sed
253 1544 442 1601 quanto
468 1538 634 1585 minus
661 1538 731 1585 ire
756 1539 910 1594 voles,
938 1538 1098 1601 magis
1124 1538 1193 1585 ire
1219 1545 1499 1585 memento:

191 1614 390 1664 Perfer:
429 1622 479 1663 et
503 1616 683 1663 invitos
709 1631 906 1664 currere
933 1631 1057 1678 coge
1082 1615 1255 1679 pedes.

126 1692 235 1740 Nec
261 1692 452 1757 pluvias
476 1692 632 1741 vites:
674 1709 767 1740 nec
794 1700 843 1740 te
870 1693 1133 1757 peregrina
1156 1699 1410 1740 morentur

193 1770 445 1828 Sabbata3
486 1787 579 1818 nec
605 1771 802 1818 damnis
830 1771 964 1818 Allia
989 1777 1108 1818 nota
1132 1770 1251 1817 suis.

1431 1774 1529 1817 220

126 1846 235 1895 Nec
261 1855 386 1912 quot
404 1848 676 1904 transieris,
695 1849 784 1896 sed
802 1856 928 1912 quot
947 1849 1055 1905 tibi,
1074 1865 1258 1912 quaere,
1278 1848 1530 1912 supersint

191 1924 381 1975 Millia:
421 1941 531 1984 nec,
558 1943 764 1975 maneas
790 1933 846 1974 ut
867 1943 1040 1991 prope,
1068 1927 1200 1989 finge
1226 1942 1407 1973 moras.

167 2045 242 2076 201.
278 2045 421 2086 Leporem
456 2048 613 2089 promum]
656 2048 792 2079 Parvum

125 2104 206 2125 unus
229 2094 365 2126 Heinsii.
390 2096 608 2137 male.pr071us
628 2104 675 2129 est
697 2098 792 2135 celer,

125 2143 228 2175 velox.
273 2145 391 2176 Bonna.

168 2193 306 2236 SagaeL]
343 2195 459 2227 Nescio
496 2206 536 2226 an
570 2207 665 2236 prono
701 2198 794 2236 lepori

127 2243 293 2274 conveniat
323 2246 445 2275 catulus
471 2256 574 2287 sagas,
598 2246 652 2287 qui
681 2247 793 2277 melius

127 2292 296 2324 cubantem
319 2293 522 2336 investigare,
543 2306 638 2337 quam
661 2306 793 2338 pronum

127 2341 239 2372 sectari
260 2342 368 2384 possit.
389 2354 497 2384 sequax
517 2344 630 2375 melius
646 2345 794 2375 conveni-

127 2396 184 2427 ret,
199 2392 254 2422 sed
276 2392 408 2423 offendit
426 2393 537 2424 merito
559 2396 660 2425 catulo
682 2401 794 2425 sectare

126 2442 253 2480 sequaci.
269 2440 345 2483 quid
361 2444 458 2483 ergo?
481 2453 676 2485 reponerem,
694 2445 795 2474 catulo

125 2496 238 2521 sectare
247 2491 374 2533 fugaci,
392 2491 424 2521 id
439 2497 486 2523 est
507 2492 612 2529 celeri,
629 2493 738 2530 veloci,
755 2493 795 2523 de

129 2549 191 2580 quo
214 2540 366 2571 vocabulo
391 2540 463 2571 vide
489 2541 529 2572 ad
552 2542 652 2584 Epist.
678 2542 721 2574 iv.
744 2543 795 2573 46.

129 2588 225 2619 talem
248 2600 321 2620 vero
350 2600 461 2621 canem
491 2591 620 2623 Gratius
646 2592 686 2622 ad
715 2592 796 2623 hanc

127 2637 327 2669 venationem
342 2638 467 2670 instruit
482 2639 514 2672 in
528 2641 724 2683 Cynegetico
740 2652 797 2673 suo

130 2697 210 2718 vers.
227 2688 300 2718 183.
344 2689 462 2722 Romu.

171 2737 247 2768 203.
271 2738 334 2768 Aut
352 2740 476 2778 pavidos
499 2745 577 2770 terre
596 2739 800 2781 varia‘formi-

171 2790 272 2822 VOL.
295 2791 341 2822 ΙΙ.

864 2051 937 2080 dine
960 2049 1086 2089 cervos]
1118 2049 1211 2079 Ῐάνία
1227 2046 1357 2078 formido
1373 2052 1420 2077 est
1435 2046 1533 2093 picta,

859 2097 994 2129 diversis
1008 2097 1140 2129 maculis
1153 2103 1185 2128 et
1199 2097 1354 2128 coloribus
1364 2096 1529 2132 distincta2

859 2147 905 2178 ita
931 2147 1096 2183 Firmicus,
1121 2147 1175 2177 lib.
1190 2146 1254 2178 viii.
1281 2157 1349 2188 cap.
1372 2145 1414 2176 ix.
1437 2148 1533 2176 varios

859 2208 950 2228 casses
966 2196 1057 2227 dixit.
1104 2197 1221 2227 Burni.

908 2247 984 2276 210.
1009 2247 1126 2276 Abdere
1148 2245 1292 2285 supremis
1317 2255 1377 2273 (rra
1406 2254 1533 2273 recurva

861 2295 963 2335 cibis]
991 2295 1129 2334 Supremi
1151 2295 1209 2323 cibi
1233 2298 1306 2323 sunt
1329 2292 1441 2327 ultimi,
1459 2302 1536 2332 quos

862 2345 964 2386 pisces
998 2355 1035 2374 ex
1074 2344 1168 2375 hamo
1202 2342 1340 2384 capiunt,
1370 2352 1441 2371 mox
1471 2341 1535 2371 leto

863 2393 971 2429 dandi,
989 2402 1017 2422 el
1035 2403 1108 2423 esca
1130 2391 1246 2422 homini
1263 2391 1370 2421 futuri.
1415 2391 1533 2420 Bonna.

908 2444 983 2474 219.
1020 2443 1188 2484 Peregrina
1228 2441 1377 2480 sabbaim]
1414 2440 1451 2470 Id
1488 2446 1535 2470 est

863 2492 999 2529 Judaea3
1038 2502 1110 2522 nam
1148 2490 1321 2521 imitatione
1352 2489 1535 2520 Judaeorum

866 2540 963 2572 etiam
981 2541 1142 2571 Romanos
1159 2539 1386 2571 hebdomadem
1404 2538 1536 2575 dierum,

866 2596 898 2621 et
921 2590 953 2621 in
975 2591 1012 2621 ea
1036 2590 1190 2631 quosdam
1217 2588 1294 2624 dies,
1311 2589 1407 2630 prava
1433 2588 1536 2619 imita-

869 2640 965 2675 tione,
983 2639 1116 2670 coluisse
1132 2639 1225 2670 docet
1240 2638 1364 2669 Petitus
1380 2638 1413 2668 in
1442 2639 1542 2680 Leges

867 2689 993 2720 Atticas
1008 2689 1115 2719 Titulo
1131 2689 1151 2719 i.
1167 2700 1198 2730 p.
1215 2688 1245 2719 4.
1292 2689 1408 2719 Bmm.

981 2792 1011 2822 H
