1760 3172
322 199 414 241 EX
446 199 658 241 PONTO
693 199 810 240 LIB.
845 198 927 240 IV.
961 198 1152 241 EPIST.
1186 198 1321 240 VIII.

1427 197 1511 240 501

129 312 222 371 Jus
247 314 447 378 aliquod
470 314 658 361 faciunt
681 315 863 361 adfinia
885 314 1081 361 vincula
1106 315 1263 371 nobis,

197 390 320 445 Quae
345 408 542 454 semper
565 398 798 438 maneant
821 391 1118 447 illabefacta,
1145 406 1333 454 precor.
1452 393 1509 436 lO

131 469 262 516 Nam
286 468 376 516 tibi
402 485 513 532 quae
538 469 737 531 conjux,
766 469 940 515 eadem
966 468 1085 514 mihi
1109 468 1209 514 filia
1232 483 1373 530 paene
1399 472 1504 514 est:

198 545 265 592 Et
289 562 400 609 quae
424 552 475 592 te
500 561 751 607 generum,
778 562 858 593 me
882 551 1026 592 vocat
1050 545 1134 591 illa
1155 544 1329 590 virum.

131 623 245 671 Heu
268 623 414 670 mihi!
454 623 493 670 si
517 623 660 670 lectis
684 623 873 670 vultum
898 629 952 669 tu
977 621 1200 670 versibus
1225 621 1331 666 istis

197 701 449 765 Ducisget
473 700 685 747 adfinem
711 706 761 747 te
782 699 940 763 pudet
963 689 1072 746 esse
1098 696 1291 744 meum!

129 777 197 826 At
220 777 341 824 nihil
365 767 444 823 hic
466 776 672 838 dignum
692 776 876 839 poteris
902 774 1115 839 reperire
1136 774 1340 837 pudore,
1450 774 1507 818 15

196 855 386 902 Praeter
408 853 671 908 fortunam,
699 868 810 915 quae
835 852 955 898 mihi
980 866 1114 897 caeca
1135 849 1244 896 fuit.

132 932 232 980 Seu
259 947 415 994 genus
436 928 689 986 excutias3
722 925 944 991 equites,
971 927 1032 974 ab
1059 926 1245 988 origine
1269 925 1442 989 prima,

199 1008 376 1070 Usque
400 1022 489 1070 per
512 1005 793 1052 innumeros
819 1005 1122 1051 inveniemur
1146 1019 1260 1050 avos
1283 1019 1292 1049 :

132 1086 247 1133 Sive
270 1084 410 1139 velis,
437 1082 522 1146 qui
548 1082 662 1138 sint,
689 1097 850 1129 mores
875 1080 1122 1144 inquirere
1153 1086 1375 1136 nostros;

197 1161 427 1208 Errorem
451 1159 630 1206 misero
656 1158 878 1213 detrahe,
906 1158 1018 1205 labe
1043 1164 1228 1204 carent.
1447 1158 1511 1200 20

129 1239 206 1286 Tu
230 1238 393 1293 modo,
422 1237 462 1284 si
487 1236 609 1300 quid
634 1236 712 1299 agi
738 1236 961 1300 sperabis
987 1251 1133 1299 posse
1159 1233 1424 1298 precando,

197 1315 336 1370 Quos
361 1313 500 1370 colis,
524 1329 676 1361 exora
697 1313 922 1376 supplice
946 1328 1066 1360 voce
1093 1311 1244 1359 Deos,

133 1394 198 1440 Di
221 1393 313 1440 tibi
338 1398 455 1439 sunt
480 1391 651 1439 Caesar
668 1391 893 1454 juvenis;
932 1397 1019 1437 tua
1042 1388 1247 1436 numina
1270 1387 1441 1451 placa:

200 1469 309 1518 Hac
335 1475 469 1517 certe
494 1469 630 1516 nulla
654 1475 730 1516 est
754 1468 915 1515 notior
939 1484 1022 1515 ara
1045 1466 1151 1514 tibi.

133 1547 250 1596 Non
274 1547 391 1594 sinit
413 1546 499 1594 illa
522 1547 598 1619 suli
623 1563 773 1594 vanas
798 1547 1033 1594 antistitis
1054 1560 1273 1608 unquam
1449 1545 1511 1589 25

199 1624 326 1672 Esse
348 1639 554 1687 preces:
592 1624 773 1671 nostris
798 1624 912 1670 hinc
937 1630 1052 1687 pete
1077 1623 1224 1669 rebus
1251 1636 1414 1684 opem.

131 1701 422 1757 Quamlibet
446 1700 626 1763 exigua
651 1700 692 1761 si
718 1716 809 1747 nos
834 1716 893 1748 ea
911 1700 1096 1763 juverit
1120 1714 1254 1753 aura,

202 1778 398 1826 Obruta
421 1778 484 1825 de
509 1777 685 1824 mediis
711 1778 893 1841 cymba
917 1782 1141 1838 resurget
1165 1774 1324 1838 aquis.

134 1855 275 1903 Tunc
301 1871 393 1917 ego
418 1862 528 1902 tura
551 1854 704 1902 feram
729 1854 913 1917 rapidis
940 1852 1180 1900 solemnia
1204 1851 1442 1907 flammis;

201 1931 284 1988 Et,
310 1932 507 1979 valeant
530 1938 772 1995 quantum
797 1931 1013 1985 numina,
1041 1929 1183 1976 testis
1215 1944 1314 1975 ero.

1452 1929 1516 1974 30

135 2009 183 2056 N
188 2026 245 2058 ec
266 2009 357 2056 tibi
382 2009 445 2056 de
471 2009 618 2075 Pario
643 2015 875 2063 statuam,
900 2006 1214 2060 Germanice,
1241 2004 1484 2068 templum

203 2086 481 2134 Marmore:
510 2078 708 2148 ⁷carpsit
733 2102 852 2149 opes
878 2084 962 2132 illa
985 2084 1124 2130 ruina
1148 2097 1299 2129 meas.

184 2210 233 2240 11.
265 2209 377 2240 Eadem
406 2209 479 2239 mihi
503 2209 577 2249 filia
609 2219 690 2248 poene
722 2207 791 2248 est.]

137 2258 258 2290 Eadem
280 2269 358 2289 uxor
376 2263 431 2288 tua
449 2263 496 2288 est
514 2256 590 2287 mihi
606 2256 694 2297 quasi
709 2257 792 2286 filia:

137 2314 185 2340 est
199 2307 283 2339 enim
301 2307 454 2350 privigna,
470 2306 529 2337 hoe
546 2311 603 2342 est,
616 2306 681 2336 filia
695 2305 797 2336 uxoris

140 2367 230 2388 meae.

184 2412 234 2442 14.
249 2412 345 2442 Ducis
359 2411 505 2451 vultum]
532 2409 659 2441 Faciem
675 2415 797 2440 contra-

140 2460 199 2498 his,
215 2466 366 2502 tanquam
382 2459 489 2490 iratus.

186 2510 236 2540 16.
259 2510 331 2544 Quae
345 2509 418 2539 mihi
432 2507 615 2550 caecafuit.]
642 2508 720 2545 Quae
739 2517 799 2537 non

140 2560 222 2590 bene
237 2558 324 2595 vidit,
335 2558 471 2600 justene,
490 2568 530 2588 an
550 2557 655 2598 inique
674 2567 723 2587 me
743 2555 797 2586 ad-

141 2608 247 2639 ficeret
261 2612 350 2638 tanta
365 2607 463 2637 ruina.

189 2657 239 2687 17.
255 2657 311 2687 Seu
327 2667 423 2698 genus
442 2655 599 2695 excutiam]
619 2655 679 2685 Seu
702 2663 797 2694 gene-

144 2706 185 2737 ris
200 2706 262 2736 mei
276 2705 425 2746 originem
442 2704 630 2735 consideres.

191 2755 241 2786 18.
282 2754 378 2794 Usque
405 2764 460 2793 per
496 2755 667 2783 innumeros
703 2750 796 2789 avom]

863 2208 972 2249 Usque
1000 2217 1055 2249 per
1083 2215 1210 2236 avorum
1246 2201 1518 2234 innumerabilium

863 2256 984 2288 seriem.

907 2307 960 2336 21.
983 2305 1065 2339 Quid
1082 2306 1133 2345 agi
1152 2302 1258 2342 possa]
1285 2300 1416 2342 Aliquid
1431 2311 1520 2342 posse

864 2352 1007 2385 obtineri.
1046 2353 1212 2383 Precando.
1235 2350 1362 2381 Orando
1382 2350 1523 2380 Caesares

866 2414 919 2445 pro
933 2414 994 2434 me.

909 2453 963 2483 23.
982 2451 1024 2482 Di
1037 2452 1090 2481 tibi
1100 2455 1170 2481 sunt
1184 2447 1440 2488 Caesmjuvenis]
1460 2446 1520 2477 Hic

866 2508 957 2543 poeta
973 2499 1128 2542 exprimit,
1145 2498 1273 2540 quinam
1287 2497 1349 2527 sint
1364 2495 1430 2532 Dii,
1445 2506 1523 2537 quos

867 2562 886 2582 a
914 2549 1024 2581 Suillio
1046 2548 1168 2580 dixerat
1195 2545 1367 2577 exorandos
1390 2555 1467 2581 esse,
1492 2549 1524 2575 et

867 2598 1089 2631 Germanicum
1108 2596 1207 2627 solum
1226 2593 1338 2625 innuit.
1386 2593 1450 2623 Tua
1465 2604 1523 2623 nu-

866 2651 948 2680 mina
970 2649 1072 2687 placa.
1108 2647 1267 2677 venerare
1288 2642 1524 2679 Germanicum,

868 2709 928 2739 quo
944 2703 979 2727 ut
994 2695 1119 2727 numine
1134 2693 1240 2724 uteris.

910 2747 962 2777 25.
986 2744 1075 2784 Ill‹1.]
1102 2742 1230 2773 Scilicet
1254 2751 1309 2772 ara
1333 2739 1524 2772 Germanici.

996 2794 1026 2824 K
1043 2804 1061 2823 iz
1077 2794 1096 2823 3
