1760 3172
365 171 677 215 TRISTIUM
709 171 830 213 LIB.
863 171 928 213 II.
961 171 1054 213 EL.
1087 172 1309 216 UNICA.
1450 176 1536 218 207·

141 288 196 335 Si
220 305 318 336 non
344 287 578 353 Aeropen
601 287 753 335 frater
777 287 1052 335 sceleratus
1078 298 1313 346 amasset,
1439 294 1531 339 391

205 364 420 413 Aversos
449 366 582 412 Solis
607 381 706 412 non
731 364 1011 426 legeremus
1037 380 1223 427 equos3
1424 394 1515 409 f
1542 387 1558 392 ν’
1580 378 1583 379 ’

141 442 305 506 Impia
328 459 421 491 nec
447 442 664 505 tragicos
689 433 943 503 tetigisset
970 441 1143 505 Scylla
1167 443 1453 500 cothurnOS,

208 520 274 567 Ni
300 522 516 584 patrium
540 521 730 567 crinem
755 518 1067 566 desecuisset
1091 535 1245 567 amor.

140 596 239 651 Qui
263 597 388 659 legis
415 597 668 652 Electran,
696 602 748 644 et
773 602 1007 658 egentem
1033 597 1215 644 mentis
1243 597 1476 655 Oresten,

204 675 438 739 AEgysthi
462 675 649 722 crimen
675 672 1095 737 Tyndaridosque
1119 674 1263 737 legis.
1436 680 1533 725 396

140 751 271 800 Nam
296 752 418 816 quid
443 752 506 800 de
528 752 706 800 tetrico
732 751 942 798 referam
967 751 1213 799 domitore
1240 752 1521 811 Chimaerae,

206 829 369 884 Quem
394 822 496 878 leto
519 829 670 877 fallax
695 827 896 891 hospita
920 843 1064 891 paene
1089 828 1260 876 dedit?

137 905 271 961 Quid
296 907 472 971 loquar
497 904 832 954 Hermionen?
859 904 982 967 quid
1003 910 1069 960 te,
1091 905 1359 955 Schoeneia
1378 907 1532 971 virgo,

201 983 393 1047 Teque,
420 983 685 1048 Mycenaeo
710 981 931 1028 Phoebas
957 988 1125 1028 amata
1148 983 1298 1031 duci?
1435 989 1534 1034 400

138 1060 272 1116 Quid
324 1062 550 1117 Danaen,
604 1059 909 1121 Danaesque
969 1074 1164 1115 nurum,
1218 1068 1534 1126 matremque

204 1137 566 1202 Haemonaque,
594 1144 646 1185 et
666 1141 841 1183 noctes
866 1134 946 1182 cui
971 1135 1136 1183 coiere
1161 1137 1304 1186 duae?
1343 1138 1534 1203 [Lyaei‘e

180 1291 254 1322 390.
280 1290 408 1331 Quaeque
419 1301 505 1321 suum
517 1289 629 1332 luget]
656 1290 800 1329 Prognen

136 1339 290 1382 designat,
304 1340 395 1372 Terei
407 1339 488 1382 regis
500 1339 649 1371 Daulidis
660 1348 799 1374 uxorem,

137 1399 208 1431 quae
224 1390 309 1431 Itym
324 1389 424 1421 filium
439 1389 566 1424 occidit,
581 1393 612 1419 et
626 1388 708 1430 patri
724 1398 800 1429 epu-

136 1438 267 1469 landum
283 1439 430 1481 adposuit
439 1445 565 1482 propter
577 1448 709 1469 sororem
725 1437 801 1468 Phi-

135 1481 282 1513 lomelam
292 1482 441 1514 violatam
454 1495 460 1513 :
484 1488 593 1525 postea
606 1486 728 1512 mutata
744 1480 802 1511 fuit

135 1531 168 1562 in
179 1531 355 1564 lusciniam.

181 1583 255 1613 391.
278 1582 310 1612 Si
325 1594 382 1613 non
396 1582 557 1623 Aeropen.]
582 1581 672 1613 Atrei
685 1588 799 1622 tragoe-

138 1629 223 1661 diam
238 1631 385 1673 intelligit
398 1644 404 1662 :
431 1638 539 1663 notum
551 1636 598 1662 est
613 1636 719 1662 autem
735 1631 800 1660 Ae-

135 1690 242 1722 ropen,
270 1682 359 1712 Atrei
395 1692 534 1718 uxorem,
564 1691 636 1711 cum
662 1680 800 1721 Thyeste

136 1730 353 1767 concubuisse,
362 1730 445 1772 quod
462 1741 543 1772 aegre
555 1731 657 1761 ferens
671 1730 799 1766 Atreus,

137 1778 251 1810 liberos
273 1780 302 1811 ei
327 1780 501 1822 epulandos
530 1779 691 1822 adposuit:
729 1790 799 1820 quae

136 1829 200 1866 Sol,
226 1840 264 1860 ne
290 1830 493 1872 pollueretur,
523 1830 655 1872 aufugit.
714 1829 800 1860 Illud

137 1878 320 1916 notandum,
336 1880 464 1911 Graecos
480 1879 570 1910 Atrei
590 1889 717 1910 uxorem
738 1889 800 1909 non

138 1927 292 1968 Europen,
308 1928 363 1959 sed
376 1930 523 1968 Aeropen,
539 1928 712 1959 nominare.

180 1979 255 2009 392.
270 1979 393 2009 Aversos
409 1978 512 2019 Solis]
532 1978 630 2016 Quasi
643 1977 799 2019 refugien-

137 2033 183 2059 tes
197 2027 393 2059 atrocitatem
406 2028 491 2059 illius
506 2028 690 2070 spectaculi.

179 2078 254 2109 396.
285 2077 556 2118 Tyndaridosque]
591 2079 632 2108 Et
657 2077 799 2119 Clytem-

137 2132 247 2158 nestrae
263 2127 335 2158 filiae
350 2127 490 2169 Tyndari
511 2138 548 2158 ex
564 2127 662 2164 Leda,
679 2127 799 2158 uxoris-

136 2187 197 2218 que
217 2176 477 2218 Agamemnonis,
501 2187 571 2218 quae
595 2187 667 2208 cum
691 2177 798 2218 AEgis-

136 2225 190 2257 tho
205 2225 352 2267 Thyestis
374 2226 450 2263 filio,
465 2226 540 2257 dum
559 2226 643 2257 bello
665 2227 799 2268 Trojano

135 2276 214 2307 mari
232 2281 283 2307 tus
298 2275 451 2313 interfuit,
467 2275 655 2307 adulterium
671 2275 798 2307 commi-

133 2326 184 2356 sit.

178 2376 254 2406 397.
278 2374 358 2405 Nam
367 2377 439 2417 quid
453 2377 489 2406 de
502 2375 632 2416 tetrica]
658 2376 798 2407 Bellero-

134 2424 268 2467 phontes
288 2424 370 2455 filius
389 2424 448 2456 fuit
463 2425 590 2462 Glauci,
605 2425 651 2456 vir
673 2437 799 2457 munere

135 2472 242 2504 Defim
253 2473 359 2504 eximii
370 2479 437 2505 tum
450 2474 576 2511 roboris,
585 2480 651 2506 tum
663 2475 800 2515 decori33

135 2522 206 2553 vide
223 2523 285 2554 fab.
302 2523 386 2565 apud
402 2524 640 2565 Apollodorum,
652 2525 706 2556 lib.
722 2526 754 2556 ii.
770 2522 801 2557 et

136 2571 230 2604 ovid.
252 2574 386 2604 Metam.
409 2573 464 2604 lib.
488 2573 540 2613 ix3
569 2575 640 2606 vide
668 2576 797 2607 Homer.

134 2621 175 2653 Il.
191 2626 227 2654 Z.

178 2672 253 2704 399.
299 2672 381 2707 Quid
422 2673 526 2713 loquar
562 2674 793 2717 Hermionen?]

135 2721 337 2754 Hermionem
356 2722 509 2760 Menelai,
525 2724 575 2755 vel
594 2726 645 2764 (ut
661 2724 713 2755 alii
728 2735 796 2756 ma-

866 1285 952 1326 lunt)
975 1286 1088 1318 Thesei
1111 1293 1142 1319 et
1164 1288 1296 1319 Helenae
1320 1288 1415 1320 filiam
1440 1290 1535 1322 fuisse

867 1340 999 1371 constat,
1012 1347 1080 1377 quae
1093 1337 1198 1368 Oresti
1211 1338 1459 1378 Agamemnonis
1471 1340 1535 1372 filio

866 1384 1055 1427 desponsata
1082 1386 1150 1417 fuit.
1212 1387 1293 1422 Quid
1324 1393 1351 1418 te
1381 1388 1535 1420 Sehoeneia

866 1435 961 1475 virgo.
1006 1436 1192 1466 Atalantam
1207 1436 1357 1478 intelligit
1371 1438 1532 1475 Schoenei,

866 1485 948 1526 regis
963 1485 1050 1525 Scyri
1070 1486 1192 1522 insulae,
1209 1486 1317 1522 filiam,
1333 1488 1423 1529 cujus
1444 1488 1534 1520 fabu-

868 1534 930 1564 lam
946 1534 1043 1566 habes
1054 1535 1137 1578 apud
1148 1535 1310 1573 Ovidium,
1322 1538 1535 1580 Metamorph.

867 1583 921 1614 lib.
937 1595 969 1614 x,

913 1636 985 1665 400.
1004 1634 1110 1675 Teque,
1123 1635 1302 1676 Mycenaeo]
1322 1636 1534 1668 Cassandram

868 1684 1024 1725 designat,
1046 1684 1163 1715 Priami
1187 1685 1269 1727 regis
1291 1686 1399 1722 filiam,
1425 1697 1532 1728 quam,

868 1740 936 1775 post
972 1735 1073 1776 Trojae
1109 1734 1278 1772 excidium,
1314 1736 1535 1777 Agamemnon

868 1785 1023 1825 Mycenas
1038 1784 1196 1827 captivam
1218 1785 1318 1822 duxit,
1334 1792 1445 1828 captus
1466 1787 1534 1829 ejus

869 1843 983 1863 amore.

911 1885 984 1914 401.
1015 1884 1096 1918 Quid
1124 1884 1265 1921 Danaen,
1292 1886 1453 1926 Danaique
1477 1898 1535 1917 ηιι-

868 1933 948 1974 mm]
976 1933 1063 1964 Filiae
1089 1934 1195 1965 Danai
1211 1934 1241 1964 in
1258 1934 1420 1976 tragoediis
1435 1941 1533 1975 notae3

867 1982 962 2013 nullae
986 1990 1066 2013 notae
1088 1983 1193 2013 Danai
1214 1994 1319 2014 nurus.
1364 1985 1470 2021 Quare
1487 1995 1535 2016 re-

867 2043 947 2074 pone
962 2043 1033 2063 cum
1050 2031 1157 2073 primis
1172 2032 1363 2063 editionibus
1383 2039 1413 2064 et
1436 2034 1533 2076 scrip-

867 2086 967 2112 torum
977 2081 1101 2112 multis:
1129 2081 1306 2122 Danaesque
1319 2093 1441 2113 nurum.
1465 2083 1533 2114 An-

867 2131 1017 2162 dromeda
1039 2131 1148 2162 Persei
1172 2142 1259 2166 uxor,
1276 2138 1307 2162 et
1321 2131 1450 2173 proinde
1467 2133 1533 2163 Da-

867 2192 936 2212 naes
960 2192 1066 2211 nurus.
1095 2181 1214 2212 Hems.
1252 2181 1387 2212 Danaen
1413 2187 1532 2223 tragoe-

867 2230 951 2262 diam
967 2230 1090 2271 scripsit
1110 2230 1251 2261 Naevius.
1289 2231 1380 2261 Cror.
1419 2231 1532 2263 Danae

867 2279 1024 2321 AEschy1i‚
1033 2278 1195 2321 Sophoclis
1205 2284 1236 2309 et
1247 2278 1406 2320 Euripidis
1416 2280 1533 2320 passim

866 2329 982 2360 citatur
997 2328 1202 2367 aveteribus;
1226 2328 1280 2359 sed
1297 2328 1443 2369 AEschyli
1458 2329 1532 2360 titu-

866 2379 915 2409 lus
930 2379 1063 2417 dubius3
1087 2383 1118 2409 et
1128 2377 1293 2409 Danaides
1307 2378 1346 2408 ab
1363 2377 1432 2409 aliis
1441 2389 1533 2410 voca-

867 2435 928 2460 tur.
965 2428 1320 2467 Bonan—,Matremque
1337 2428 1432 2468 Lycei,
1477 2428 1532 2459 Se—

868 2478 971 2509 melen
1009 2476 1159 2518 intelligit
1196 2477 1400 2518 fabulamque
1439 2477 1533 2509 refert

869 2527 964 2559 Ovid.
980 2526 1024 2557 iii.
1040 2528 1122 2557 Met.

908 2578 982 2607 402.
998 2576 1210 2616 Hzfmonaque,
1220 2582 1248 2606 et
1260 2582 1358 2606 ‘noctes
1367 2586 1430 2616 quae
1439 2577 1534 2606 coiere

865 2626 968 2667 duaa]
1009 2625 1206 2666 Legendum,
1231 2631 1330 2656 noctes
1358 2627 1408 2656 cni
1437 2626 1532 2656 coiere

865 2678 943 2707 duae.
989 2674 1152 2705 Alcmenae
1175 2679 1207 2704 et
1229 2673 1318 2706 Jovis
1341 2683 1462 2704 amores
1485 2672 1533 2704 in-

866 2725 945 2762 nuit,
955 2734 1147 2766 quamquam
1160 2723 1214 2755 alii
1226 2729 1289 2755 tres
1304 2728 1412 2755 noctes
1422 2722 1532 2755 coiisse
