1760 3172
372 172 464 213 EX
497 158 708 213 PONT'o
742 172 861 213 LIB.
896 172 959 213 11.
993 173 1183 214 EPIST.
1216 173 1272 215 v.

1428 174 1512 214 417

133 286 440 350 Ingenioque
465 303 593 342 meo,
620 303 744 334 vena
769 287 903 350 quod
928 304 1146 351 paupere
1172 297 1353 344 manat,

197 355 496 424 Plaudis‚fet
520 381 546 412 e
571 365 671 411 rivo
696 365 900 412 flumina
923 381 1104 428 magna
1127 366 1264 413 facis.

130 440 286 488 Grata
310 430 511 505 quidem
537 450 653 489 sunt
676 443 780 489 haec
807 443 969 490 animo
995 442 1227 505 suffragia
1252 451 1436 497 nostro,

194 517 293 565 Vix
318 519 412 565 sibi
438 535 592 582 quum
616 519 820 567 miseros
846 536 992 583 posse
1018 520 1214 583 placere
1240 527 1402 583 putes,

131 595 265 642 Dum
289 602 455 643 tamen
474 596 524 642 in
548 597 695 644 rebus
717 604 967 643 tentamus
987 597 1206 658 carmina
1229 597 1408 660 parvis,
1449 599 1511 642 25

196 671 421 720 Materiae
445 674 612 735 gracili
640 674 820 720 sufficit
844 674 1126 736 ingenium:

132 749 306 813 Nuper
328 757 383 797 ut
406 751 502 798 huc
528 751 693 813 magni
719 752 944 814 pervenit
968 751 1099 799 fama
1123 751 1377 815 triumphi,

196 826 362 874 Ausus
387 844 497 874 sum
521 834 670 874 tantae
696 844 890 875 sumere
915 828 1058 875 molis
1084 845 1225 892 opuS.

130 904 312 951 Obruit
337 904 604 952 audentem
629 921 791 952 rerum
817 906 1132 969 gravitasque
1158 905 1415 967 nitorque;

197 981 305 1029 Nec
331 982 469 1046 potui
495 983 643 1046 coepti
672 983 893 1046 pondera
916 982 1040 1030 ferre
1066 983 1179 1029 mei.
1451 983 1514 1025 30

131 1058 256 1114 Illic,
284 1075 434 1122 quam
459 1060 648 1115 laudeS‚
676 1060 767 1106 erit
791 1060 1009 1107 officiosa
1031 1060 1288 1106 voluntas:

198 1136 395 1184 Caetera
418 1136 624 1183 materia
648 1136 907 1184 debilitata
925 1137 1110 1200 jacent.

131 1213 276 1268 Quod
302 1214 341 1260 si
366 1213 490 1261 forte
514 1215 639 1262 liber
663 1221 852 1261 vestras
878 1213 1102 1278 pervenit
1128 1213 1191 1260 ad
1217 1228 1376 1266 aureS‚

196 1290 426 1339 Tutelam
451 1292 631 1339 mando
657 1292 839 1339 sentiat
864 1292 945 1339 ille
970 1299 1123 1339 tuam.

131 1367 241 1416 Hoc
267 1368 358 1416 tibi
382 1368 588 1424 facturo,
616 1370 693 1416 vel
720 1369 759 1415 si
787 1385 884 1416 non
907 1369 1014 1432 ipse
1039 1383 1279 1430 rogarem,
1452 1368 1513 1411 35

196 1445 422 1494 Accedat
445 1448 673 1494 cumulus
700 1447 858 1511 gratia
882 1454 1050 1493 nostra
1073 1445 1211 1492 levis.

133 1522 248 1570 Non
273 1539 365 1586 ego
390 1524 684 1579 laudandus,
713 1524 801 1571 sed
828 1531 942 1570 sunt
966 1531 1052 1570 tua
1076 1528 1280 1586 pectora
1305 1521 1450 1574 lacte,

199 1600 265 1648 Et
288 1617 387 1648 non
411 1602 603 1649 calcata
627 1602 913 1650 candidiora
938 1602 1047 1648 nive
1071 1618 1079 1647 :

128 1743 238 1775 laudat
252 1750 341 1776 notas
355 1744 395 1776 ad
411 1745 534 1776 Petron.
547 1758 574 1778 c.
591 1748 620 1777 4.
666 1747 697 1778 Si
714 1747 788 1789 quid

130 1794 315 1824 mutandum
329 1794 397 1830 erit,
414 1795 497 1836 quod
511 1795 562 1825 vix
578 1801 665 1838 puto,
682 1796 790 1827 luben-

131 1843 192 1874 tius
207 1844 375 1886 reciperem
389 1848 516 1882 strictos,
531 1845 565 1875 h.
576 1856 593 1876 e
609 1852 728 1881 tenues,
745 1847 791 1877 uti

132 1903 150 1923 a
172 1893 358 1934 quibusdam
380 1894 453 1935 legi,
469 1901 555 1925 notat
571 1895 791 1926 Bersmannus.

132 1944 280 1974 HARLES.

173 1994 225 2024 22.
248 1993 404 2034 Fraudis]
432 1993 619 2025 Gratularis.
666 1993 692 2023 Ε
720 1997 791 2024 rivo.

133 2042 179 2072 Ex
195 2052 292 2084 parva
305 2042 437 2084 poeticae
454 2043 614 2074 facultate.

174 2092 226 2121 24.
254 2091 308 2122 Vix
329 2093 383 2122 sibi
398 2104 487 2132 quum
509 2093 652 2133 miseros]
679 2093 794 2123 Sensus

132 2146 196 2172 est:
221 2146 308 2181 grata
332 2147 404 2172 sunt
428 2147 459 2172 et
484 2142 557 2173 laeta
576 2153 645 2184 quae
667 2153 721 2184 pro
743 2154 791 2173 me

133 2189 226 2220 facis:
252 2189 395 2230 quamvis
418 2190 471 2221 vix
497 2191 646 2222 credibile
671 2191 720 2227 sit,
735 2191 791 2221 mi-

132 2249 234 2270 serum
250 2249 406 2280 quemque
421 2251 509 2282 posse
522 2240 587 2271 ulla
598 2251 630 2272 re
643 2241 791 2282 gaudere,

132 2296 164 2320 et
188 2288 234 2318 illi
264 2299 333 2319 eam
352 2289 489 2331 placere.
534 2290 595 2321 Vel
618 2290 675 2321 hoc
697 2290 789 2321 dicit:

131 2342 254 2378 gratum
269 2343 317 2368 est
330 2347 349 2368 a
362 2344 393 2369 te
405 2338 527 2380 probari
539 2349 664 2369 carmen
676 2349 791 2375 meum,

133 2387 216 2428 quod
227 2391 281 2418 tuo
289 2386 409 2428 judicio
421 2387 540 2429 aliquid
551 2398 618 2419 esse
631 2388 790 2419 existimo:

132 2446 204 2467 nam
227 2446 296 2466 meo
314 2435 435 2477 judicio
458 2436 535 2466 nihil
556 2442 603 2467 est
621 2437 704 2478 quod
725 2447 792 2468 cre-

134 2485 218 2515 dam.
263 2484 325 2517 Vix
348 2486 430 2516 enim
452 2486 484 2516 in
502 2485 560 2516 hac
576 2485 699 2517 miseria
718 2486 793 2516 mihi

133 2533 191 2576 ipsi
207 2534 329 2576 placeo,
344 2534 459 2565 nedum
475 2535 614 2566 carmina
628 2545 706 2566 mea.

175 2584 228 2615 29.
246 2584 445 2624 Gravitasque
458 2585 622 2624 nitorque]
650 2584 793 2614 Gravitas

134 2633 173 2664 ad
189 2644 290 2664 rerum
306 2633 564 2675 magnitudinem,
577 2637 654 2664 nitor
669 2644 738 2664 vero
755 2633 792 2663 ad

133 2682 396 2724 pulchritudinem
413 2689 442 2713 et
460 2683 649 2714 nobilitatem
671 2682 792 2713 illarum

134 2731 274 2762 refertur.

179 2781 275 2812 VOL.
300 2782 344 2812 ΙΙ.

901 1748 953 1778 30.
982 1747 1055 1782 Nec,
1081 1745 1156 1785 δια]
1189 1745 1258 1774 Nec
1278 1741 1365 1784 potui
1394 1750 1517 1781 aequare

859 1807 948 1827 versu
963 1806 1032 1825 meo
1056 1804 1155 1825 rerum
1171 1790 1427 1834 magnitudinem,
1444 1789 1519 1830 quia

859 1856 918 1876 non
952 1842 1161 1885 respondebat
1190 1851 1315 1872 carmen
1340 1849 1443 1869 meum
1472 1848 1519 1867 re-

858 1895 917 1925 bus
946 1892 1050 1934 gestis,
1078 1902 1147 1933 quae
1177 1896 1266 1931 erant
1293 1889 1423 1930 majores
1451 1897 1520 1917 meo

859 1955 959 1974 versu.

903 1994 954 2024 31.
979 1992 1064 2026 Illic,
1085 2002 1170 2031 quam
1188 1988 1318 2028 laudes.]
1344 1988 1381 2017 In
1404 1986 1519 2017 descri-

860 2043 962 2073 bendo
993 2048 1097 2071 tamen
1134 2038 1312 2081 hujusmodi
1350 2036 1517 2077 triumpho,

860 2091 1002 2133 quamvis
1025 2100 1086 2120 non
1108 2089 1151 2119 ita
1165 2088 1325 2129 eleganter
1341 2084 1383 2116 rei
1399 2084 1518 2125 magni-

858 2140 999 2171 tudinem
1040 2138 1208 2169 adsecutus
1245 2136 1296 2171 sit,
1327 2134 1519 2165 laudandam

860 2196 965 2221 tamen
988 2199 1053 2219 esse
1083 2188 1159 2219 dicit
1184 2186 1376 2217 voluntatem
1404 2183 1519 2214 officio-

860 2251 937 2271 sam.

903 2290 954 2320 33.
979 2289 1081 2323 Liber,
1099 2287 1174 2327 &c.]
1200 2287 1333 2317 Carmen
1357 2293 1459 2314 meum
1480 2282 1519 2313 de

860 2338 1015 2380 triumpho
1031 2335 1222 2368 Germanici.

904 2388 955 2418 37.
974 2387 1040 2417 Non
1058 2397 1109 2426 ego
1124 2382 1325 2423 laudandus]
1353 2383 1465 2416 Docet,
1482 2391 1519 2411 ne

861 2437 1002 2467 videatur
1017 2445 1172 2475 arrogans,
1188 2432 1330 2463 libellum
1349 2441 1439 2461 suum
1460 2440 1521 2460 non

861 2496 926 2516 esse
950 2483 1044 2515 laude
1067 2483 1214 2523 dignum:
1242 2480 1296 2512 sed
1319 2479 1344 2510 si
1368 2489 1431 2520 qua
1451 2478 1520 2509 laus

862 2534 1027 2566 accesserit
1049 2531 1224 2574 hujusmodi
1247 2529 1342 2572 operi,
1358 2528 1389 2558 id
1405 2527 1519 2558 adscri-

860 2583 997 2615 bendum
1014 2592 1081 2612 esse
1096 2579 1224 2612 candori
1241 2587 1272 2609 et
1284 2576 1409 2619 ingenio
1424 2577 1520 2618 ipsius

861 2631 978 2663 Salani.
1027 2629 1270 2660 Barberinianus
1284 2627 1332 2657 hic
1347 2636 1457 2656 novam
1474 2624 1519 2655 fa-

862 2681 902 2711 cit
933 2679 1076 2721 elegiam,
1109 2688 1178 2719 quae
1201 2677 1364 2707 videbatui·
1392 2673 1519 2704 Heinsio

862 2731 976 2770 scripta
992 2728 1031 2758 ad
1048 2727 1291 2757 Albinovanum.

992 2777 1016 2806 E
1035 2788 1046 2806 1⁴
