1760 3172
219 171 305 212 266
524 170 573 211 P.
609 169 821 212 OVIDII
857 171 1151 220 NASONIS,
1186 172 1316 214 ETC.

222 285 414 350 AEquus
440 287 536 334 erit
562 286 780 350 scriptis,
809 304 1020 349 quorum
1048 289 1333 350 cognoverit
1358 305 1466 335 esse

288 363 535 411 Exsilium
562 361 1190 427 tempu&barbariemque
1216 365 1377 411 locum
1399 383 1409 418 ;
1555 367 1618 410 30

222 440 384 503 lnque
409 447 483 488 tot
507 441 727 488 adversis
755 456 957 487 carmen
985 441 1244 488 mirabitur
1265 442 1420 487 ullum

288 518 486 566 Ducere
513 535 591 566 me
617 518 745 565 tristi
773 517 1074 565 sustinuisse
1100 534 1265 565 nanu.

220 596 485 658 Ingenium
511 596 702 658 fregere
730 611 897 642 meum
923 595 1055 642 mala
1068 535 1267 657 scujus
1292 603 1342 642 et
1367 602 1482 642 ante

287 673 419 720 Fons
447 672 762 719 infoecundus
788 670 1196 735 parvaque'vena
1219 672 1327 719 fuit.

221 750 322 798 Sed
348 766 683 813 quaecumque
710 748 818 805 fuit,
847 749 984 795 nullo
1011 757 1278 798 exercente
1306 750 1501 812 refugit,
1554 753 1616 796 :35

286 826 353 874 Et
377 828 526 890 longo
551 827 698 891 periit
723 827 860 874 arida
885 826 1017 874 facta
1043 828 1159 874 situ.

218 903 334 952 Non
359 904 438 951 hic
463 905 716 960 librorum,
745 920 834 967 per
860 921 986 967 quos
1013 905 1192 952 inviter
1217 905 1438 967 alarque,

287 970 503 1049 Copias
519 997 607 1044 pro
633 981 770 1027 libris
797 997 942 1028 arcus
969 989 1020 1028 et
1045 997 1182 1028 arma
1208 989 1413 1029 sonant:

220 1059 401 1106 Nullus
427 1059 476 1105 i'n
502 1059 594 1106 hac
621 1066 768 1113 terra,
797 1059 1001 1106 recitem
1029 1059 1069 1105 si
1096 1060 1335 1114 carmina,
1363 1059 1506 1120 cujus

285 1136 622 1183 Intellecturis
649 1136 851 1182 auribus
878 1143 1004 1191 utar,
1033 1136 1179 1183 adest
1203 1153 1211 1183 :
1554 1138 1618 1180 40

219 1212 345 1269 Nec,
373 1229 471 1276 quo
497 1212 747 1268 secedam,
775 1213 914 1259 locus
941 1209 1044 1268 est;
1075 1212 1317 1259 ‘custodia
1341 1211 1466 1258 muri

286 1290 562 1337 Submovet
586 1289 809 1345 infestos,
837 1290 1111 1353 clausaque
1136 1297 1295 1353 porta,
1325 1289 1502 1336 Getas,

220 1367 370 1431 Saepe
381 1367 582 1430 aliquod
591 1367 798 1414 verbum
810 1382 995 1429 quaero,
1009 1383 1310 1430 nomenque,
1323 1367 1589 1430 locumque
1602 1385 1612 1423 ;

285 1444 395 1492 Nec
422 1444 690 1507 quisquam
715 1450 807 1499 est,
836 1459 866 1490 a
890 1459 991 1506 quo
1016 1444 1197 1491 certior
1223 1459 1334 1490 esse
1362 1459 1560 1506 queam.

219 1522 400 1569 Dicere
425 1538 560 1585 saepe
583 1521 772 1585 aliquid
798 1521 1017 1577 conanti,
1045 1529 1190 1585 turpe
1216 1520 1377 1575 fateri,
1552 1524 1616 1568 45

283 1599 452 1647 Verba
474 1598 594 1646 mihi
621 1599 835 1655 desunt;
877 1598 1198 1661 dedidicique
1224 1598 1378 1661 loqui.

217 1677 448 1724 Threicio
478 1676 823 1740 Scythicoque
848 1675 951 1724 fere
977 1676 1315 1723 circumsonor
1341 1692 1452 1729 ore;

286 1754 352 1801 Et
374 1754 546 1801 videor
571 1753 768 1801 Geticis
795 1754 1013 1801 scribere
1040 1769 1189 1817 posse
1212 1752 1389 1800 modis.

217 1831 381 1880 Crede
406 1830 554 1887 mihi;
594 1831 762 1885 timeo,
790 1847 853 1878 ne
879 1830 979 1877 sint
1000 1830 1217 1877 immista
1244 1830 1454 1885 Latinis,

282 1907 444 1971 Inque
470 1907 593 1954 meis
621 1907 818 1970 scriptis
846 1906 1060 1953 Pontica
1085 1907 1236 1953 verba
1262 1907 1418 1968 legas.
1551 1910 1615 1954 50

215 1985 646 2046 Qualemcumque
672 1983 822 2046 igitur
846 1984 989 2031 venia
1013 1983 1219 2046 dignare
1245 1983 1490 2039 libellum,

286 2061 446 2109 Sortis
466 2068 521 2130 et
545 2077 735 2108 excusa
760 2061 1045 2108 conditione
1071 2077 1211 2108 meae.

260 2205 312 2236 37.
336 2205 368 2235 Si
384 2204 541 2246 rescripsit
561 2204 684 2235 Ciofan.
733 2206 790 2234 Cui
806 2205 881 2235 edit.
951 2215 1006 2247 pra.
1021 2205 1063 2235 iii.
1080 2205 1109 2235 7.
1126 2205 1178 2236 23.
1194 2216 1263 2246 sqq.
1285 2211 1314 2235 et
1339 2204 1419 2234 infra
1436 2203 1476 2233 iv.
1496 2204 1544 2233 10.
1563 2205 1615 2234 43.

217 2260 279 2285 vet.
294 2260 336 2291 et,
352 2260 388 2285 ut
399 2254 442 2285 ait
456 2255 564 2284 Burm.
577 2265 684 2284 omncs
701 2254 763 2284 scre
776 2254 882 2295 scripti
950 2266 1019 2295 sqq.
1068 2254 1215 2284 Himffis.

217 2310 249 2334 et
271 2303 348 2334 editi
374 2303 536 2334 nonnulli:
563 2304 650 2345 atqui
674 2305 724 2334 cui
749 2303 829 2334 bene
849 2313 881 2333 se
995 2305 1046 2335 43.
1071 2304 1150 2343 Soepe
1168 2305 1290 2344 aliquod
1312 2303 1457 2343 verbum]
1485 2301 1544 2333 Hic
1560 2301 1614 2332 de-

217 2352 323 2389 habet,
343 2358 378 2383 ut
401 2352 471 2383 libr.
492 2352 533 2383 iv.
555 2354 579 2383 l.
596 2354 647 2383 89.
696 2354 743 2383 De
770 2352 881 2382 recita·
951 2364 1011 2383 nuo
1021 2353 1135 2384 sciolus
1147 2352 1259 2393 aliquis
1270 2353 1443 2394 importune
1456 2356 1615 2393 grassatus

217 2402 353 2433 tionibus
373 2407 513 2433 veterum
538 2402 673 2444 publicis
698 2408 729 2432 et
752 2402 882 2444 privatis
950 2409 1009 2433 est.
1056 2401 1203 2443 Sequitur
1223 2401 1305 2432 enini
1329 2412 1412 2439 mox,
1433 2401 1524 2432 Verba
1543 2401 1614 2430 mihi

217 2462 263 2482 res
291 2458 365 2482 nota
393 2457 451 2487 est,
482 2452 530 2481 vel
561 2462 597 2481 ex
631 2450 725 2481 Plinii
749 2449 881 2491 junioris
950 2453 1066 2482 (lemni.
1114 2451 1229 2481 Hfflxs.

217 2500 357 2543 epistolis
372 2501 392 2533 i.
408 2504 438 2533 5.
456 2502 485 2531 4.
502 2500 521 2531 i.
544 2502 590 2531 13.
615 2503 638 2531 l.
656 2502 714 2532 dc.
731 2500 812 2531 conf.
829 2511 878 2531 su—
