1760 3172
222 178 306 218 452

614 178 662 218 Ρ.
699 177 911 219 OVIDII
947 177 1226 219 NASONIS

226 292 335 340 Hac
362 308 454 354 ego
480 309 588 339 sum
614 299 759 348 terra,
788 293 958 356 patriae
982 309 1072 340 nec
1100 293 1322 356 poenitet,
1348 301 1502 340 ortus.

294 369 591 416 Consortem
617 369 796 415 Phoebi
823 386 945 430 gens
971 370 1090 416 colit
1115 370 1198 416 illa
1222 370 1397 417 Deam.

225 446 434 509 Templa
459 453 661 493 manent
686 445 833 492 hodie
860 446 1010 492 vastis
1036 446 1208 493 innixa
1232 446 1504 502 columnis;

292 524 492 586 Perque
518 531 694 586 quater
719 524 873 570 denos
902 524 997 569 itur
1023 523 1071 569 in
1098 524 1180 570 illa
1205 524 1401 585 gradus.
1550 525 1614 568 50

229 601 381 647 Fama
405 600 567 656 refert,
597 600 694 646 illic
723 601 917 662 signum
944 601 1146 647 coeleste
1172 600 1353 647 fuisse:

294 677 507 740 Quoque
533 677 694 723 minus
721 677 935 730 dubites,
964 684 1063 722 stat
1088 677 1220 723 basis
1247 678 1366 723 orba
1392 677 1517 723 Dea.

224 754 442 817 Araque,
470 771 581 817 quae
606 754 766 801 fuerat
792 761 968 801 natura
992 755 1205 801 candida
1229 754 1354 810 saxi,

294 832 510 879 Decolor
535 831 709 878 adfuso
736 831 891 877 tincta
917 847 1089 878 cruore
1116 832 1276 878 rubet.

226 908 432 956 Femina
458 924 597 955 sacra
622 907 754 963 facit,
782 908 925 954 taedae
952 924 1048 954 non
1076 916 1191 955 nota
1209 908 1387 971 jugali,
1550 911 1612 954 55

294 985 419 1040 Quae
446 992 647 1049 superat
669 985 932 1048 Scythicas
958 985 1217 1032 nobilitate
1242 1002 1411 1032 nurus.

229 1063 450 1110 Sacrifici
471 1079 627 1125 genus
654 1070 744 1119 est,
773 1064 843 1109 sic
870 1062 1126 1109 instituere
1152 1063 1357 1126 priores,

292 1140 501 1187 Advena
524 1140 742 1202 virgineo
768 1157 926 1187 caesus
953 1148 1008 1197 ut
1031 1156 1149 1187 ense
1175 1140 1337 1186 cadat.

230 1217 407 1279 Regna
431 1217 595 1264 Thoas
621 1217 808 1272 habuit,
839 1216 1078 1264 Maeotide
1104 1218 1266 1264 clarus
1293 1217 1341 1263 in
1367 1233 1477 1264 ora:

295 1294 403 1341 Nec
430 1294 522 1341 fuit
549 1293 758 1340 Euxinis
785 1293 945 1341 notior
970 1295 1093 1341 alter
1119 1294 1280 1356 aquis.

1551 1296 1616 1340 60

230 1373 442 1436 Sceptra
466 1379 669 1420 tenente
694 1372 793 1428 illo,
821 1372 1036 1434 liquidas
1062 1371 1240 1419 fecisse
1266 1387 1354 1435 per
1379 1387 1522 1418 auras

296 1449 482 1497 Nescio
508 1465 656 1512 quam
682 1448 855 1496 dicunt
882 1448 1176 1512 Iphigenian
1202 1449 1323 1505 iter3

231 1515 391 1570 Quam
418 1516 607 1563 levibus
623 1516 783 1562 ventis
810 1516 901 1562 sub
928 1516 1059 1562 nube
1085 1532 1173 1579 per
1198 1531 1399 1579 aequora
1422 1522 1615 1563 vectam

297 1593 529 1642 Creditur
554 1593 629 1642 his
657 1593 849 1641 Phoebe
874 1593 1165 1657 deposuisse
1191 1593 1331 1640 locis.

229 1748 386 1780 Carcinite
408 1748 527 1791 incipit,
549 1750 706 1791 quondam
729 1750 806 1781 mari
831 1750 888 1781 cir-

228 1798 370 1828 cumfusa
385 1804 417 1829 et
436 1798 516 1840 ipsa,
533 1809 658 1840 quaque
683 1810 765 1830 nunc
781 1800 891 1841 jacent

229 1847 344 1889 campi,
363 1847 477 1877 deinde
493 1847 590 1878 vastis
604 1847 764 1878 adtollitur
774 1848 868 1890 jugis.

272 1897 326 1926 48.
345 1896 515 1926 Com-ortem
531 1896 644 1932 Phoebi,
657 1897 732 1937 &c.]
750 1897 890 1928 Sororem

232 1944 357 1981 Phoebi,
374 1944 524 1976 Dianam.

271 1994 322 2025 50.
334 1995 395 2024 Per
402 1995 744 2036 quaterdenosgrarlus.]
756 1996 815 2026 Per
821 2006 891 2037 gra-

228 2043 287 2074 dus
296 2043 517 2085 quadraginta.
542 2044 589 2074 Ex
599 2055 660 2085 quo
667 2044 773 2087 templi
785 2045 890 2076 altitu-

228 2092 333 2123 dinem
346 2098 377 2124 et
389 2093 654 2134 magnificentiam
667 2093 868 2125 demonstrat.

271 2143 323 2173 51.
340 2142 467 2183 Signum
480 2142 621 2183 σιτία-ηε]
640 2143 753 2173 Statua
765 2143 889 2174 Dianae.

272 2192 326 2222 52.
349 2191 416 2221 Stat
434 2192 508 2221 basis
526 2193 596 2222 orba
612 2192 706 2232 Dea.]
735 2192 825 2222 Basis
842 2204 887 2224 re-

229 2247 291 2271 stat
319 2239 397 2275 sola,
429 2240 540 2270 orbata
568 2240 733 2272 simulacro
764 2241 889 2279 Dianae,

229 2289 313 2331 quod
342 2289 473 2320 abstulit
502 2290 629 2321 Orestes
666 2289 789 2332 fugiens
818 2302 890 2322 cum

228 2337 405 2381 Iphigenia,
437 2344 468 2370 et
503 2338 643 2370 Ariciam
680 2341 827 2382 portavit,
856 2347 890 2372 ut

228 2387 353 2419 Servius
368 2387 469 2419 docet.

272 2438 324 2467 53.
342 2436 465 2467 Natura
480 2437 570 2477 saul]
598 2438 624 2467 E
644 2447 804 2469 marmore.

272 2486 324 2516 54.
342 2486 500 2526 Βεεοίον.]
521 2486 657 2516 Discolor
672 2486 804 2517 Putean.

273 2536 325 2565 55.
337 2534 423 2565 Tttda
440 2546 497 2565 non
509 2536 719 2577 notajugali]
737 2537 889 2574 Praestat3

229 2590 264 2616 ut
285 2590 371 2614 uatus
397 2591 473 2621 arte,
501 2586 696 2624 improbitate,
721 2590 752 2615 et
775 2585 890 2616 similia

229 2633 395 2664 dicuntur:
422 2633 479 2663 nisi
497 2635 704 2675 tcrdoejugalis
720 2634 789 2676 quis
802 2634 887 2669 velit,

231 2688 264 2713 ut
281 2683 437 2718 Horatius,
454 2682 516 2713 Od.
531 2683 576 2714 ΙΙ.
593 2683 656 2713 xxi.
672 2684 692 2713 6
707 2696 713 2713 z

361 2732 459 2763 Notus
472 2735 592 2772 paterni
607 2734 714 2763 animi.

960 1750 1069 1780 Posset
1083 1754 1114 1780 et
1132 1755 1199 1779 nota
1216 1748 1256 1779 ad
1273 1759 1357 1778 sacra
1376 1747 1491 1784 referri,
1507 1753 1541 1778 ut
1555 1749 1619 1779 sint

956 1810 1056 1835 sacra,
1077 1799 1117 1829 ad
1140 1809 1209 1840 quae
1232 1797 1303 1829 solis
1320 1797 1491 1839 virginibus
1513 1797 1618 1829 aditus

957 1849 1006 1884 sit,
1018 1855 1047 1879 et
1063 1848 1133 1879 ideo
1149 1848 1254 1889 ignota
1271 1847 1360 1877 taedae
1374 1846 1472 1888 jugali
1487 1859 1494 1885 3
1511 1847 1541 1877 id
1558 1854 1618 1884 est,

958 1897 1080 1929 feminis
1103 1896 1226 1939 nuptis:
1254 1896 1336 1937 quod
1360 1896 1470 1938 probat
1484 1907 1547 1927 ver.
1564 1899 1618 1928 58.

959 1948 1078 1977 Eunu.

1001 1997 1054 2028 56.
1082 1996 1155 2030 Quae
1180 2002 1300 2036 superat
1328 1995 1509 2035 nobilitata]
1537 1997 1617 2033 Quae

957 2052 1003 2077 est
1023 2045 1152 2076 nobilior
1172 2055 1295 2086 genere.
1333 2044 1519 2085 Hujusmodi
1534 2045 1616 2076 enim

957 2094 1131 2135 eligebatur
1146 2093 1258 2124 Dianae
1278 2092 1422 2124 sacerdos
1438 2092 1469 2123 in
1483 2093 1618 2126 Taurica

958 2142 1096 2184 regione.

1001 2192 1053 2221 58.
1074 2191 1151 2221 Ense
1176 2190 1337 2232 virgineo]
1367 2190 1476 2221 Cultro
1492 2190 1619 2233 virginis

957 2239 1136 2271 sacerdotis.

1001 2290 1053 2319 59.
1071 2289 1192 2329 Thoas]
1212 2287 1275 2318 Adi
1290 2288 1400 2330 Eurip.
1412 2288 1474 2320 fab.
1489 2291 1538 2321 10.

1004 2338 1117 2368 Cursus
1134 2336 1354 2378 Thoantifecit
1373 2338 1424 2368 hoc
1446 2350 1548 2370 nomen
1564 2351 1616 2380 pe-

1045 2388 1127 2417 (lum.

1002 2436 1054 2466 61.
1072 2437 1132 2467 Per
1149 2438 1276 2477 liquidas
1291 2436 1410 2476 auras]
1431 2438 1492 2468 Per
1506 2449 1617 2480 purum

959 2495 1039 2516 aera.
1077 2486 1162 2516 Nota
1179 2492 1224 2517 est
1244 2485 1360 2521 fabula,
1378 2493 1515 2527 ereptam
1532 2488 1617 2530 Iphi-

958 2535 1081 2574 geniam
1113 2536 1225 2566 Dianae
1255 2535 1512 2575 sacrificandain3
1541 2543 1572 2567 et
1599 2549 1618 2569 a

959 2585 1030 2614 Dea
1054 2584 1190 2616 delatam
1216 2596 1270 2626 per
1297 2595 1369 2616 aera
1396 2585 1427 2616 in
1451 2586 1616 2618 Tauricam

957 2633 1124 2673 regionem,
1146 2644 1332 2675 «servamque
1359 2645 1414 2676 pro
1438 2646 1475 2666 ea
1501 2637 1615 2678 subpo-

956 2682 1059 2718 situm,
1076 2690 1109 2713 ut
1124 2683 1248 2714 Servius
1263 2684 1363 2714 docet.

1000 2733 1051 2762 64.
1071 2732 1202 2773 Phoebe.]
1229 2733 1344 2764 Diana.
