1760 3172
397 177 583 219 ARTIS
618 176 973 218 AMATORIAE
1006 177 1124 218 LIB.
1159 178 1222 219 II.
1454 181 1509 220 31

123 294 224 341 Sed
248 294 378 341 bene
402 292 698 340 concubitus
724 293 909 355 primos
934 293 1097 339 celare
1122 293 1364 340 solebant.

187 370 345 418 Plena
363 369 628 417 verecundi
653 369 802 432 culpa
824 369 1028 432 pudoris
1052 376 1172 416 erat.

121 447 314 494 Indicio
343 445 472 493 Solis
495 445 632 508 (quis
661 445 829 492 Solem
854 444 1022 492 fallere
1048 446 1207 508 possit
1222 446 1265 507 ἲ)

186 524 402 587 Cognita
425 523 651 570 Vulcano
676 523 901 585 conjugis
928 529 1040 569 acta
1064 538 1184 569 suae.
1410 527 1505 571 574

119 601 281 656 Quam
305 601 451 656 mala,
481 600 583 655 Sol,
607 599 841 662 exempla
864 599 1061 657 moves?
1095 605 1211 661 pete
1237 615 1416 646 munus
1443 602 1505 648 ab

185 677 251 725 Et
269 677 375 732 tibi,
399 677 439 723 si
464 683 649 731 taceas,
673 676 808 738 quod
828 676 946 722 dare
971 675 1146 738 possit,
1168 676 1335 723 habet.
1365 677 1498 739 [illim

119 754 367 802 Mulciber
391 754 628 801 obscuros
654 753 839 799 lectum
861 752 1094 814 circaque
1121 769 1371 816 superque

183 831 420 895 Disponit
442 830 648 892 laqueos
668 846 677 876 :
717 829 904 875 lumina
928 828 1054 875 fallit
1078 845 1221 892 opus.

118 909 283 972 Fingit
305 909 397 956 iter
422 907 674 955 Lemnon:
713 906 916 953 veniunt
940 906 1002 952 ad
1027 905 1187 952 foedus
1214 914 1465 954 amantes:

182 985 418 1050 Impliciti
442 984 635 1048 laqueis
662 983 824 1029 nudus
850 989 1060 1045 uterque
1075 984 1261 1045 jacent.
1407 987 1503 1031 580

118 1063 375 1110 Convocat
399 1062 480 1109 ille
508 1062 660 1108 Deos.
700 1060 926 1124 praebent
951 1061 1240 1123 spectacula
1263 1061 1412 1124 capti.

182 1139 281 1187 Vix
304 1140 533 1187 lacrimas
559 1138 806 1186 Venerem
831 1137 1136 1185 continuisse
1162 1145 1356 1201 putant.

116 1216 231 1264 Non
255 1217 418 1264 vultus
444 1216 630 1264 texisse
656 1232 788 1271 suOS,
816 1231 914 1262 non
939 1215 1157 1278 denique
1182 1224 1393 1279 possunt

179 1294 413 1342 Partibus
437 1294 685 1341 obscoenis
710 1293 1005 1356 opposuisse
1031 1309 1225 1340 manus.

113 1371 209 1419 Hic
235 1372 415 1435 aliquis
440 1371 622 1426 ridens,
650 1369 710 1416 In
735 1385 831 1424 me,
859 1369 1125 1416 fortissime
1147 1369 1365 1426 Mavors,
1405 1374 1501 1419 585

181 1449 235 1495 Si
259 1447 350 1496 tibi
376 1454 491 1495 sunt
515 1448 666 1503 oneri,
693 1447 891 1494 vincula
914 1446 1140 1503 transfer,
1169 1447 1253 1494 ait.

111 1525 210 1572 Vix
233 1525 482 1589 precibus,
512 1524 765 1589 Neptune,
792 1524 890 1571 tuis
916 1525 1113 1587 captiva
1137 1524 1340 1571 resolvit

180 1602 417 1666 Corpora.
457 1600 595 1649 Mars
621 1600 849 1648 Threcen
874 1607 1119 1665 occupat3
1161 1601 1245 1647 illa
1269 1600 1497 1664 Paphon.

113 1678 224 1727 Hoc
242 1679 332 1727 tibi
356 1679 649 1744 profectum,
662 1678 887 1726 Vulcane
906 1696 915 1725 :
957 1678 1092 1741 quod
1112 1684 1226 1725 ante
1244 1679 1498 1741 tegebant,

180 1755 404 1804 Liberius
429 1756 631 1812 faciunt,
659 1763 714 1803 ut
738 1756 899 1820 pudor
924 1756 1083 1802 omnis
1110 1756 1269 1803 abest.
1405 1759 1502 1803 590

152 1928 226 1958 585.
250 1926 311 1958 Hic
334 1927 443 1967 aliquis
464 1928 575 1963 ridens,
592 1928 624 1957 in
646 1927 767 1968 mesor·
878 1925 946 1957 Τόν
976 1925 1000 1956 δ’
1028 1926 1169 1966 ἠμείβετ’
1197 1927 1308 1958 ἔπειτα
1336 1926 1501 1970 διάκτορος

109 1977 216 2007 tissime
232 1975 365 2012 Mavors,
383 1975 416 2005 Si
431 1977 484 2006 tibi
499 1982 569 2006 sunt
591 1978 686 2011 oneri,
703 1978 767 2006 virz-
921 1974 1164 2017 Ἀργειφόντης.

104 2026 179 2056 cula
193 2024 338 2066 transfer,
357 2024 433 2065 airu]
451 2024 591 2055 Imitatio
600 2024 768 2056 Homerica
879 2024 920 2055 Αἲ
935 2026 996 2066 γὰρ
1015 2026 1113 2056 τοῦτο
1130 2024 1256 2066 γένοιτο
1279 2026 1366 2061 ἅναξ
1388 2026 1501 2066 ἑκατη-

107 2079 165 2105 est.
209 2074 294 2105 Nam
317 2074 401 2116 apud
422 2074 592 2105 Homerum
613 2074 712 2116 Odys.
727 2080 765 2107 θ.
920 2073 992 2113 βόλ’
1011 2072 1198 2110 Ἀπολλον,

108 2124 182 2154 334.
225 2123 403 2154 Mercurius
424 2123 484 2154 hoc
506 2129 599 2165 pacto
621 2129 717 2166 optat,
735 2131 768 2155 ut
879 2124 996 2164 Δεσμοὶ
1019 2124 1079 2164 μὲν
1102 2124 1170 2165 τρὶς
1195 2124 1304 2155 τόσσοι
1329 2123 1501 2166 ἀπείρονες

108 2171 203 2203 liceat
221 2171 280 2203 sibi
303 2182 375 2203 cum
397 2172 523 2203 Venere
547 2174 765 2210 concumbere,
921 2171 1019 2213 ἀμφὶς
1034 2172 1150 2213 ἔχοιεν.

106 2221 188 2252 velle
210 2231 243 2251 se
258 2226 305 2252 ter
321 2221 450 2252 totidem
466 2220 592 2252 vincula
614 2223 690 2263 pati,
706 2223 766 2253 διο.
879 2220 979 2261 ιΥμεῖς
1005 2219 1030 2251 δ’
1053 2220 1221 2262 εἰσορόῳτε
1244 2222 1309 2253 Θεοὶ
1335 2223 1441 2254 πᾶσαί
1467 2235 1501 2255 τε

109 2270 227 2301 Versus
254 2269 347 2312 ipsos,
375 2269 521 2310 quoniam
554 2271 656 2302 festivi
685 2278 767 2308 sunt,
920 2268 1059 2300 Θὲαιναι·

108 2319 228 2361 placuit
242 2319 294 2350 hic
309 2319 480 2362 subjicere:
879 2318 990 2360 Αὐτὰρ
1018 2318 1103 2360 ἐγὼν
1129 2318 1247 2360 εὕδοιμι
1276 2321 1366 2361 παρὰ
1393 2324 1500 2363 χρυσῇ

150 2367 272 2410 Ἑρμῆν
281 2367 312 2399 δὲ
324 2367 517 2410 προσέειπεν
526 2370 611 2406 ἄναξ
621 2371 694 2407 Διὸς
703 2370 769 2407 υἱὸς
922 2365 1105 2408 Ἀφροδίτῃ·
1324 2369 1452 2399 M1cv1„

190 2416 382 2448 Ἀπόλλων.
880 2415 954 2446 589.
986 2416 1050 2447 Hoc
1078 2417 1131 2446 tibi
1158 2417 1296 2458 profecit,
1332 2417 1495 2459 Vulcane]

149 2464 279 2507 Ἑρμεία
302 2467 375 2504 Διὸς
400 2466 455 2503 υἱὲ,
482 2465 634 2509 διάκτορε,
667 2467 767 2510 δῶτορ
836 2462 966 2504 Regius,
981 2465 1124 2506 perfecto.
1149 2465 1244 2496 ceteri
1259 2465 1413 2507 plerique.
1428 2479 1497 2507 pro·
1526 2477 1543 2493 ο

193 2513 290 2551 ἐάων,
824 2512 922 2553 fecto.
958 2513 1495 2557 Lege,prqfectum.quomodojam-

141 2562 184 2594 ’Ἡ
201 2561 244 2603 ῥά
257 2575 312 2595 κεν
327 2563 361 2595 ἐν
376 2562 518 2606 δεσμοῖσι
537 2564 640 2602 θέλοις
655 2577 767 2606 ,epm-5-
834 2561 953 2593 dudum
969 2562 1099 2604 conjeci.
1124 2563 1206 2604 quod
1221 2562 1395 2595 Vaticanus
1418 2577 1498 2597 unus

191 2612 274 2651 ροῖσι
290 2612 429 2650 πιεσθεὶς
834 2610 1006 2642 confirmat.
1031 2612 1100 2642 Hoc
1113 2611 1281 2653 profecisti,
1293 2611 1404 2654 inquit,
1417 2615 1497 2646 Vul-

151 2652 275 2689 Εὕδειν,
305 2654 339 2686 ἐν
365 2654 520 2697 λέκτροισι
545 2658 635 2697 παρὰ
659 2658 767 2699 χρυσῇ
835 2669 922 2695 cane,
939 2666 974 2690 ut
999 2660 1126 2691 liberius
1152 2671 1233 2691 nunc
1256 2661 1384 2699 faciant,
1413 2672 1497 2705 post-

191 2701 373 2745 Ἀφροδίτῃ.
835 2718 928 2748 quam
944 2709 1044 2749 pudor
1058 2710 1166 2740 abesse
1179 2710 1290 2751 coepit,
1308 2712 1391 2752 quod
1407 2718 1493 2754 tege-
