1760 3172
347 191 439 233 EX
472 191 683 233 PONTO
715 191 835 233 LIB.
869 190 950 234 IV.
984 192 1177 234 EPIST.
1211 194 1266 235 V.

1414 196 1499 237 493

117 305 222 353 Aut
245 305 370 354 feret
392 306 622 369 Augusto
647 307 844 354 solitam
869 314 1087 371 natoque
1114 310 1341 366 salutem,

185 383 365 447 Deque
389 399 565 447 parum
585 390 701 431 noto
726 384 954 432 consulet
977 385 1154 433 officio.

117 459 336 525 Tempus
362 462 424 509 ab
449 461 526 509 his
551 477 762 509 vacuum
789 461 960 510 Caesar
982 463 1310 511 Germanicus
1337 481 1481 512 omne

183 537 418 586 Auferet:
459 554 488 586 a
511 538 703 601 magnis
728 539 860 586 hunc
886 540 1005 586 colit
1029 540 1112 587 ille
1140 540 1279 588 Deis.

1439 545 1502 589 26

119 614 288 670 Quum
310 622 480 664 tamen
505 633 534 664 a
556 617 703 664 turba
726 632 888 664 rerum
914 617 1212 680 requieverit
1235 619 1423 674 harum,

184 689 266 741 Ad
288 710 376 741 vos
401 700 685 742 mansuetas
710 695 930 758 porriget
954 686 1036 741 ille
1061 711 1266 753 manus;

117 769 353 834 Quidque
369 788 549 835 parens
565 788 657 834 ego
672 780 835 820 vester
851 788 1011 834 agam,
1030 771 1241 819 fortasse
1256 773 1501 835 requiret:

185 847 326 896 Talia
348 865 437 897 vos
461 849 530 896 illi
556 849 763 897 reddere
788 850 940 897 verba
962 849 1126 897 velim.

1443 852 1506 896 30

120 924 256 980 Vivit
279 926 459 983 adhuc,
485 926 738 990 vitamque
762 927 853 974 tibi
878 928 1061 976 debere
1087 927 1283 982 fatetur,

188 1002 351 1058 Quam
376 1004 513 1068 prius
538 1020 567 1051 a
591 1004 696 1052 miti
725 1005 925 1052 Caesare
949 1021 1130 1051 munus
1155 1004 1322 1051 habet.

121 1079 193 1128 Te
218 1080 329 1138 sibi,
353 1097 507 1144 quum
531 1081 740 1144 fugeret,
764 1082 969 1129 memori
995 1082 1121 1129 solet
1145 1097 1228 1128 ore
1254 1079 1449 1136 referre,

191 1157 441 1206 Barbariae
465 1165 599 1206 tutas
625 1158 915 1206 exhibuisse
941 1158 1062 1206 vias.

125 1234 379 1298 Sanguine
406 1235 689 1283 Bistonium
715 1237 851 1299 quod
879 1253 977 1284 non
1001 1234 1295 1300 tepefecerit
1318 1250 1505 1292 ensem,

192 1311 443 1359 Effectum
467 1328 586 1360 cura
609 1313 824 1377 pectoris
851 1330 962 1361 esse
986 1313 1075 1360 tui.

1445 1315 1508 1359 36

122 1388 310 1437 Addita
333 1396 574 1453 praeterea
596 1390 708 1437 vitae
734 1407 937 1454 quoque
961 1390 1120 1437 multa
1143 1389 1341 1437 tuendae

189 1465 417 1523 Munera,
445 1483 508 1516 ne
531 1468 755 1532 proprias
782 1474 1066 1516 attenuaret
1090 1483 1229 1531 opes.

124 1542 223 1592 Pro
249 1544 431 1608 quibus
456 1552 512 1592 ut
535 1545 723 1593 meritis
748 1545 988 1593 referatur
1009 1544 1181 1608 gratia,
1204 1545 1355 1608 jurat,

193 1621 260 1670 Se
285 1620 388 1669 sore
412 1621 732 1686 mancipium,
759 1630 956 1688 tempus
982 1622 1032 1669 in
1057 1638 1220 1678 omne,
1247 1628 1405 1668 tuum.
1445 1622 1509 1667 40

165 1766 218 1796 24.
236 1765 283 1796 De
300 1764 396 1806 qffi'cio
410 1776 519 1806 parum
537 1766 637 1807 nota]
663 1766 714 1797 De
736 1777 783 1798 re-

122 1815 180 1845 bus
201 1814 429 1857 pertinentibus
445 1815 485 1846 ad
507 1815 705 1846 consulatum
725 1815 782 1845 mi-

123 1875 181 1895 nus
217 1863 298 1895 notis
322 1864 485 1906 Pompeio,
516 1870 669 1906 tanquam
704 1875 783 1896 novo

122 1913 254 1945 consuli.
302 1914 455 1946 consulet.
479 1914 592 1957 Capiet
608 1914 783 1946 consilium.

123 1963 220 1995 Putat
242 1964 443 1995 Burmannus
466 1969 530 1995 tam
553 1963 703 1995 adulandi
725 1964 783 1994 im-

123 2013 258 2055 peritum
281 2024 344 2044 non
367 2013 461 2044 fuisse
485 2014 658 2050 Nasonem,
683 2020 716 2044 ut
738 2013 785 2055 ig-

124 2062 311 2100 norantiam,
342 2069 397 2094 aut
422 2062 602 2094 servitutem
636 2068 699 2094 tam
728 2063 784 2093 im-

125 2112 295 2154 prudenter
309 2111 460 2154 objiceret
473 2111 636 2156 Pompeio.
680 2113 787 2149 Quare

124 2161 187 2204 legi
212 2161 359 2193 maluerit
383 2161 428 2192 vir
454 2161 576 2198 doctus,
606 2162 709 2202 Deque
731 2173 785 2201 pa—

127 2218 210 2242 trum
238 2216 297 2241 toto
325 2212 457 2241 consulet
485 2209 591 2251 officie.
637 2210 788 2242 Consulet

125 2260 278 2296 Caesares,
294 2260 381 2300 quale
399 2260 494 2290 velint
516 2270 573 2289 esse
594 2258 724 2300 osticium
741 2264 786 2290 to—

124 2309 187 2340 tius
211 2313 356 2339 senatus:
382 2312 552 2350 antequam
574 2306 658 2339 enim
678 2318 728 2338 res
747 2307 788 2338 ad

122 2363 268 2390 senatum
300 2363 557 2401 proponerentur,
591 2358 733 2389 solebant
769 2368 788 2388 a

124 2407 307 2440 consulibus
330 2408 371 2439 ad
394 2407 574 2449 Augustum
596 2407 714 2444 referri,
732 2406 786 2449 qui

124 2459 167 2490 de
181 2458 244 2489 illis
257 2457 290 2489 in
306 2457 439 2488 concilio
457 2467 513 2488 suo
528 2456 698 2488 domestico
715 2462 786 2486 ante

124 2507 291 2538 tractabat.
319 2505 489 2547 Ingeniosa
501 2515 576 2536 sane
588 2505 700 2537 lectio:
718 2505 786 2535 vul-

123 2561 199 2597 gata
212 2565 286 2587 vero
306 2555 369 2587 fere
389 2565 506 2591 omnes,
523 2560 554 2585 et
574 2558 692 2585 nostros
706 2564 783 2595 quo-

124 2616 199 2647 que,
215 2604 273 2636 sibi
288 2604 383 2635 habet
396 2609 636 2646 propugnantes.

167 2655 221 2686 26.
244 2653 471 2694 Germanicus]
503 2652 710 2686 Germanicus
732 2653 783 2694 ju-

125 2704 205 2740 nior,
235 2704 318 2736 filius
345 2703 454 2740 Drusi,
479 2703 614 2745 privigni
638 2702 784 2743 Augusti.

126 2754 220 2784 Mna.
266 2754 391 2793 Tempus
409 2755 444 2784 ab
462 2754 506 2783 his
527 2763 655 2783 vacuum,
676 2751 783 2781 Caesar.

851 1766 912 1798 Hic
927 1766 1014 1797 locus
1029 1766 1074 1797 ita
1090 1764 1314 1806 intelligendus
1327 1764 1461 1801 videtur,
1476 1769 1512 1795 ut

850 1814 1073 1847 Germanicum
1100 1813 1303 1856 accipiamus,
1329 1824 1367 1845 ea
1389 1813 1512 1855 hyeme,

851 1875 921 1906 quae
952 1864 1071 1895 obitum
1099 1863 1235 1905 Augusti
1262 1862 1401 1905 proxime
1425 1868 1512 1894 ante-

851 1912 956 1949 cessit,
982 1914 1093 1944 Romae
1118 1912 1223 1949 fuisse,
1249 1917 1281 1943 et
1303 1911 1447 1953 sequenti
1470 1922 1511 1942 ae-

852 1968 933 1994 state
949 1962 981 1993 in
993 1961 1197 1994 Germaniam
1212 1961 1336 1992 abiisse.
1369 1961 1515 1992 Mortuus

852 2013 935 2044 enim
955 2012 1118 2054 Augustus
1140 2017 1197 2047 est,
1217 2011 1306 2042 Coss.
1329 2011 1401 2041 Sex.
1421 2011 1513 2041 Pom-

853 2061 934 2104 peio,
960 2062 1000 2093 ad
1026 2071 1119 2103 quem
1144 2061 1195 2092 hic
1223 2060 1331 2091 scribit
1357 2066 1460 2102 poeta,
1483 2066 1515 2090 et

853 2112 925 2142 Sex.
956 2110 1105 2153 Apuleio,
1135 2121 1193 2140 x1v
1214 2109 1351 2141 Kalend.
1374 2109 1515 2151 Septem-

853 2160 926 2196 bris,
950 2164 994 2191 ut·
1008 2159 1174 2190 Suetonius
1195 2157 1301 2189 tradit.
1346 2160 1416 2195 Quo
1437 2163 1516 2188 tem-

854 2220 927 2252 pore
942 2208 1151 2240 Germanicus
1166 2207 1250 2250 apud
1264 2207 1412 2238 Rhenum
1428 2217 1515 2237 exer-

855 2258 931 2290 citui
947 2256 1130 2301 praepositus
1145 2257 1216 2289 fuit.
1253 2258 1380 2288 Μιογι.

898 2309 951 2338 28.
972 2308 1020 2337 Ad
1046 2307 1121 2347 vos.]
1148 2305 1275 2337 Scilicet
1300 2316 1406 2337 versus
1429 2306 1514 2337 exci-

853 2356 995 2399 piendos.

897 2407 950 2437 34.
978 2406 1045 2436 Vias
1067 2410 1148 2435 tutas
1172 2403 1341 2444 barbarice]
1368 2403 1447 2435 Vias
1467 2414 1515 2435 se-

854 2466 944 2486 curas
959 2465 977 2485 a
992 2453 1147 2490 barbarie,
1159 2464 1213 2495 per
1230 2463 1307 2495 quas
1316 2453 1433 2484 Tomon
1444 2464 1515 2495 pro·

853 2504 1063 2536 ficiscebatur.

896 2555 948 2584 35.
973 2553 1080 2583 Ensem
1100 2552 1282 2588 Bistonium,
1303 2550 1376 2591 δια]
1401 2551 1514 2582 Ensem

851 2603 1020 2634 Thracum.

894 2653 945 2683 40.
970 2648 1317 2688 RIancipium—tuum.]
1346 2648 1378 2679 h.
1402 2659 1430 2679 e.
1453 2659 1515 2680 ser-

851 2712 934 2732 vum.
978 2700 1128 2731 HARLES.
