<?xml version="1.0" encoding="UTF-8"?>
<!DOCTYPE html PUBLIC "-//W3C//DTD XHTML 1.0 Transitional//EN"
    "http://www.w3.org/TR/xhtml1/DTD/xhtml1-transitional.dtd">
<html xmlns="http://www.w3.org/1999/xhtml" xml:lang="en" lang="en">
 <head>
  <title>
</title>
<meta http-equiv="Content-Type" content="text/html;charset=utf-8" />
  <meta name='ocr-system' content='tesseract 3.04.00' />
  <meta name='ocr-capabilities' content='ocr_page ocr_carea ocr_par ocr_line ocrx_word'/>
</head>
<body>
  <div class='ocr_page' id='page_1' title='image "./povidiinasonisop02oviduoft_0344.png"; bbox 0 0 1760 3172; ppageno 0'>
   <div class='ocr_carea' id='block_1_1' title="bbox 179 147 266 188">
    <p class='ocr_par' dir='ltr' id='par_1_1' title="bbox 179 147 266 188">
     <span class='ocr_line' id='line_1_1' title="bbox 179 147 266 188; baseline -0.023 0"><span class='ocrx_word' id='word_1_1' title='bbox 179 147 266 188; x_wconf 78' lang='lat'>334</span> 
     </span>
    </p>
   </div>
   <div class='ocr_carea' id='block_1_2' title="bbox 572 146 1185 189">
    <p class='ocr_par' dir='ltr' id='par_1_2' title="bbox 572 146 1185 189">
     <span class='ocr_line' id='line_1_2' title="bbox 572 146 1185 189; baseline 0.003 -2"><span class='ocrx_word' id='word_1_2' title='bbox 572 147 620 187; x_wconf 91' lang='grc' dir='ltr'>Ρ.</span> <span class='ocrx_word' id='word_1_3' title='bbox 655 146 868 188; x_wconf 92' lang='lat' dir='ltr'>OVIDII</span> <span class='ocrx_word' id='word_1_4' title='bbox 905 147 1185 189; x_wconf 89' lang='lat' dir='ltr'><strong>NASONIS</strong></span> 
     </span>
    </p>
   </div>
   <div class='ocr_carea' id='block_1_3' title="bbox 180 260 1577 482">
    <p class='ocr_par' dir='ltr' id='par_1_3' title="bbox 180 260 1577 482">
     <span class='ocr_line' id='line_1_3' title="bbox 180 260 1332 325; baseline 0.003 -18"><span class='ocrx_word' id='word_1_5' title='bbox 180 260 305 307; x_wconf 88' lang='lat' dir='ltr'>Haec</span> <span class='ocrx_word' id='word_1_6' title='bbox 332 277 474 308; x_wconf 88' lang='lat' dir='ltr'>meus</span> <span class='ocrx_word' id='word_1_7' title='bbox 500 262 705 322; x_wconf 83' lang='lat' dir='ltr'>argutis,</span> <span class='ocrx_word' id='word_1_8' title='bbox 733 261 774 307; x_wconf 84' lang='lat' dir='ltr'>si</span> <span class='ocrx_word' id='word_1_9' title='bbox 800 269 853 308; x_wconf 90' lang='lat' dir='ltr'>tu</span> <span class='ocrx_word' id='word_1_10' title='bbox 881 269 1124 325; x_wconf 83' lang='lat' dir='ltr'><strong>paterere,</strong></span> <span class='ocrx_word' id='word_1_11' title='bbox 1153 263 1332 311; x_wconf 82' lang='lat' dir='ltr'>libellis</span> 
     </span>
     <span class='ocr_line' id='line_1_4' title="bbox 247 336 1576 389; baseline 0.005 -6"><span class='ocrx_word' id='word_1_12' title='bbox 247 336 466 384; x_wconf 87' lang='lat' dir='ltr'>Poneret</span> <span class='ocrx_word' id='word_1_13' title='bbox 486 337 535 384; x_wconf 88' lang='lat' dir='ltr'>in</span> <span class='ocrx_word' id='word_1_14' title='bbox 562 338 720 384; x_wconf 87' lang='lat' dir='ltr'>multa</span> <span class='ocrx_word' id='word_1_15' title='bbox 745 338 854 385; x_wconf 91' lang='lat' dir='ltr'>luce</span> <span class='ocrx_word' id='word_1_16' title='bbox 880 337 1095 386; x_wconf 87' lang='lat' dir='ltr'>videnda</span> <span class='ocrx_word' id='word_1_17' title='bbox 1118 339 1272 386; x_wconf 87' lang='lat' dir='ltr'>labor.</span> <span class='ocrx_word' id='word_1_18' title='bbox 1513 345 1576 389; x_wconf 80' lang='lat'>24</span> 
     </span>
     <span class='ocr_line' id='line_1_5' title="bbox 181 414 1577 482; baseline 0.005 -22"><span class='ocrx_word' id='word_1_19' title='bbox 181 414 248 462; x_wconf 83' lang='lat' dir='ltr'>Se</span> <span class='ocrx_word' id='word_1_20' title='bbox 269 430 472 478; x_wconf 88' lang='lat' dir='ltr'>quoque</span> <span class='ocrx_word' id='word_1_21' title='bbox 493 431 641 470; x_wconf 90' lang='lat' dir='ltr'>nunc,</span> <span class='ocrx_word' id='word_1_22' title='bbox 665 415 891 477; x_wconf 85' lang='lat' dir='ltr'>quamvis</span> <span class='ocrx_word' id='word_1_23' title='bbox 912 423 990 462; x_wconf 88' lang='lat' dir='ltr'>est</span> <span class='ocrx_word' id='word_1_24' title='bbox 1004 417 1145 478; x_wconf 89' lang='lat' dir='ltr'>jussa</span> <span class='ocrx_word' id='word_1_25' title='bbox 1161 417 1437 480; x_wconf 82' lang='lat' dir='ltr'>quiescere,</span> <span class='ocrx_word' id='word_1_26' title='bbox 1455 421 1577 482; x_wconf 90' lang='lat' dir='ltr'>quin</span> 
     </span>
    </p>
   </div>
   <div class='ocr_carea' id='block_1_4' title="bbox 247 491 1340 547">
    <p class='ocr_par' dir='ltr' id='par_1_4' title="bbox 247 491 1340 547">
     <span class='ocr_line' id='line_1_6' title="bbox 247 491 1340 547; baseline 0.005 -10"><span class='ocrx_word' id='word_1_27' title='bbox 247 491 486 539; x_wconf 84' lang='lat' dir='ltr'>Nominet</span> <span class='ocrx_word' id='word_1_28' title='bbox 510 491 735 547; x_wconf 89' lang='lat' dir='ltr'>invitum,</span> <span class='ocrx_word' id='word_1_29' title='bbox 763 492 844 538; x_wconf 86' lang='lat' dir='ltr'>vix</span> <span class='ocrx_word' id='word_1_30' title='bbox 872 508 983 540; x_wconf 85' lang='lat' dir='ltr'>mea</span> <span class='ocrx_word' id='word_1_31' title='bbox 1009 492 1161 541; x_wconf 86' lang='lat' dir='ltr'>Musa</span> <span class='ocrx_word' id='word_1_32' title='bbox 1184 501 1340 542; x_wconf 85' lang='lat' dir='ltr'>tenet.</span> 
     </span>
    </p>
   </div>
   <div class='ocr_carea' id='block_1_5' title="bbox 1503 497 1576 558">
    <p class='ocr_par' dir='ltr' id='par_1_5' title="bbox 1503 497 1576 558">
     <span class='ocr_line' id='line_1_7' title="bbox 1503 497 1576 558; baseline 0.014 -15"><span class='ocrx_word' id='word_1_33' title='bbox 1503 497 1576 558; x_wconf 77' lang='lat' dir='ltr'>[te</span> 
     </span>
    </p>
   </div>
   <div class='ocr_carea' id='block_1_6' title="bbox 177 567 1578 1475">
    <p class='ocr_par' dir='ltr' id='par_1_6' title="bbox 180 567 1578 1169">
     <span class='ocr_line' id='line_1_8' title="bbox 182 567 1457 633; baseline 0.004 -19"><span class='ocrx_word' id='word_1_34' title='bbox 182 567 354 631; x_wconf 86' lang='lat' dir='ltr'>thue</span> <span class='ocrx_word' id='word_1_35' title='bbox 380 585 572 624; x_wconf 83' lang='lat' dir='ltr'>canem,</span> <span class='ocrx_word' id='word_1_36' title='bbox 601 569 793 632; x_wconf 80' lang='lat' dir='ltr'>pavidae</span> <span class='ocrx_word' id='word_1_37' title='bbox 820 577 1022 617; x_wconf 85' lang='lat' dir='ltr'>nactum</span> <span class='ocrx_word' id='word_1_38' title='bbox 1047 570 1258 633; x_wconf 84' lang='lat' dir='ltr'>vestigia</span> <span class='ocrx_word' id='word_1_39' title='bbox 1282 587 1457 627; x_wconf 85' lang='lat' dir='ltr'>cervae,</span> 
     </span>
     <span class='ocr_line' id='line_1_9' title="bbox 249 644 1304 709; baseline 0.005 -19"><span class='ocrx_word' id='word_1_40' title='bbox 249 644 549 692; x_wconf 85' lang='lat' dir='ltr'>Luctantem</span> <span class='ocrx_word' id='word_1_41' title='bbox 574 644 756 692; x_wconf 87' lang='lat' dir='ltr'>frustra</span> <span class='ocrx_word' id='word_1_42' title='bbox 780 646 963 709; x_wconf 79' lang='lat' dir='ltr'>copula</span> <span class='ocrx_word' id='word_1_43' title='bbox 987 646 1113 693; x_wconf 84' lang='lat' dir='ltr'>dura</span> <span class='ocrx_word' id='word_1_44' title='bbox 1139 654 1304 704; x_wconf 84' lang='lat' dir='ltr'>tenet3</span> 
     </span>
     <span class='ocr_line' id='line_1_10' title="bbox 182 720 1372 784; baseline 0.003 -17"><span class='ocrx_word' id='word_1_45' title='bbox 182 720 356 784; x_wconf 87' lang='lat' dir='ltr'>thue</span> <span class='ocrx_word' id='word_1_46' title='bbox 381 721 511 769; x_wconf 89' lang='lat' dir='ltr'>fores</span> <span class='ocrx_word' id='word_1_47' title='bbox 537 722 759 769; x_wconf 88' lang='lat' dir='ltr'>nondum</span> <span class='ocrx_word' id='word_1_48' title='bbox 785 724 992 771; x_wconf 83' lang='lat' dir='ltr'>reserati</span> <span class='ocrx_word' id='word_1_49' title='bbox 1018 725 1231 771; x_wconf 88' lang='lat' dir='ltr'>carceris</span> <span class='ocrx_word' id='word_1_50' title='bbox 1258 740 1372 771; x_wconf 85' lang='lat' dir='ltr'>acer</span> 
     </span>
     <span class='ocr_line' id='line_1_11' title="bbox 246 797 1578 863; baseline 0.002 -19"><span class='ocrx_word' id='word_1_51' title='bbox 246 797 395 844; x_wconf 89' lang='lat' dir='ltr'>Nunc</span> <span class='ocrx_word' id='word_1_52' title='bbox 419 799 564 861; x_wconf 86' lang='lat' dir='ltr'>pede,</span> <span class='ocrx_word' id='word_1_53' title='bbox 588 814 719 845; x_wconf 89' lang='lat' dir='ltr'>nunc</span> <span class='ocrx_word' id='word_1_54' title='bbox 742 799 852 862; x_wconf 86' lang='lat' dir='ltr'>ipsa</span> <span class='ocrx_word' id='word_1_55' title='bbox 869 799 1046 855; x_wconf 84' lang='lat' dir='ltr'>fronte,</span> <span class='ocrx_word' id='word_1_56' title='bbox 1069 800 1273 848; x_wconf 80' lang='lat' dir='ltr'>lacessit</span> <span class='ocrx_word' id='word_1_57' title='bbox 1293 816 1482 863; x_wconf 90' lang='lat' dir='ltr'>equus;</span> <span class='ocrx_word' id='word_1_58' title='bbox 1513 803 1578 847; x_wconf 88' lang='grc'>30</span> 
     </span>
     <span class='ocr_line' id='line_1_12' title="bbox 184 874 1513 939; baseline 0.003 -19"><span class='ocrx_word' id='word_1_59' title='bbox 184 874 268 921; x_wconf 84' lang='lat' dir='ltr'>Sic</span> <span class='ocrx_word' id='word_1_60' title='bbox 295 891 423 931; x_wconf 85' lang='lat' dir='ltr'>mea,</span> <span class='ocrx_word' id='word_1_61' title='bbox 451 876 562 938; x_wconf 87' lang='lat' dir='ltr'>lege</span> <span class='ocrx_word' id='word_1_62' title='bbox 587 876 705 924; x_wconf 83' lang='lat' dir='ltr'>data</span> <span class='ocrx_word' id='word_1_63' title='bbox 729 876 896 924; x_wconf 84' lang='lat' dir='ltr'>vincta</span> <span class='ocrx_word' id='word_1_64' title='bbox 920 883 1073 939; x_wconf 84' lang='lat' dir='ltr'>atque</span> <span class='ocrx_word' id='word_1_65' title='bbox 1100 877 1307 933; x_wconf 83' lang='lat' dir='ltr'>inclusa,</span> <span class='ocrx_word' id='word_1_66' title='bbox 1335 876 1513 924; x_wconf 83' lang='lat' dir='ltr'>Thalia</span> 
     </span>
     <span class='ocr_line' id='line_1_13' title="bbox 246 951 1245 1017; baseline 0.003 -20"><span class='ocrx_word' id='word_1_67' title='bbox 246 951 345 998; x_wconf 91' lang='lat' dir='ltr'>Per</span> <span class='ocrx_word' id='word_1_68' title='bbox 370 952 569 999; x_wconf 87' lang='lat' dir='ltr'>titulum</span> <span class='ocrx_word' id='word_1_69' title='bbox 594 952 734 1000; x_wconf 89' lang='lat' dir='ltr'>vetiti</span> <span class='ocrx_word' id='word_1_70' title='bbox 761 953 974 1001; x_wconf 90' lang='lat' dir='ltr'>nominis</span> <span class='ocrx_word' id='word_1_71' title='bbox 996 954 1066 1001; x_wconf 85' lang='lat' dir='ltr'>ire</span> <span class='ocrx_word' id='word_1_72' title='bbox 1091 954 1245 1017; x_wconf 88' lang='lat' dir='ltr'>cupit.</span> 
     </span>
     <span class='ocr_line' id='line_1_14' title="bbox 180 1028 1306 1086; baseline 0.001 -11"><span class='ocrx_word' id='word_1_73' title='bbox 180 1028 260 1076; x_wconf 92' lang='lat' dir='ltr'>Ne</span> <span class='ocrx_word' id='word_1_74' title='bbox 285 1035 454 1076; x_wconf 84' lang='lat' dir='ltr'>tamen</span> <span class='ocrx_word' id='word_1_75' title='bbox 479 1029 639 1076; x_wconf 89' lang='lat' dir='ltr'>officio</span> <span class='ocrx_word' id='word_1_76' title='bbox 664 1030 897 1077; x_wconf 87' lang='lat' dir='ltr'>memoris</span> <span class='ocrx_word' id='word_1_77' title='bbox 922 1030 1118 1078; x_wconf 79' lang='lat' dir='ltr'>laedaris</span> <span class='ocrx_word' id='word_1_78' title='bbox 1145 1030 1306 1086; x_wconf 85' lang='lat' dir='ltr'>amici,</span> 
     </span>
     <span class='ocr_line' id='line_1_15' title="bbox 246 1104 1176 1169; baseline 0.003 -18"><span class='ocrx_word' id='word_1_79' title='bbox 246 1104 444 1152; x_wconf 86' lang='lat' dir='ltr'>Parebo</span> <span class='ocrx_word' id='word_1_80' title='bbox 463 1106 638 1168; x_wconf 86' lang='lat' dir='ltr'>jussis,</span> <span class='ocrx_word' id='word_1_81' title='bbox 666 1122 815 1169; x_wconf 84' lang='lat' dir='ltr'>parce</span> <span class='ocrx_word' id='word_1_82' title='bbox 840 1107 1032 1163; x_wconf 85' lang='lat' dir='ltr'>timere,</span> <span class='ocrx_word' id='word_1_83' title='bbox 1060 1107 1176 1154; x_wconf 81' lang='lat' dir='ltr'>tuis,</span> 
     </span>
    </p>

    <p class='ocr_par' dir='ltr' id='par_1_7' title="bbox 177 1181 1576 1398">
     <span class='ocr_line' id='line_1_16' title="bbox 177 1181 1576 1247; baseline 0.003 -21"><span class='ocrx_word' id='word_1_84' title='bbox 177 1181 246 1228; x_wconf 86' lang='lat' dir='ltr'>At</span> <span class='ocrx_word' id='word_1_85' title='bbox 270 1197 369 1227; x_wconf 93' lang='lat' dir='ltr'>non</span> <span class='ocrx_word' id='word_1_86' title='bbox 396 1197 639 1244; x_wconf 79' lang='lat' dir='ltr'>parerem,</span> <span class='ocrx_word' id='word_1_87' title='bbox 667 1182 761 1229; x_wconf 92' lang='lat' dir='ltr'>nisi</span> <span class='ocrx_word' id='word_1_88' title='bbox 788 1183 828 1229; x_wconf 85' lang='lat' dir='ltr'>si</span> <span class='ocrx_word' id='word_1_89' title='bbox 855 1183 1142 1231; x_wconf 84' lang='lat' dir='ltr'>meminisse</span> <span class='ocrx_word' id='word_1_90' title='bbox 1169 1191 1400 1247; x_wconf 87' lang='lat' dir='ltr'>putares:</span> <span class='ocrx_word' id='word_1_91' title='bbox 1513 1186 1576 1230; x_wconf 89' lang='lat'>35</span> 
     </span>
     <span class='ocr_line' id='line_1_17' title="bbox 247 1256 1480 1322; baseline 0.002 -19"><span class='ocrx_word' id='word_1_92' title='bbox 247 1256 358 1304; x_wconf 92' lang='lat' dir='ltr'>Hoc</span> <span class='ocrx_word' id='word_1_93' title='bbox 385 1259 521 1320; x_wconf 90' lang='lat' dir='ltr'>quod</span> <span class='ocrx_word' id='word_1_94' title='bbox 548 1274 646 1304; x_wconf 86' lang='lat' dir='ltr'>non</span> <span class='ocrx_word' id='word_1_95' title='bbox 672 1258 905 1322; x_wconf 85' lang='lat' dir='ltr'>prohibet</span> <span class='ocrx_word' id='word_1_96' title='bbox 928 1276 1025 1307; x_wconf 84' lang='lat' dir='ltr'>vox</span> <span class='ocrx_word' id='word_1_97' title='bbox 1052 1267 1154 1316; x_wconf 86' lang='lat' dir='ltr'>tua,</span> <span class='ocrx_word' id='word_1_98' title='bbox 1183 1268 1354 1322; x_wconf 84' lang='lat' dir='ltr'>gratus</span> <span class='ocrx_word' id='word_1_99' title='bbox 1381 1275 1480 1308; x_wconf 88' lang='lat' dir='ltr'>ero.</span> 
     </span>
     <span class='ocr_line' id='line_1_18' title="bbox 180 1333 1553 1398; baseline 0.002 -18"><span class='ocrx_word' id='word_1_100' title='bbox 180 1333 434 1397; x_wconf 88' lang='lat' dir='ltr'>Dumque,</span> <span class='ocrx_word' id='word_1_101' title='bbox 463 1335 599 1398; x_wconf 90' lang='lat' dir='ltr'>quod</span> <span class='ocrx_word' id='word_1_102' title='bbox 625 1352 653 1382; x_wconf 94' lang='lat' dir='ltr'>o</span> <span class='ocrx_word' id='word_1_103' title='bbox 679 1336 828 1383; x_wconf 87' lang='lat' dir='ltr'>breve</span> <span class='ocrx_word' id='word_1_104' title='bbox 854 1336 944 1383; x_wconf 86' lang='lat' dir='ltr'>sit!</span> <span class='ocrx_word' id='word_1_105' title='bbox 979 1337 1147 1384; x_wconf 89' lang='lat' dir='ltr'>lumen</span> <span class='ocrx_word' id='word_1_106' title='bbox 1174 1337 1332 1385; x_wconf 84' lang='lat' dir='ltr'>solare</span> <span class='ocrx_word' id='word_1_107' title='bbox 1356 1336 1553 1392; x_wconf 91' lang='lat' dir='ltr'>videbo,</span> 
     </span>
    </p>

    <p class='ocr_par' dir='ltr' id='par_1_8' title="bbox 248 1410 1107 1475">
     <span class='ocr_line' id='line_1_19' title="bbox 248 1410 1107 1475; baseline 0.003 -18"><span class='ocrx_word' id='word_1_108' title='bbox 248 1410 444 1458; x_wconf 86' lang='lat' dir='ltr'>Serviet</span> <span class='ocrx_word' id='word_1_109' title='bbox 467 1411 628 1459; x_wconf 91' lang='lat' dir='ltr'>officio</span> <span class='ocrx_word' id='word_1_110' title='bbox 655 1412 861 1475; x_wconf 88' lang='lat' dir='ltr'>spiritus</span> <span class='ocrx_word' id='word_1_111' title='bbox 886 1412 980 1460; x_wconf 90' lang='lat' dir='ltr'>iste</span> <span class='ocrx_word' id='word_1_112' title='bbox 1005 1420 1107 1460; x_wconf 77' lang='lat' dir='ltr'>tuo,</span> 
     </span>
    </p>
   </div>
   <div class='ocr_carea' id='block_1_7' title="bbox 177 1553 847 2531">
    <p class='ocr_par' dir='ltr' id='par_1_9' title="bbox 178 1553 843 1634">
     <span class='ocr_line' id='line_1_20' title="bbox 220 1553 843 1599; baseline 0.006 -15"><span class='ocrx_word' id='word_1_113' title='bbox 220 1554 275 1584; x_wconf 84' lang='lat'>23.</span> <span class='ocrx_word' id='word_1_114' title='bbox 297 1553 399 1594; x_wconf 63' lang='lat' dir='ltr'>Hafa]</span> <span class='ocrx_word' id='word_1_115' title='bbox 426 1554 597 1586; x_wconf 84' lang='lat' dir='ltr'>Beneficia.</span> <span class='ocrx_word' id='word_1_116' title='bbox 620 1557 715 1587; x_wconf 69' lang='lat' dir='ltr'>Mmz.</span> <span class='ocrx_word' id='word_1_117' title='bbox 740 1558 843 1599; x_wconf 81' lang='lat' dir='ltr'>Argu-</span> 
     </span>
     <span class='ocr_line' id='line_1_21' title="bbox 178 1603 548 1634; baseline 0.005 -2"><span class='ocrx_word' id='word_1_118' title='bbox 178 1604 227 1633; x_wconf 84' lang='lat' dir='ltr'>tis.</span> <span class='ocrx_word' id='word_1_119' title='bbox 245 1603 397 1634; x_wconf 87' lang='lat' dir='ltr'>Eruditis.</span> <span class='ocrx_word' id='word_1_120' title='bbox 444 1604 548 1634; x_wconf 64' lang='lat' dir='ltr'>Pom.</span> 
     </span>
    </p>

    <p class='ocr_par' dir='ltr' id='par_1_10' title="bbox 177 1652 845 1935">
     <span class='ocr_line' id='line_1_22' title="bbox 220 1652 844 1696; baseline 0.003 -13"><span class='ocrx_word' id='word_1_121' title='bbox 220 1654 275 1683; x_wconf 83' lang='lat'>28.</span> <span class='ocrx_word' id='word_1_122' title='bbox 298 1652 413 1693; x_wconf 80' lang='lat' dir='ltr'>Copula</span> <span class='ocrx_word' id='word_1_123' title='bbox 425 1655 506 1684; x_wconf 77' lang='lat' dir='ltr'>dura</span> <span class='ocrx_word' id='word_1_124' title='bbox 518 1653 629 1694; x_wconf 61' lang='lat' dir='ltr'>tenet]</span> <span class='ocrx_word' id='word_1_125' title='bbox 657 1654 780 1696; x_wconf 88' lang='lat' dir='ltr'>Copula</span> <span class='ocrx_word' id='word_1_126' title='bbox 794 1654 844 1686; x_wconf 89' lang='lat' dir='ltr'>hic</span> 
     </span>
     <span class='ocr_line' id='line_1_23' title="bbox 177 1702 843 1744; baseline 0.005 -12"><span class='ocrx_word' id='word_1_127' title='bbox 177 1713 231 1744; x_wconf 91' lang='lat' dir='ltr'>pro</span> <span class='ocrx_word' id='word_1_128' title='bbox 247 1713 283 1732; x_wconf 89' lang='lat' dir='ltr'>eo</span> <span class='ocrx_word' id='word_1_129' title='bbox 300 1702 372 1733; x_wconf 90' lang='lat' dir='ltr'>fune</span> <span class='ocrx_word' id='word_1_130' title='bbox 388 1702 551 1744; x_wconf 83' lang='lat' dir='ltr'>accipitur,</span> <span class='ocrx_word' id='word_1_131' title='bbox 567 1713 629 1744; x_wconf 90' lang='lat' dir='ltr'>quo</span> <span class='ocrx_word' id='word_1_132' title='bbox 646 1706 741 1734; x_wconf 85' lang='lat' dir='ltr'>canes</span> <span class='ocrx_word' id='word_1_133' title='bbox 756 1714 775 1734; x_wconf 80' lang='lat' dir='ltr'>a</span> <span class='ocrx_word' id='word_1_134' title='bbox 791 1715 843 1735; x_wconf 93' lang='lat' dir='ltr'>ve-</span> 
     </span>
     <span class='ocr_line' id='line_1_24' title="bbox 177 1751 843 1795; baseline 0.003 -13"><span class='ocrx_word' id='word_1_135' title='bbox 177 1751 336 1782; x_wconf 83' lang='lat' dir='ltr'>natoribus</span> <span class='ocrx_word' id='word_1_136' title='bbox 364 1751 494 1793; x_wconf 84' lang='lat' dir='ltr'>adligati</span> <span class='ocrx_word' id='word_1_137' title='bbox 532 1752 708 1783; x_wconf 87' lang='lat' dir='ltr'>ducuntur:</span> <span class='ocrx_word' id='word_1_138' title='bbox 748 1753 843 1795; x_wconf 85' lang='lat' dir='ltr'>vulgo</span> 
     </span>
     <span class='ocr_line' id='line_1_25' title="bbox 179 1801 844 1843; baseline 0.005 -13"><span class='ocrx_word' id='word_1_139' title='bbox 179 1802 286 1831; x_wconf 85' lang='lat' dir='ltr'>lassum</span> <span class='ocrx_word' id='word_1_140' title='bbox 333 1801 505 1843; x_wconf 82' lang='lat' dir='ltr'>adpellant.</span> <span class='ocrx_word' id='word_1_141' title='bbox 563 1801 734 1842; x_wconf 84' lang='lat' dir='ltr'>Cingulum</span> <span class='ocrx_word' id='word_1_142' title='bbox 771 1813 844 1833; x_wconf 87' lang='lat' dir='ltr'>vero</span> 
     </span>
     <span class='ocr_line' id='line_1_26' title="bbox 178 1850 845 1892; baseline 0.004 -12"><span class='ocrx_word' id='word_1_143' title='bbox 178 1850 296 1880; x_wconf 86' lang='lat' dir='ltr'>circum</span> <span class='ocrx_word' id='word_1_144' title='bbox 309 1850 437 1886; x_wconf 83' lang='lat' dir='ltr'>collum,</span> <span class='ocrx_word' id='word_1_145' title='bbox 453 1852 575 1881; x_wconf 75' lang='lat' dir='ltr'>melium</span> <span class='ocrx_word' id='word_1_146' title='bbox 591 1851 731 1892; x_wconf 81' lang='lat' dir='ltr'>adpellat</span> <span class='ocrx_word' id='word_1_147' title='bbox 746 1853 845 1883; x_wconf 88' lang='lat' dir='ltr'>Varro</span> 
     </span>
     <span class='ocr_line' id='line_1_27' title="bbox 178 1898 548 1935; baseline 0.003 -7"><span class='ocrx_word' id='word_1_148' title='bbox 178 1898 217 1928; x_wconf 86' lang='lat' dir='ltr'>de</span> <span class='ocrx_word' id='word_1_149' title='bbox 234 1899 283 1929; x_wconf 82' lang='lat' dir='ltr'>Re</span> <span class='ocrx_word' id='word_1_150' title='bbox 299 1899 426 1935; x_wconf 82' lang='lat' dir='ltr'>rustica,</span> <span class='ocrx_word' id='word_1_151' title='bbox 443 1899 498 1929; x_wconf 90' lang='lat' dir='ltr'>lib.</span> <span class='ocrx_word' id='word_1_152' title='bbox 514 1899 548 1929; x_wconf 86' lang='lat' dir='ltr'>ii.</span> 
     </span>
    </p>

    <p class='ocr_par' dir='ltr' id='par_1_11' title="bbox 177 1949 845 2078">
     <span class='ocr_line' id='line_1_28' title="bbox 221 1949 843 1989; baseline 0.002 -10"><span class='ocrx_word' id='word_1_153' title='bbox 221 1949 275 1979; x_wconf 83' lang='lat'>29.</span> <span class='ocrx_word' id='word_1_154' title='bbox 293 1949 436 1979; x_wconf 80' lang='lat' dir='ltr'>Nondum</span> <span class='ocrx_word' id='word_1_155' title='bbox 446 1950 571 1979; x_wconf 81' lang='lat' dir='ltr'>reserati</span> <span class='ocrx_word' id='word_1_156' title='bbox 581 1949 738 1989; x_wconf 61' lang='lat' dir='ltr'>carceris]</span> <span class='ocrx_word' id='word_1_157' title='bbox 757 1950 843 1980; x_wconf 91' lang='lat' dir='ltr'>Non—</span> 
     </span>
     <span class='ocr_line' id='line_1_29' title="bbox 177 1996 845 2041; baseline 0.004 -14"><span class='ocrx_word' id='word_1_158' title='bbox 177 1996 253 2027; x_wconf 85' lang='lat' dir='ltr'>dum</span> <span class='ocrx_word' id='word_1_159' title='bbox 270 1997 369 2039; x_wconf 84' lang='lat' dir='ltr'>aperti</span> <span class='ocrx_word' id='word_1_160' title='bbox 385 1997 520 2034; x_wconf 85' lang='lat' dir='ltr'>termini,</span> <span class='ocrx_word' id='word_1_161' title='bbox 535 1997 619 2029; x_wconf 89' lang='lat' dir='ltr'>unde</span> <span class='ocrx_word' id='word_1_162' title='bbox 640 1998 713 2039; x_wconf 86' lang='lat' dir='ltr'>equi</span> <span class='ocrx_word' id='word_1_163' title='bbox 733 1998 845 2041; x_wconf 87' lang='lat' dir='ltr'>incipi-</span> 
     </span>
     <span class='ocr_line' id='line_1_30' title="bbox 180 2053 385 2078; baseline 0.005 -1"><span class='ocrx_word' id='word_1_164' title='bbox 180 2053 236 2077; x_wconf 86' lang='lat' dir='ltr'>unt</span> <span class='ocrx_word' id='word_1_165' title='bbox 252 2057 385 2078; x_wconf 84' lang='lat' dir='ltr'>currere.</span> 
     </span>
    </p>

    <p class='ocr_par' dir='ltr' id='par_1_12' title="bbox 178 2096 847 2470">
     <span class='ocr_line' id='line_1_31' title="bbox 223 2096 844 2137; baseline 0.002 -11"><span class='ocrx_word' id='word_1_166' title='bbox 223 2098 275 2127; x_wconf 88' lang='grc'>31.</span> <span class='ocrx_word' id='word_1_167' title='bbox 300 2098 349 2126; x_wconf 87' lang='lat' dir='ltr'>Sic</span> <span class='ocrx_word' id='word_1_168' title='bbox 372 2107 446 2132; x_wconf 84' lang='lat' dir='ltr'>mea,</span> <span class='ocrx_word' id='word_1_169' title='bbox 464 2098 527 2137; x_wconf 80' lang='lat' dir='ltr'>lege</span> <span class='ocrx_word' id='word_1_170' title='bbox 549 2097 650 2137; x_wconf 63' lang='lat' dir='ltr'>data]</span> <span class='ocrx_word' id='word_1_171' title='bbox 677 2096 730 2127; x_wconf 89' lang='lat' dir='ltr'>An</span> <span class='ocrx_word' id='word_1_172' title='bbox 752 2098 844 2128; x_wconf 84' lang='lat' dir='ltr'>rata?</span> 
     </span>
     <span class='ocr_line' id='line_1_32' title="bbox 180 2145 845 2182; baseline 0 -7"><span class='ocrx_word' id='word_1_173' title='bbox 180 2145 263 2176; x_wconf 86' lang='lat' dir='ltr'>Vide</span> <span class='ocrx_word' id='word_1_174' title='bbox 280 2146 364 2176; x_wconf 79' lang='lat' dir='ltr'>Fast.</span> <span class='ocrx_word' id='word_1_175' title='bbox 379 2145 424 2182; x_wconf 89' lang='lat' dir='ltr'>iii,</span> <span class='ocrx_word' id='word_1_176' title='bbox 440 2155 504 2176; x_wconf 89' lang='lat' dir='ltr'>ver.</span> <span class='ocrx_word' id='word_1_177' title='bbox 522 2146 596 2176; x_wconf 78' lang='lat'><strong>279.</strong></span> <span class='ocrx_word' id='word_1_178' title='bbox 620 2145 738 2175; x_wconf 75' lang='lat' dir='ltr'>HmNs.</span> <span class='ocrx_word' id='word_1_179' title='bbox 780 2145 845 2176; x_wconf 88' lang='lat' dir='ltr'>Mi-</span> 
     </span>
     <span class='ocr_line' id='line_1_33' title="bbox 179 2193 844 2236; baseline 0 -12"><span class='ocrx_word' id='word_1_180' title='bbox 179 2193 262 2224; x_wconf 88' lang='lat' dir='ltr'>nime</span> <span class='ocrx_word' id='word_1_181' title='bbox 278 2204 371 2232; x_wconf 81' lang='lat' dir='ltr'>ver03</span> <span class='ocrx_word' id='word_1_182' title='bbox 394 2196 467 2225; x_wconf 74' lang='lat' dir='ltr'>data</span> <span class='ocrx_word' id='word_1_183' title='bbox 484 2195 556 2236; x_wconf 77' lang='lat' dir='ltr'>lege,</span> <span class='ocrx_word' id='word_1_184' title='bbox 567 2193 699 2230; x_wconf 84' lang='lat' dir='ltr'>scilicet,</span> <span class='ocrx_word' id='word_1_185' title='bbox 713 2195 751 2225; x_wconf 85' lang='lat' dir='ltr'>ab</span> <span class='ocrx_word' id='word_1_186' title='bbox 769 2194 844 2225; x_wconf 90' lang='lat' dir='ltr'>ami-</span> 
     </span>
     <span class='ocr_line' id='line_1_34' title="bbox 179 2243 844 2285; baseline 0.002 -12"><span class='ocrx_word' id='word_1_187' title='bbox 179 2254 227 2279; x_wconf 83' lang='lat' dir='ltr'>co,</span> <span class='ocrx_word' id='word_1_188' title='bbox 244 2243 297 2284; x_wconf 88' lang='lat' dir='ltr'>qui</span> <span class='ocrx_word' id='word_1_189' title='bbox 314 2249 456 2275; x_wconf 77' lang='lat' dir='ltr'>vetuerat</span> <span class='ocrx_word' id='word_1_190' title='bbox 471 2254 504 2274; x_wconf 90' lang='lat' dir='ltr'>se</span> <span class='ocrx_word' id='word_1_191' title='bbox 518 2243 681 2280; x_wconf 84' lang='lat' dir='ltr'>nominari,</span> <span class='ocrx_word' id='word_1_192' title='bbox 694 2249 726 2274; x_wconf 87' lang='lat' dir='ltr'>et</span> <span class='ocrx_word' id='word_1_193' title='bbox 741 2243 844 2285; x_wconf 90' lang='lat' dir='ltr'>quies-</span> 
     </span>
     <span class='ocr_line' id='line_1_35' title="bbox 179 2291 847 2334; baseline 0.003 -12"><span class='ocrx_word' id='word_1_194' title='bbox 179 2303 249 2323; x_wconf 80' lang='lat' dir='ltr'>cere</span> <span class='ocrx_word' id='word_1_195' title='bbox 262 2293 328 2334; x_wconf 87' lang='lat' dir='ltr'>ejus</span> <span class='ocrx_word' id='word_1_196' title='bbox 337 2303 458 2324; x_wconf 85' lang='lat' dir='ltr'>musam</span> <span class='ocrx_word' id='word_1_197' title='bbox 467 2293 602 2334; x_wconf 83' lang='lat' dir='ltr'>jusserat</span> <span class='ocrx_word' id='word_1_198' title='bbox 614 2305 619 2322; x_wconf 90' lang='lat'>:</span> <span class='ocrx_word' id='word_1_199' title='bbox 636 2291 763 2333; x_wconf 79' lang='lat' dir='ltr'>sicjura</span> <span class='ocrx_word' id='word_1_200' title='bbox 773 2295 847 2324; x_wconf 81' lang='lat' dir='ltr'>dare</span> 
     </span>
     <span class='ocr_line' id='line_1_36' title="bbox 178 2341 845 2383; baseline 0.003 -12"><span class='ocrx_word' id='word_1_201' title='bbox 178 2346 210 2371; x_wconf 77' lang='lat' dir='ltr'>et</span> <span class='ocrx_word' id='word_1_202' title='bbox 233 2341 348 2372; x_wconf 85' lang='lat' dir='ltr'>similia</span> <span class='ocrx_word' id='word_1_203' title='bbox 366 2342 483 2383; x_wconf 85' lang='lat' dir='ltr'>passim</span> <span class='ocrx_word' id='word_1_204' title='bbox 507 2347 687 2372; x_wconf 82' lang='lat' dir='ltr'>occurrunt.</span> <span class='ocrx_word' id='word_1_205' title='bbox 727 2343 845 2373; x_wconf 72' lang='lat' dir='ltr'>Bunm.</span> 
     </span>
     <span class='ocr_line' id='line_1_37' title="bbox 186 2390 844 2433; baseline 0.003 -13"><span class='ocrx_word' id='word_1_206' title='bbox 186 2390 304 2421; x_wconf 72' lang='lat' dir='ltr'>Vincta.</span> <span class='ocrx_word' id='word_1_207' title='bbox 341 2391 471 2432; x_wconf 82' lang='lat' dir='ltr'>Ligata:</span> <span class='ocrx_word' id='word_1_208' title='bbox 504 2391 657 2433; x_wconf 84' lang='lat' dir='ltr'>imperato</span> <span class='ocrx_word' id='word_1_209' title='bbox 684 2391 756 2423; x_wconf 88' lang='lat' dir='ltr'>scil.</span> <span class='ocrx_word' id='word_1_210' title='bbox 785 2391 844 2422; x_wconf 89' lang='lat' dir='ltr'>sibi</span> 
     </span>
     <span class='ocr_line' id='line_1_38' title="bbox 179 2438 441 2470; baseline 0.004 -1"><span class='ocrx_word' id='word_1_211' title='bbox 179 2438 316 2470; x_wconf 90' lang='lat' dir='ltr'>silentio.</span> <span class='ocrx_word' id='word_1_212' title='bbox 346 2441 441 2470; x_wconf 62' lang='lat' dir='ltr'>Men.</span> 
     </span>
    </p>

    <p class='ocr_par' dir='ltr' id='par_1_13' title="bbox 224 2488 843 2531">
     <span class='ocr_line' id='line_1_39' title="bbox 224 2488 843 2531; baseline 0.005 -13"><span class='ocrx_word' id='word_1_213' title='bbox 224 2489 276 2519; x_wconf 82' lang='lat'>32.</span> <span class='ocrx_word' id='word_1_214' title='bbox 298 2489 418 2530; x_wconf 54' lang='lat' dir='ltr'>Venta]</span> <span class='ocrx_word' id='word_1_215' title='bbox 445 2489 512 2519; x_wconf 89' lang='lat' dir='ltr'>Abs</span> <span class='ocrx_word' id='word_1_216' title='bbox 535 2494 566 2520; x_wconf 90' lang='lat' dir='ltr'>te</span> <span class='ocrx_word' id='word_1_217' title='bbox 585 2488 686 2526; x_wconf 82' lang='lat' dir='ltr'>vetiti,</span> <span class='ocrx_word' id='word_1_218' title='bbox 704 2489 757 2531; x_wconf 90' lang='lat' dir='ltr'>qui</span> <span class='ocrx_word' id='word_1_219' title='bbox 782 2499 843 2521; x_wconf 89' lang='lat' dir='ltr'>non</span> 
     </span>
    </p>
   </div>
   <div class='ocr_carea' id='block_1_8' title="bbox 911 1555 1580 2522">
    <p class='ocr_par' dir='ltr' id='par_1_14' title="bbox 911 1555 1580 1647">
     <span class='ocr_line' id='line_1_40' title="bbox 911 1555 1580 1599; baseline 0 -12"><span class='ocrx_word' id='word_1_220' title='bbox 911 1557 1027 1599; x_wconf 85' lang='lat' dir='ltr'>pateris</span> <span class='ocrx_word' id='word_1_221' title='bbox 1060 1567 1174 1588; x_wconf 86' lang='lat' dir='ltr'>nomen</span> <span class='ocrx_word' id='word_1_222' title='bbox 1204 1562 1291 1588; x_wconf 81' lang='lat' dir='ltr'>tuum</span> <span class='ocrx_word' id='word_1_223' title='bbox 1329 1557 1360 1587; x_wconf 87' lang='lat' dir='ltr'>in</span> <span class='ocrx_word' id='word_1_224' title='bbox 1388 1555 1580 1587; x_wconf 89' lang='lat' dir='ltr'>carminibus</span> 
     </span>
     <span class='ocr_line' id='line_1_41' title="bbox 912 1616 1095 1647; baseline 0 -11"><span class='ocrx_word' id='word_1_225' title='bbox 912 1617 991 1637; x_wconf 81' lang='lat' dir='ltr'>meis</span> <span class='ocrx_word' id='word_1_226' title='bbox 1006 1616 1095 1647; x_wconf 87' lang='lat' dir='ltr'>pom.</span> 
     </span>
    </p>

    <p class='ocr_par' dir='ltr' id='par_1_15' title="bbox 911 1653 1579 1796">
     <span class='ocr_line' id='line_1_42' title="bbox 956 1653 1579 1696; baseline -0.003 -10"><span class='ocrx_word' id='word_1_227' title='bbox 956 1656 1008 1686; x_wconf 88' lang='lat'>33.</span> <span class='ocrx_word' id='word_1_228' title='bbox 1040 1654 1104 1685; x_wconf 87' lang='lat' dir='ltr'>Nec</span> <span class='ocrx_word' id='word_1_229' title='bbox 1130 1661 1230 1685; x_wconf 83' lang='lat' dir='ltr'>tamen</span> <span class='ocrx_word' id='word_1_230' title='bbox 1249 1653 1373 1696; x_wconf 71' lang='grc' dir='ltr'>ᾳθῖοἰο.]</span> <span class='ocrx_word' id='word_1_231' title='bbox 1401 1654 1506 1685; x_wconf 87' lang='lat' dir='ltr'>Grave</span> <span class='ocrx_word' id='word_1_232' title='bbox 1531 1659 1579 1685; x_wconf 84' lang='lat' dir='ltr'>est</span> 
     </span>
     <span class='ocr_line' id='line_1_43' title="bbox 911 1702 1578 1745; baseline -0.004 -10"><span class='ocrx_word' id='word_1_233' title='bbox 911 1704 984 1735; x_wconf 87' lang='lat' dir='ltr'>laedi</span> <span class='ocrx_word' id='word_1_234' title='bbox 1008 1705 1047 1735; x_wconf 93' lang='lat' dir='ltr'>ab</span> <span class='ocrx_word' id='word_1_235' title='bbox 1073 1703 1186 1740; x_wconf 86' lang='lat' dir='ltr'>amico,</span> <span class='ocrx_word' id='word_1_236' title='bbox 1203 1709 1235 1734; x_wconf 85' lang='lat' dir='ltr'>et</span> <span class='ocrx_word' id='word_1_237' title='bbox 1257 1714 1312 1745; x_wconf 91' lang='lat' dir='ltr'>per</span> <span class='ocrx_word' id='word_1_238' title='bbox 1335 1702 1470 1734; x_wconf 88' lang='lat' dir='ltr'>officium</span> <span class='ocrx_word' id='word_1_239' title='bbox 1494 1702 1578 1735; x_wconf 88' lang='lat' dir='ltr'>acci-</span> 
     </span>
     <span class='ocr_line' id='line_1_44' title="bbox 911 1753 1382 1796; baseline -0.004 -12"><span class='ocrx_word' id='word_1_240' title='bbox 911 1764 985 1796; x_wconf 84' lang='lat' dir='ltr'>pere</span> <span class='ocrx_word' id='word_1_241' title='bbox 1002 1753 1237 1785; x_wconf 82' lang='lat' dir='ltr'>detrimentum.</span> <span class='ocrx_word' id='word_1_242' title='bbox 1277 1753 1382 1784; x_wconf 72' lang='lat' dir='ltr'>PoNr.</span> 
     </span>
    </p>

    <p class='ocr_par' dir='ltr' id='par_1_16' title="bbox 913 1802 1578 1938">
     <span class='ocr_line' id='line_1_45' title="bbox 956 1802 1578 1843; baseline -0.005 -9"><span class='ocrx_word' id='word_1_243' title='bbox 956 1805 1008 1834; x_wconf 86' lang='lat'>35.</span> <span class='ocrx_word' id='word_1_244' title='bbox 1017 1803 1115 1834; x_wconf 79' lang='lat' dir='ltr'>Sinon</span> <span class='ocrx_word' id='word_1_245' title='bbox 1125 1805 1287 1834; x_wconf 70' lang='lat' dir='ltr'>meminisse</span> <span class='ocrx_word' id='word_1_246' title='bbox 1291 1802 1444 1843; x_wconf 60' lang='lat' dir='ltr'>putares]</span> <span class='ocrx_word' id='word_1_247' title='bbox 1456 1802 1578 1832; x_wconf 87' lang='lat' dir='ltr'>Brouk-</span> 
     </span>
     <span class='ocr_line' id='line_1_46' title="bbox 913 1851 1577 1888; baseline -0.003 -6"><span class='ocrx_word' id='word_1_248' title='bbox 913 1851 1020 1883; x_wconf 83' lang='lat' dir='ltr'>husius</span> <span class='ocrx_word' id='word_1_249' title='bbox 1044 1852 1194 1888; x_wconf 87' lang='lat' dir='ltr'>malebat,</span> <span class='ocrx_word' id='word_1_250' title='bbox 1213 1854 1237 1882; x_wconf 85' lang='lat' dir='ltr'>si</span> <span class='ocrx_word' id='word_1_251' title='bbox 1262 1863 1321 1882; x_wconf 80' lang='lat' dir='ltr'>non</span> <span class='ocrx_word' id='word_1_252' title='bbox 1344 1853 1506 1881; x_wconf 69' lang='lat' dir='ltr'>meminisse</span> <span class='ocrx_word' id='word_1_253' title='bbox 1530 1861 1577 1881; x_wconf 79' lang='lat' dir='ltr'>ve-</span> 
     </span>
     <span class='ocr_line' id='line_1_47' title="bbox 915 1901 1132 1938; baseline 0.005 -8"><span class='ocrx_word' id='word_1_254' title='bbox 915 1907 1015 1938; x_wconf 80' lang='lat' dir='ltr'>ta1·es‚·</span> <span class='ocrx_word' id='word_1_255' title='bbox 1041 1901 1132 1936; x_wconf 83' lang='lat' dir='ltr'>sorte,</span> 
     </span>
    </p>

    <p class='ocr_par' dir='ltr' id='par_1_17' title="bbox 959 1949 1579 1990">
     <span class='ocr_line' id='line_1_48' title="bbox 959 1949 1579 1990; baseline -0.002 -10"><span class='ocrx_word' id='word_1_256' title='bbox 959 1951 997 1980; x_wconf 79' lang='lat' dir='ltr'>At</span> <span class='ocrx_word' id='word_1_257' title='bbox 1014 1961 1073 1980; x_wconf 70' lang='lat' dir='ltr'>non</span> <span class='ocrx_word' id='word_1_258' title='bbox 1087 1960 1233 1990; x_wconf 81' lang='lat' dir='ltr'>parerem,</span> <span class='ocrx_word' id='word_1_259' title='bbox 1252 1951 1310 1980; x_wconf 80' lang='lat' dir='ltr'>nisi</span> <span class='ocrx_word' id='word_1_260' title='bbox 1325 1955 1353 1979; x_wconf 83' lang='lat' dir='ltr'>te</span> <span class='ocrx_word' id='word_1_261' title='bbox 1367 1949 1508 1979; x_wconf 78' lang='lat' dir='ltr'>meruisse</span> <span class='ocrx_word' id='word_1_262' title='bbox 1521 1959 1579 1988; x_wconf 75' lang='lat' dir='ltr'>pu·</span> 
     </span>
    </p>

    <p class='ocr_par' dir='ltr' id='par_1_18' title="bbox 913 2005 1113 2083">
     <span class='ocr_line' id='line_1_49' title="bbox 1000 2005 1113 2029; baseline -0.009 0"><span class='ocrx_word' id='word_1_263' title='bbox 1000 2005 1113 2029; x_wconf 82' lang='lat' dir='ltr'>tarem:</span> 
     </span>
     <span class='ocr_line' id='line_1_50' title="bbox 913 2047 975 2083; baseline -0.016 -5"><span class='ocrx_word' id='word_1_264' title='bbox 913 2047 975 2083; x_wconf 91' lang='lat' dir='ltr'>vel,</span> 
     </span>
    </p>

    <p class='ocr_par' dir='ltr' id='par_1_19' title="bbox 957 2097 1579 2135">
     <span class='ocr_line' id='line_1_51' title="bbox 957 2097 1579 2135; baseline 0 -9"><span class='ocrx_word' id='word_1_265' title='bbox 957 2097 998 2127; x_wconf 79' lang='lat' dir='ltr'>At</span> <span class='ocrx_word' id='word_1_266' title='bbox 1018 2108 1077 2126; x_wconf 73' lang='lat' dir='ltr'>uon</span> <span class='ocrx_word' id='word_1_267' title='bbox 1098 2107 1249 2135; x_wconf 78' lang='lat' dir='ltr'>parerem,</span> <span class='ocrx_word' id='word_1_268' title='bbox 1269 2097 1327 2126; x_wconf 77' lang='lat' dir='ltr'>nisi</span> <span class='ocrx_word' id='word_1_269' title='bbox 1347 2106 1391 2125; x_wconf 85' lang='lat' dir='ltr'>me</span> <span class='ocrx_word' id='word_1_270' title='bbox 1409 2106 1579 2127; x_wconf 79' lang='lat' dir='ltr'>memorasse</span> 
     </span>
    </p>

    <p class='ocr_par' dir='ltr' id='par_1_20' title="bbox 913 2151 1579 2432">
     <span class='ocr_line' id='line_1_52' title="bbox 1039 2151 1189 2185; baseline 0 -10"><span class='ocrx_word' id='word_1_271' title='bbox 1039 2151 1189 2185; x_wconf 78' lang='lat' dir='ltr'>putarem,</span> 
     </span>
     <span class='ocr_line' id='line_1_53' title="bbox 1000 2194 1576 2234; baseline 0.002 -12"><span class='ocrx_word' id='word_1_272' title='bbox 1000 2194 1032 2224; x_wconf 78' lang='lat' dir='ltr'>Si</span> <span class='ocrx_word' id='word_1_273' title='bbox 1048 2205 1104 2234; x_wconf 83' lang='lat' dir='ltr'>quo</span> <span class='ocrx_word' id='word_1_274' title='bbox 1126 2206 1184 2224; x_wconf 81' lang='lat' dir='ltr'>non</span> <span class='ocrx_word' id='word_1_275' title='bbox 1202 2194 1336 2233; x_wconf 71' lang='lat' dir='ltr'>prohibet</span> <span class='ocrx_word' id='word_1_276' title='bbox 1360 2194 1405 2224; x_wconf 73' lang='lat' dir='ltr'>lex</span> <span class='ocrx_word' id='word_1_277' title='bbox 1424 2199 1490 2229; x_wconf 74' lang='grc' dir='ltr'>ειιιι,</span> <span class='ocrx_word' id='word_1_278' title='bbox 1505 2204 1576 2234; x_wconf 84' lang='lat' dir='ltr'>gra-</span> 
     </span>
     <span class='ocr_line' id='line_1_54' title="bbox 1044 2249 1161 2279; baseline 0 -6"><span class='ocrx_word' id='word_1_279' title='bbox 1044 2249 1103 2279; x_wconf 76' lang='lat' dir='ltr'>tus,</span> <span class='ocrx_word' id='word_1_280' title='bbox 1120 2254 1161 2273; x_wconf 84' lang='lat' dir='ltr'>eo.</span> 
     </span>
     <span class='ocr_line' id='line_1_55' title="bbox 914 2291 1578 2333; baseline 0 -11"><span class='ocrx_word' id='word_1_281' title='bbox 914 2292 945 2322; x_wconf 90' lang='lat' dir='ltr'>Si</span> <span class='ocrx_word' id='word_1_282' title='bbox 963 2292 1028 2323; x_wconf 90' lang='lat' dir='ltr'>sine</span> <span class='ocrx_word' id='word_1_283' title='bbox 1045 2292 1169 2323; x_wconf 87' lang='lat' dir='ltr'>nomine</span> <span class='ocrx_word' id='word_1_284' title='bbox 1188 2302 1225 2322; x_wconf 89' lang='lat' dir='ltr'>eo</span> <span class='ocrx_word' id='word_1_285' title='bbox 1244 2301 1343 2333; x_wconf 89' lang='lat' dir='ltr'>usque</span> <span class='ocrx_word' id='word_1_286' title='bbox 1358 2291 1404 2323; x_wconf 90' lang='lat' dir='ltr'>tui</span> <span class='ocrx_word' id='word_1_287' title='bbox 1420 2291 1578 2323; x_wconf 88' lang='lat' dir='ltr'>meminis-</span> 
     </span>
     <span class='ocr_line' id='line_1_56' title="bbox 914 2340 1578 2383; baseline 0.002 -12"><span class='ocrx_word' id='word_1_288' title='bbox 914 2352 992 2377; x_wconf 83' lang='lat' dir='ltr'>sem,</span> <span class='ocrx_word' id='word_1_289' title='bbox 1009 2346 1117 2382; x_wconf 82' lang='lat' dir='ltr'>gratus</span> <span class='ocrx_word' id='word_1_290' title='bbox 1133 2352 1188 2383; x_wconf 85' lang='lat' dir='ltr'>pro</span> <span class='ocrx_word' id='word_1_291' title='bbox 1204 2345 1249 2371; x_wconf 80' lang='lat' dir='ltr'>tot</span> <span class='ocrx_word' id='word_1_292' title='bbox 1262 2340 1434 2377; x_wconf 81' lang='lat' dir='ltr'>beneficiis,</span> <span class='ocrx_word' id='word_1_293' title='bbox 1450 2351 1512 2382; x_wconf 90' lang='lat' dir='ltr'>quo</span> <span class='ocrx_word' id='word_1_294' title='bbox 1526 2341 1578 2372; x_wconf 82' lang='lat' dir='ltr'>lex</span> 
     </span>
     <span class='ocr_line' id='line_1_57' title="bbox 913 2389 1579 2432; baseline -0.002 -11"><span class='ocrx_word' id='word_1_295' title='bbox 913 2396 968 2422; x_wconf 90' lang='lat' dir='ltr'>tua</span> <span class='ocrx_word' id='word_1_296' title='bbox 981 2401 1030 2421; x_wconf 89' lang='lat' dir='ltr'>me</span> <span class='ocrx_word' id='word_1_297' title='bbox 1046 2390 1189 2432; x_wconf 86' lang='lat' dir='ltr'>progredi</span> <span class='ocrx_word' id='word_1_298' title='bbox 1203 2400 1264 2420; x_wconf 85' lang='lat' dir='ltr'>non</span> <span class='ocrx_word' id='word_1_299' title='bbox 1280 2389 1436 2431; x_wconf 84' lang='lat' dir='ltr'>prohibet.</span> <span class='ocrx_word' id='word_1_300' title='bbox 1460 2390 1579 2421; x_wconf 73' lang='lat' dir='ltr'>Bumu.</span> 
     </span>
    </p>

    <p class='ocr_par' dir='ltr' id='par_1_21' title="bbox 956 2438 1577 2480">
     <span class='ocr_line' id='line_1_58' title="bbox 956 2438 1577 2480; baseline -0.002 -9"><span class='ocrx_word' id='word_1_301' title='bbox 956 2440 1009 2471; x_wconf 89' lang='lat'>36.</span> <span class='ocrx_word' id='word_1_302' title='bbox 1028 2440 1096 2471; x_wconf 82' lang='lat' dir='ltr'>Non</span> <span class='ocrx_word' id='word_1_303' title='bbox 1110 2441 1243 2480; x_wconf 78' lang='lat' dir='ltr'>prohibet</span> <span class='ocrx_word' id='word_1_304' title='bbox 1260 2440 1344 2480; x_wconf 50' lang='lat' dir='ltr'>vom]</span> <span class='ocrx_word' id='word_1_305' title='bbox 1364 2440 1497 2471; x_wconf 88' lang='lat' dir='ltr'>Gratam</span> <span class='ocrx_word' id='word_1_306' title='bbox 1510 2438 1577 2471; x_wconf 85' lang='lat' dir='ltr'>ani—</span> 
     </span>
    </p>

    <p class='ocr_par' dir='ltr' id='par_1_22' title="bbox 913 2489 1406 2522">
     <span class='ocr_line' id='line_1_59' title="bbox 913 2489 1406 2522; baseline 0.004 -3"><span class='ocrx_word' id='word_1_307' title='bbox 913 2489 955 2520; x_wconf 86' lang='lat' dir='ltr'>mi</span> <span class='ocrx_word' id='word_1_308' title='bbox 971 2489 1215 2522; x_wconf 85' lang='lat' dir='ltr'>recordationem</span> <span class='ocrx_word' id='word_1_309' title='bbox 1230 2500 1293 2521; x_wconf 89' lang='lat' dir='ltr'>non</span> <span class='ocrx_word' id='word_1_310' title='bbox 1308 2495 1406 2521; x_wconf 86' lang='lat' dir='ltr'>vetas.</span> 
     </span>
    </p>
   </div>
  </div>
 </body>
</html>
