1760 3172
438 176 626 218 ARTIS
659 175 1016 218 AMATORIAE
1050 178 1169 219 LIB.
1203 179 1295 219 Ill.
1515 180 1572 221 85

169 289 243 337 Tu
269 307 487 355 quoque,
515 292 595 339 cui
620 292 829 340 Veneris
856 309 1058 340 sensum
1084 299 1260 340 natura
1285 296 1498 356 negavit,

235 367 416 416 Dulcia
439 369 667 417 mendaci
693 369 876 431 gaudia
899 369 1031 431 finge
1057 386 1196 417 sono.

169 444 365 501 Infelix,
393 447 473 492 cui
498 453 663 509 torpet
687 447 843 493 hebes
868 447 1008 493 locus
1034 447 1133 502 ille,
1161 449 1329 511 puella
1353 466 1434 505 es;

234 522 347 577 Quo
371 524 555 587 pariter
580 523 767 570 debent
790 523 973 570 femina
997 524 1170 587 virque
1196 524 1305 571 frui.
1466 532 1562 575 800

167 599 400 659 Tantum,
427 617 542 648 cum
565 601 741 663 finges,
770 618 832 648 ne
859 601 926 648 sis
951 601 1215 650 manifesta
1239 610 1440 651 caveto:

232 677 387 725 Effice
412 695 500 742 per
524 686 714 725 motum
743 679 1032 742 luminaque
1057 679 1167 743 ipsa
1190 679 1358 730 fidem.

163 754 309 809 Quod
328 757 497 818 juvet:
537 763 587 802 et
609 771 758 802 voces
783 763 834 803 et
858 756 1106 803 anhelitus
1132 764 1308 819 arguat
1332 759 1446 805 oris.

227 832 308 879 Ah
332 833 516 897 pudet!
554 850 759 881 arcanas
785 850 899 898 pars
926 834 1077 881 habet
1101 834 1197 881 ista
1221 842 1379 883 notas.

162 910 361 958 Gaudia
385 918 499 975 post
519 911 729 959 Veneris
749 928 861 975 quae
888 918 1064 975 poscet
1082 928 1261 959 munus
1288 920 1553 969 amantem,

228 987 348 1051 Ipsa
371 1005 486 1036 suas
511 989 648 1036 nolet
672 989 869 1052 pondus
896 989 1080 1037 habere
1105 1006 1298 1053 preceS.
1460 996 1554 1040 806

162 1064 208 1112 N
214 1081 272 1113 ec
295 1067 461 1113 lucem
486 1065 536 1112 in
561 1067 808 1113 thalamos
834 1066 950 1113 totis
977 1067 1185 1114 admitte
1207 1068 1451 1116 fenestris.

228 1142 410 1207 Aptius
435 1144 486 1190 in
509 1151 674 1192 vestro
699 1160 907 1208 corpore
932 1145 1090 1191 multa
1113 1144 1285 1192 latent.

162 1220 323 1268 Lusus
349 1221 502 1269 habet
525 1211 704 1269 finem:
746 1222 919 1285 cycnis
944 1222 1252 1269 descendere
1278 1230 1493 1286 tempus,

226 1298 493 1346 Duxerunt
517 1300 646 1346 collo
672 1299 756 1361 qui
777 1300 901 1362 juga
925 1305 1093 1345 nostro
1119 1315 1226 1345 suo.
1458 1304 1555 1348 810

162 1376 231 1424 Ut
256 1377 508 1440 quondam
528 1378 758 1440 juveneS,
786 1376 855 1423 ita
879 1392 1028 1432 nunc,
1056 1392 1168 1423 mea
1191 1377 1352 1434 turba,
1374 1380 1552 1442 puellae

225 1453 510 1501 Inscribant
534 1454 721 1517 spoliis,
752 1453 890 1501 Naso
915 1454 1152 1516 magister
1176 1462 1298 1501 erat.

198 1599 272 1630 805.
289 1598 413 1630 Gaudia
421 1605 485 1639 post
502 1599 634 1637 Veneris,
644 1600 720 1641 &c.]
748 1601 819 1631 Me·
888 1600 1021 1630 Veneris
1045 1606 1216 1642 peractum,
1238 1600 1298 1630 ἃς.
1342 1601 1404 1632 Sed
1431 1608 1478 1633 est
1503 1601 1554 1632 hic

156 1649 224 1680 rula
238 1649 277 1680 de
290 1649 461 1690 repetenda
476 1650 599 1680 Venere
615 1650 699 1681 hune
715 1651 819 1681 locum
886 1649 973 1680 locus
983 1648 1176 1691 ἀμφίβολος.
1184 1649 1378 1690 possetenim
1390 1656 1421 1681 et
1436 1651 1474 1681 de
1485 1662 1557 1692 pre-

155 1697 283 1740 exponit
303 1698 362 1729 hoc
385 1698 503 1729 ordine.
552 1699 625 1734 Quae
644 1702 736 1740 poscit
754 1712 820 1730 mu-
888 1699 931 1729 tio
945 1699 1010 1730 sive
1025 1699 1107 1729 dono
1124 1698 1249 1740 exponi,
1265 1698 1323 1729 hoc
1339 1700 1430 1730 modo
1445 1713 1450 1729 :
1473 1702 1552 1737 Quae

154 1749 438 1789 nuspostgaudium
450 1748 572 1779 Veneris
581 1750 824 1785 aba7naute,&c.
891 1748 991 1790 poscit
1013 1753 1182 1783 amantem,
1199 1747 1264 1778 sive
1286 1749 1324 1778 ab
1346 1755 1469 1780 amante
1486 1761 1553 1781 mu-

154 1797 234 1833 Quae
246 1797 271 1828 si
283 1796 382 1828 verior
394 1797 545 1840 expositio
555 1804 614 1835 est,
622 1798 728 1829 malim
742 1810 818 1830 eun·
888 1808 958 1834 nus,
973 1804 1041 1841 post
1060 1797 1177 1840 gaudia
1191 1798 1334 1834 Veneris,
1349 1799 1471 1830 scilicet
1485 1811 1554 1841 per-

153 1845 226 1877 dem
248 1847 332 1878 hune
352 1847 493 1879 ordinem
517 1847 641 1885 inverti,
662 1850 819 1890 verbaque
887 1853 970 1884 acta,
984 1848 1043 1878 ἃς.
1067 1848 1175 1883 Quare
1191 1852 1222 1877 et
1238 1847 1320 1877 hunc
1336 1847 1367 1877 in
1385 1848 1488 1878 medio
1504 1860 1551 1879 re-

153 1895 222 1937 ipsa
241 1896 285 1927 sic
306 1896 461 1928 construi:
487 1898 567 1934 Quae
589 1898 668 1939 petit
688 1897 816 1939 gaudia,
886 1897 1078 1939 linquamus,
1101 1897 1228 1927 Mieu.
1254 1896 1357 1927 Posce!
1372 1898 1472 1939 prima
1486 1898 1552 1929 edi-

152 1944 271 1978 scilicet
281 1946 390 1983 altera,
397 1952 466 1989 post
478 1957 592 1978 munus
603 1947 669 1979 sive
682 1947 818 1979 officium
887 1947 929 1978 tio
943 1952 976 1978 et
990 1946 1111 1989 Regius
1123 1959 1131 1986 5
1152 1946 1207 1988 qui
1220 1952 1252 1978 et
1264 1955 1408 1979 amantes.
1432 1948 1552 1982 Ham&

978 2795 1041 2825 (1¹53
