1760 3172
211 167 295 209 310

598 166 649 207 P.
684 165 899 208 OVIDII
933 166 1213 210 NASONIS

219 281 310 328 Est
334 280 538 344 aliquid,
565 280 714 328 fatale
740 281 925 328 malum
949 297 1037 345 per
1061 283 1212 330 verba
1236 284 1382 331 levari
1405 302 1414 332 ε

285 357 393 405 Hoc
416 359 672 422 querulam
693 358 922 406 Procnen
944 358 1340 423 Halcyonenque
1359 360 1492 408 facit.
1531 365 1594 409 60

219 434 328 481 Hoc
353 441 474 490 erat,
502 435 550 481 in
575 435 739 497 gelido
765 451 916 498 quare
943 435 1199 483 Poeantius
1225 445 1363 484 antro

283 511 418 559 Voce
444 511 673 573 fatigaret
700 511 904 559 Lemnia
929 529 1050 560 saxa
1075 529 1179 560 sua.

221 587 508 650 Strangulat
532 588 753 636 inclusus
779 590 934 645 dolor,
956 598 1107 653 atque
1133 597 1375 638 exaestuat
1398 592 1557 649 intus;

286 665 495 727 Cogitur
520 673 570 713 et
593 667 720 714 vires
745 667 1073 731 multiplicare
1101 684 1232 715 suas.

218 740 297 788 Da
320 743 512 789 veniam
539 744 720 806 potius,
748 745 825 791 vel
850 752 980 792 totos
1006 746 1122 793 tolle
1148 745 1370 801 libellos;
1531 749 1593 794 65

284 818 411 875 Hoc,
438 820 557 867 mihi
584 821 718 883 quod
740 822 957 885 prodest,
985 823 1024 870 si
1050 823 1157 880 tibi,
1184 823 1355 878 lector,
1382 822 1539 869 obest.

217 896 317 943 Sed
342 912 505 959 neque
529 899 706 946 obesse
732 907 924 963 potest:
957 901 1043 947 ulli
1069 916 1159 947 nec
1186 899 1372 963 scripta
1395 899 1595 946 fuerunt

280 973 476 1031 Nostra,
504 975 597 1022 nisi
623 978 811 1024 auctori
837 978 1115 1041 perniciosa
1140 994 1246 1024 suo,

215 1050 282 1096 At
306 1051 434 1097 mala
458 1058 600 1109 sunt3
630 1052 813 1101 fateor:
843 1055 955 1116 quis
979 1062 1029 1102 te
1056 1055 1185 1101 mala
1210 1069 1403 1100 sumere
1429 1053 1594 1115 cogit?

281 1126 383 1174 Aut
407 1128 518 1190 quis
543 1128 809 1193 deceptum
833 1147 1015 1194 ponere
1042 1138 1206 1178 sumta
1229 1130 1394 1177 vetat?
1531 1133 1593 1176 70

216 1201 333 1265 Ipse
359 1220 450 1251 nec
472 1205 681 1252 emendo
703 1223 713 1253 ε
742 1207 846 1262 sed,
870 1214 925 1253 ut
948 1207 1026 1254 hic
1051 1207 1269 1255 deducta
1292 1207 1535 1269 legantur,

283 1279 395 1327 Non
421 1288 536 1328 sunt
560 1281 645 1329 illa
668 1298 756 1329 suo
781 1283 1063 1330 barbariora
1085 1284 1220 1331 loco:

216 1356 324 1404 Nec
351 1374 429 1405 me
456 1358 618 1407 Roma
641 1359 743 1406 suis
768 1360 919 1407 debet
942 1359 1162 1407 conferre
1188 1358 1375 1424 poetis;

282 1432 419 1480 Inter
446 1434 763 1482 Sauromatas
790 1436 1076 1498 ingeniosus
1102 1453 1200 1484 ero.

255 1587 306 1618 60.
324 1587 490 1630 Hocfacit,
505 1589 584 1630 &e.]
610 1589 688 1621 Haec
707 1600 801 1621 causa
821 1590 866 1621 fa-

212 1635 265 1672 cit,
281 1642 315 1667 ut
330 1637 448 1668 Procne
465 1638 592 1679 querulo
615 1644 708 1669 cantu
729 1639 867 1670 dolorem

209 1685 313 1715 levet:
339 1696 408 1727 quae
433 1686 492 1717 suit
515 1687 579 1717 filia
594 1687 766 1718 Pandionis
786 1688 867 1729 regis

210 1733 466 1766 Atheniensium:
490 1736 561 1766 vide
583 1736 646 1767 fab.
669 1737 753 1778 apud
773 1737 867 1769 Ovid.

212 1783 346 1814 Metam.
362 1783 403 1813 vi.
424 1789 455 1814 et
477 1784 527 1822 xi;
553 1790 584 1815 et
605 1785 788 1827 Apollodor.
811 1786 867 1817 lib.

211 1831 254 1862 iii.
288 1833 523 1874 Halcyonasque.
549 1835 648 1875 Ceyx,
672 1834 753 1866 filius
776 1835 867 1866 Luci-

211 1881 276 1917 feri,
304 1881 412 1913 habuit
433 1883 597 1924 conjugem
618 1884 823 1924 Halcyonem,
849 1896 867 1915 a

210 1940 272 1971 qua
291 1941 386 1971 quum
409 1931 581 1973 prohibitus
604 1932 709 1963 ivisset
735 1933 775 1963 ad
795 1944 867 1964 con·

210 1979 372 2011 sulendum
398 1981 579 2021 Apollinem
608 1981 646 2012 de
672 1987 754 2012 statu
781 1983 866 2024 regni

211 2027 270 2063 sui,
296 2028 456 2070 naufragio
485 2030 584 2071 periit.
630 2030 728 2072 Cujus
756 2041 866 2073 corpus

212 2088 307 2119 quum
324 2078 363 2108 ad
378 2090 503 2110 uxorem
519 2080 712 2121 Halcyonem
728 2081 866 2112 delatum

212 2125 329 2163 fuisset,
341 2127 396 2158 illa
411 2139 442 2158 se
458 2129 665 2170 praecipitavit
683 2130 714 2160 in
731 2131 869 2172 pelagus.

212 2175 253 2205 Et
277 2177 415 2207 conversi
433 2183 505 2208 sunt
526 2179 616 2209 ambo
637 2178 669 2209 in
690 2189 762 2210 aves
778 2180 869 2210 mari-

212 2234 278 2260 nas,
306 2236 375 2266 quae
404 2226 582 2268 Halcyones
607 2234 765 2258 vocantur.
811 2230 869 2260 Fa—

211 2273 317 2304 bulam
341 2281 444 2305 narrat
465 2275 609 2313 Ovidius,
631 2277 712 2308 Met.
731 2277 808 2309 libro
828 2279 869 2310 xi.

213 2322 288 2352 742.
302 2334 371 2365 sqq.

255 2372 306 2402 61.
323 2372 362 2402 In
374 2375 472 2414 gelido
486 2374 639 2405 Poeuntins
652 2376 767 2416 antra]
795 2376 867 2407 Sax-

211 2431 262 2450 um
277 2422 356 2452 illud
373 2422 530 2452 Lemnium
545 2424 672 2454 clamore
690 2424 868 2456 Philocteteo

202 2470 388 2511 funestare;
414 2471 482 2502 Cic.
511 2472 549 2503 de
575 2472 659 2503 finib.
684 2473 738 2504 lib.
758 2473 789 2505 ii.
814 2475 867 2506 ubi

213 2518 292 2550 hanc
316 2519 453 2551 fabulam
474 2521 622 2562 praeclare
644 2522 676 2552 in
700 2534 772 2554 suos
796 2535 868 2556 usus

211 2568 364 2599 transfert.
404 2569 576 2609 Contempla
605 2571 680 2602 hanc
703 2574 809 2608 sedem,
834 2575 867 2603 in.

209 2628 268 2655 qua
282 2628 333 2659 ego
350 2629 446 2649 novem
465 2619 578 2659 hyemes
592 2630 659 2650 saxo
673 2627 786 2652 stratus
796 2632 865 2661 per·

212 2666 292 2701 11111'3
317 2666 433 2698 Attius.
459 2666 549 2706 Μηδὲ
579 2667 760 2710 σύντροφον
792 2669 866 2712 ὄμμ’

211 2712 309 2753 ἔχων·
347 2716 493 2757 Sophocl.
532 2717 594 2748 fab.
621 2719 652 2748 7.
703 2718 865 2750 Pffantins.

934 1590 1124 1620 Philoctetes
1141 1589 1278 1620 Paeantis
1293 1589 1394 1620 filius:
1412 1587 1482 1620 vide
1499 1589 1593 1620 Ovid.

935 1640 1013 1670 Met.
1028 1638 1085 1669 lib.
1097 1637 1162 1668 xiii.
1175 1639 1215 1669 45
1230 1651 1236 1668 :

1108 1687 1177 1718 Non
1193 1694 1230 1723 te,
1249 1687 1386 1718 Paeantia
1399 1688 1506 1726 proles,

979 1737 1149 1776 Expositum
1174 1737 1298 1768 Lemnos
1320 1744 1418 1768 nostro
1441 1748 1508 1767 cum
1532 1738 1591 1767 cri-

1019 1789 1095 1818 mine
1110 1787 1239 1823 haberet,

981 1835 1152 1872 Qui'mcnc,
1171 1843 1203 1865 uc
1223 1841 1396 1871 memorant,
1411 1836 1592 1866 silvestribus

1021 1886 1139 1915 abditus
1155 1887 1263 1921 antris,

977 1932 1054 1964 Saxa
1089 1945 1180 1964 moues
1213 1936 1339 1975 gemitu,
1366 1933 1592 1974 Laertiadoeque

1016 1985 1158 2022 precaris,
1175 1983 1234 2013 Sec.

977 2032 1030 2062 63.
1046 2032 1227 2073 Str-angatur
1244 2032 1376 2062 inclusus
1396 2031 1505 2072 dolatu]
1531 2032 1590 2063 Os-

934 2080 1034 2111 tendit
1059 2081 1195 2112 dolorem
1221 2092 1429 2123 compressum
1457 2081 1591 2122 graviter

935 2130 1088 2161 hominem
1105 2131 1266 2162 conficere.

977 2180 1029 2210 69.
1053 2181 1093 2209 At
1118 2181 1196 2210 mala
1221 2179 1319 2219 surm]
1354 2179 1490 2210 Minellii
1517 2186 1590 2211 nota

935 2234 999 2258 est:
1025 2232 1045 2245 “
1062 2228 1200 2269 Negavit
1225 2228 1291 2258 haec
1316 2227 1430 2270 scripta
1454 2227 1510 2258 ulli
1535 2229 1590 2259 ob-

935 2288 1019 2308 esse:
1055 2277 1104 2308 hic
1132 2276 1297 2319 objectioni
1326 2277 1522 2318 respondens,
1551 2288 1590 2308 ea

935 2326 1019 2356 mala
1041 2326 1166 2367 quidem
1190 2336 1255 2356 esse
1274 2326 1442 2367 profitetur,
1459 2326 1514 2356 sed
1536 2337 1589 2357 ne-

935 2375 1050 2406 minem
1065 2375 1103 2406 ad
1116 2385 1219 2406 eorum
1236 2375 1399 2406 lectionem
1414 2375 1493 2417 cogi,
1506 2376 1587 2417 quod

934 2433 953 2454 a
967 2435 1000 2454 se
1017 2435 1077 2455 non
1093 2424 1327 2455 emendentur.’'

978 2474 1028 2504 71.
1046 2474 1211 2514 Deducta]
1243 2474 1274 2504 h.
1286 2484 1314 2505 e.
1338 2473 1471 2504 tenuiter
1493 2473 1588 2516 scrip·

934 2528 984 2552 ta:
1014 2523 1173 2554 translatio
1202 2523 1331 2554 sumitur
1360 2533 1379 2553 a
1405 2523 1486 2559 lana,
1516 2533 1585 2564 quae

933 2571 1097 2603 deducitur
1117 2571 1149 2602 in
1169 2571 1364 2609 tenuitatem,
1381 2578 1415 2603 ut
1429 2583 1465 2603 ex
1481 2573 1586 2603 Servio

934 2620 973 2650 ad
992 2620 1078 2662 Virg.
1095 2621 1162 2652 Ecl.
1173 2621 1213 2651 vi.
1224 2623 1257 2653 5.
1273 2627 1370 2652 notat.
1385 2622 1587 2663 Verpoorten.

932 2669 1078 2700 HAnLEs.
