1760 3172
451 146 763 188 TRISTIUM
795 146 916 187 LIB.
951 146 1006 189 V.
1037 148 1218 190 ELEG.
1251 149 1333 190 VI.
1504 152 1590 193 325

197 261 406 309 Sarcina
429 278 556 317 sum,
583 262 740 309 fateor
757 277 949 329 {squam
976 261 1016 308 si
1043 269 1097 308 tu
1122 270 1347 326 tempore
1368 265 1492 312 duro
1559 269 1588 313 5

263 337 598 401 Depositurus
624 335 875 404 erassum]
902 339 1165 386 subeunda
1185 339 1295 386 fuit.

196 415 456 462 Fluctibus
479 415 527 461 in
553 407 736 463 mediis
756 431 950 471 navem,
979 414 1231 471 Palinure,
1260 417 1536 480 relinquis?

264 491 343 539 Ne
368 492 514 554 fuge3
557 508 681 540 neve
707 499 796 539 tua
820 492 885 538 sit
910 492 1069 538 minor
1094 498 1198 539 arte
1223 492 1365 539 fides.

197 566 458 630 Numquid
477 567 748 623 Achilleos,
777 569 904 614 inter
923 567 1027 615 fera
1051 568 1235 631 praelia,
1264 568 1349 615 fidi

263 644 500 691 Deseruit
524 645 697 691 levitas
722 644 1111 692 Automedontis
1139 645 1330 706 equos?
1533 650 1591 694 lO

196 719 361 774 Quem
387 721 541 767 semel
568 715 1059 799 exceIJitVi‘iiimcluid
1084 720 1365 767 Podalirius
1393 737 1524 784 aegro

262 795 568 843 Promissam
593 795 802 843 medicae
828 812 926 842 non
951 796 1065 842 tulit
1090 797 1208 843 artis
1236 799 1420 860 opem?

195 871 411 936 Turpius
437 873 649 935 ejicitur,
678 888 829 934 quam
857 888 954 918 non
980 872 1259 920 admittitur
1283 875 1495 938 hospes3

263 948 387 1003 Quae
411 949 590 1033 patuit,
618 949 809 995 dextrae
835 948 977 995 firma
1002 949 1066 996 sit
1091 965 1175 996 ara
1200 966 1340 998 meae.

197 1025 245 1072 N
250 1025 300 1082 11
328 1025 422 1073 nisi
448 1042 527 1072 me
554 1025 731 1081 solum,
760 1025 918 1088 primo
940 1032 1131 1072 tutatus
1158 1043 1240 1074 es:
1257 1030 1321 1074 at
1345 1044 1476 1075 nunc
1534 1032 1590 1076 15

264 1102 352 1149 Me
376 1103 562 1166 pariter
587 1119 758 1161 selva,
758 1102 1117 1186 judiciumque
1143 1110 1312 1151 tuum:

199 1179 253 1226 Si
273 1180 420 1227 modo
439 1196 536 1227 non
558 1180 728 1242 aliqua
747 1179 889 1226 estin
905 1195 984 1226 me
1001 1195 1127 1226 nova
1145 1180 1322 1243 culpa;
1354 1167 1593 1245 tuamque

266 1255 435 1304 Mutax
439 1264 527 1303 unt
552 1256 718 1303 subito
743 1255 953 1303 crimina
977 1262 1146 1303 nostra
1170 1256 1350 1304 fidem:

199 1333 415 1398 Spiritus
454 1334 552 1389 hic,
599 1334 841 1398 Scythica
877 1350 1028 1399 quem
1063 1350 1161 1380 non
1194 1334 1324 1380 bene
1363 1334 1593 1382 ducimus

264 1409 413 1479 Quod
439 1411 602 1475 cupio,
624 1411 862 1459 membris
888 1400 1038 1459 exeat
1064 1418 1181 1459 ante
1208 1411 1349 1467 meis,
1434 1413 1591 1473 [aura,

197 1475 362 1541 Quain
386 1493 474 1534 tua
498 1488 682 1535 delicto
708 1488 1015 1550 stringantur
1040 1495 1248 1552 pectora
1269 1495 1453 1544 nostro,
1528 1492 1585 1536 21

266 1563 333 1611 Et
355 1564 524 1611 videar
548 1565 724 1612 merito
748 1565 890 1612 vilior
913 1581 1025 1612 esse
1050 1565 1158 1612 tibi.

199 1639 314 1687 Non
340 1640 465 1688 adeo
490 1641 581 1687 toti
607 1640 720 1687 fatis
747 1657 980 1703 urgemur
1006 1641 1207 1704 iniquis,

267 1716 339 1764 Ut
363 1733 475 1765 mea
500 1717 563 1764 sit
587 1717 749 1780 longis
775 1734 916 1765 mens
943 1734 1148 1781 quoque
1173 1726 1308 1765 mota
1335 1720 1495 1766 malis.

200 1793 355 1856 Finge
373 1801 542 1841 tamen
558 1802 743 1841 motam
763 1787 999 1858 qsduoties
1016 1796 1395 1857 Agamemnone
1421 1804 1595 1843 natum

267 1870 471 1919 Dixisse
497 1871 547 1918 in
574 1871 803 1935 Pyladen
828 1873 979 1920 verba
1003 1879 1235 1936 proterva
1259 1873 1442 1935 putas?
1531 1877 1594 1920 26

197 1983 272 2016 ceps
294 1973 404 2004 leviter
426 1973 620 2013 deseruisse3
644 1974 717 2005 dein
732 1985 787 2016 pro
809 1986 862 2005 cu.-
979 1976 1030 2005 ll.
1066 1974 1229 2015 Nunquam
1263 1974 1463 2015 Podalirius]
1498 1976 1597 2006 Num-

197 2033 264 2053 ram
279 2023 398 2065 recepit
410 2034 482 2054 cum
496 2024 670 2056 Combiano
682 2024 761 2055 libro
776 2036 861 2055 caus-
931 2026 1004 2064 quid
1029 2034 1101 2054 cum
1126 2023 1310 2054 Combiano.
1335 2024 1452 2055 HmNs.
1499 2025 1599 2055 Poda-

196 2083 270 2108 sam,
294 2071 370 2113 quja
397 2071 510 2103 melius
539 2073 706 2115 respondet
733 2074 779 2115 τῷ
799 2085 862 2104 sus·
933 2075 1030 2104 lirius.
1057 2072 1260 2114 AEsculapius
1281 2072 1360 2103 filios
1380 2073 1506 2115 reliquit
1525 2074 1598 2105 Ma-

198 2123 286 2161 cepti,
302 2127 338 2152 ut
353 2120 386 2151 ii.
401 2132 419 2153 e
435 2122 537 2153 Ponto
553 2122 585 2153 ii.
609 2124 661 2154 45.
707 2123 863 2164 Equidem
932 2122 1095 2158 chaonem‚
1134 2128 1165 2153 et
1203 2122 1408 2158 Podalirium,
1447 2122 1501 2164 qui
1540 2124 1598 2154 arti

198 2181 304 2201 curam
325 2170 465 2202 nondum
485 2171 679 2207 damnarem,
697 2183 795 2213 quum
809 2183 864 2203 czc-
931 2178 1070 2213 paternae
1086 2172 1195 2208 dediti,
1212 2183 1310 2213 quum
1332 2172 1372 2202 ad
1387 2172 1511 2213 Trojam
1527 2183 1599 2203 cum

198 2230 264 2250 ram
288 2221 448 2259 suscipere,
476 2225 596 2251 veteres
624 2231 748 2262 quoque
778 2220 863 2252 dice·
931 2221 1170 2262 Agamemnone
1197 2221 1408 2262 navigassent,
1430 2222 1599 2262 plurimum

198 2272 280 2302 rent,
315 2268 398 2299 Loca
424 2268 513 2299 dabit
534 2269 667 2300 Gesneri
686 2269 864 2301 Thesaurus
932 2271 1052 2302 Graecis
1076 2270 1107 2301 in
1134 2281 1170 2301 eo
1194 2270 1277 2300 bello
1305 2270 1451 2300 curandis
1475 2281 1597 2301 summo

199 2318 238 2348 L.
249 2317 285 2348 L.
302 2317 359 2348 sub
375 2328 404 2347 v.
420 2319 576 2357 suscipere.
610 2318 761 2349 Hinmzs.
932 2319 1036 2350 studio
1053 2318 1236 2349 vulneribus
1251 2318 1395 2360 opitulati
1411 2324 1493 2355 sunt,
1511 2330 1597 2360 mag-

245 2367 274 2397 7.
299 2365 465 2397 Palinurus
483 2367 564 2398 fidus
580 2369 690 2398 EEneae
710 2369 863 2409 guberna·
932 2379 1003 2398 nam
1017 2369 1054 2398 ob
1071 2368 1102 2398 id
1119 2367 1248 2408 gloriam
1265 2367 1382 2408 adepti.

199 2420 260 2451 tor,
278 2426 387 2446 somno
412 2422 523 2458 captus
545 2417 577 2447 in
594 2417 763 2459 medioque
787 2417 864 2448 mari
975 2419 1027 2447 21.
1045 2416 1278 2457 Stringantzzr.]
1298 2416 1329 2446 h.
1344 2427 1371 2446 e.
1387 2416 1552 2447 laedantur.
1571 2428 1599 2447 v.

199 2465 359 2507 delapsus,
384 2476 497 2496 navem
522 2465 676 2498 destituit.
698 2478 729 2497 v.
751 2467 864 2508 virgil.
932 2475 1026 2506 supra
1051 2465 1085 2495 ii.
1118 2465 1193 2496 563.
1224 2465 1424 2506 frangantur
1454 2464 1542 2495 Leid.
1569 2471 1601 2496 et

202 2515 277 2545 AEn.
292 2525 322 2544 v.
339 2514 412 2545 833.
428 2525 498 2556 sqq.
531 2516 680 2546 HARLES.
936 2515 1031 2545 Bern.
1048 2516 1211 2555 tinguntur
1227 2513 1308 2544 alius
1323 2525 1328 2542 :
1354 2524 1438 2549 mox,
1453 2524 1511 2543 meo
1522 2514 1599 2544 Ber·

248 2563 298 2593 10.
317 2562 458 2593 Deseruit
475 2565 606 2606 levitas.]
626 2565 698 2606 Ipse
714 2565 867 2596 Autome·
936 2574 1024 2594 nens.
1040 2563 1110 2593 cod.
1126 2563 1195 2593 10οο
1213 2564 1289 2599 tibi;
1312 2562 1397 2603 quod
1415 2573 1476 2593 non
1491 2562 1598 2604 displi-

202 2611 265 2642 don
289 2611 369 2642 levis
392 2611 509 2649 fuisset,
528 2613 552 2644 si
576 2614 608 2645 in
632 2614 734 2644 medio
762 2614 868 2656 praelio
935 2619 995 2642 cet.
1028 2611 1177 2641 HARLES.

201 2670 326 2692 currum
341 2659 487 2697 Achillis,
504 2673 596 2704 quem
618 2664 758 2703 regebat,
778 2663 867 2693 dese·
980 2663 1032 2691 25.
1050 2660 1192 2700 Moram]
1220 2661 1360 2690 Mentem
1380 2670 1445 2689 esse
1463 2670 1598 2690 commo-

204 2708 326 2740 ruisset.
361 2709 466 2740 Ροκτ.
936 2716 1010 2739 tam.
1051 2711 1268 2750 Aganxcnzuoue
1287 2715 1400 2739 nulum.
1425 2710 1569 2739 Oresten.

1082 2759 1110 2788 Y
1127 2760 1145 2788 3
