1760 3172
572 178 868 222 REMEDlA
899 179 1162 222 AMORIS.

1479 185 1564 227 125

171 294 422 343 Enervant
446 295 636 342 animos
661 294 881 349 citharae,
908 294 1155 357 lotosque,
1183 295 1434 360 lyraeque3

237 371 304 420 Et
328 388 441 428 vox,
469 379 520 420 et
542 372 760 419 numeris
786 371 991 419 brachia
1014 378 1150 418 mota
1174 373 1293 420 suis.

171 449 281 496 Illic
307 448 517 496 adsidue
542 449 644 496 ficti
671 449 913 496 saltantur
939 455 1193 505 amantes3

1467 456 1562 501 755

238 525 373 580 Quid
398 541 574 573 caveas
601 532 754 581 actor,
783 525 904 589 quid
924 527 1082 588 juvet,
1111 532 1215 573 arte
1240 527 1404 576 docet.

169 602 390 666 Eloquar
414 603 624 650 invitus:
663 610 862 650 teneros
888 619 950 650 ne
977 610 1126 666 tange
1153 604 1343 667 poetas.

238 679 521 726 Submoveo
547 679 690 726 dotes
716 680 898 743 impius
925 680 1032 743 ipse
1058 696 1214 728 meas.

171 755 536 804 Callimachum
560 755 746 818 fugit03
787 773 886 803 non
911 764 989 804 est
1012 757 1242 804 inimicus
1268 757 1469 808 Amori:

237 832 305 879 Et
328 849 442 880 cum
469 832 781 880 Callimacho
806 841 860 881 tu
886 850 1106 897 quoque,
1127 835 1247 891 Coe,
1269 852 1437 886 noces,
1468 842 1564 886 760

169 909 257 958 Me
283 917 418 958 certe
446 910 652 974 Sappho
676 911 931 958 meliorem
957 912 1076 960 fecit
1101 913 1302 961 amicae:

235 987 343 1034 Nec
368 987 553 1050 rigidos
578 1004 740 1035 mores
766 987 888 1036 Teia
914 988 1064 1036 Musa
1088 990 1243 1038 dedit.

171 1063 408 1111 Carmina
431 1064 542 1127 quis
567 1064 731 1128 potuit
753 1072 861 1112 tuto
886 1065 1068 1127 legisse
1093 1066 1295 1124 Tibulli,

236 1140 330 1188 Vel
354 1148 456 1197 tua,
484 1142 627 1204 cujus
654 1157 780 1204 opus
808 1141 1031 1205 Cynthia
1056 1143 1162 1190 sola
1185 1144 1310 1192 fuit?

168 1217 292 1272 Quis
317 1218 479 1281 potuit
498 1218 628 1265 lecto
653 1219 805 1265 durus
832 1219 1091 1268 discedere
1119 1221 1294 1269 Gallo?

1464 1227 1559 1272 765

237 1293 304 1341 Et
327 1310 440 1342 mea
463 1295 632 1342 nescio
658 1295 780 1358 quid
807 1296 1027 1344 carmina
1051 1298 1198 1345 dulce
1223 1307 1417 1347 sonant.

167 1371 316 1426 Quod
340 1372 433 1419 nisi
459 1372 563 1419 dux
589 1373 751 1436 operis
777 1380 941 1420 vatem
965 1373 1228 1423 frustratur
1252 1375 1463 1440 Apollo;

233 1449 461 1496 AEmulus
487 1457 564 1497 est
588 1451 744 1497 nostri
769 1451 990 1499 maxima
1014 1468 1194 1500 caussa
1218 1453 1350 1500 mali.

166 1525 235 1573 At
257 1533 312 1573 tu
336 1527 539 1574 rivalem
565 1528 664 1574 noli
690 1528 783 1574 tibi
808 1528 995 1591 fingere
1021 1546 1327 1594 quemquam
1348 1549 1357 1579 z

236 1603 399 1668 Inque
425 1622 514 1652 suo
540 1606 696 1653 solam
722 1607 870 1654 crede
891 1609 1060 1670 Jacere
1078 1614 1202 1655 toro.

1465 1613 1562 1657 770

165 1681 345 1729 Acrius
371 1681 679 1730 Hermionen
703 1684 816 1732 ideo
841 1685 1018 1732 dilexit
1045 1685 1277 1743 Orestes3

237 1758 363 1808 Esse
389 1761 525 1823 quod
551 1761 752 1810 alterius
778 1773 1000 1827 coeperat
1028 1763 1113 1809 illa
1136 1763 1241 1810 viri.

209 1938 284 1969 753.
309 1937 422 1979 Lam]
447 1939 503 1970 Est
518 1940 687 1971 arbuscula
702 1939 830 1977 Africae,

167 1987 257 2029 cujus
280 1987 373 2029 lignis
395 1988 436 2019 ad
459 1989 552 2020 tibias
567 1996 687 2021 veteres
701 1991 831 2021 uteban-

166 2041 236 2075 tur3
264 2036 348 2068 unde
371 2048 426 2079 pro
445 2037 529 2068 tibiis
543 2038 618 2080 ipsis
633 2038 682 2069 hic
695 2039 831 2081 ponitur.

167 2085 285 2117 AMAB-

211 2135 284 2167 756.
311 2136 393 2170 Quid
410 2147 513 2167 caveas
528 2143 623 2172 actor,
641 2139 828 2178 quodjuvet,

164 2190 230 2214 arte
250 2186 362 2226 docet.]
392 2185 493 2216 Locus
520 2185 699 2222 mendosus,
723 2187 830 2229 scripti

165 2232 318 2275 plerique,
334 2241 441 2265 auctor
455 2240 487 2265 et
499 2236 606 2274 juvat.
629 2235 751 2277 Regius
772 2248 831 2277 qua

154 2284 259 2322 juvet.
283 2284 384 2325 Lego:

211 2332 294 2366 Quas
321 2344 424 2364 caveas
451 2339 547 2371 actor,
564 2345 625 2374 qua
643 2336 737 2374 juvet
765 2341 832 2365 arte

294 2385 390 2414 docet.

167 2432 279 2463 Caveas
289 2432 368 2463 dixit
379 2442 434 2474 pro
446 2432 675 2474 spectatoribus
686 2432 719 2463 in
734 2443 832 2464 cavea

164 2481 357 2512 sedentibus.
380 2482 500 2512 Hffixs.
546 2481 664 2512 Nescio
677 2492 717 2512 an
732 2488 829 2513 recte.

162 2530 296 2561 Caveam
315 2529 446 2560 dixisset
468 2529 614 2566 Ovidius,
632 2530 658 2561 si
680 2530 747 2561 haec
771 2530 830 2572 ipsi

163 2589 252 2610 mens
271 2579 390 2610 suisset.
413 2590 516 2620 neque
541 2591 653 2616 caveas,
676 2590 694 2610 a
716 2591 829 2617 cavere,

165 2627 243 2670 quid
263 2627 325 2658 hue
340 2627 436 2659 faciat
454 2628 559 2659 video.
582 2628 608 2659 si
631 2628 716 2659 enim
739 2629 832 2660 docet

165 2676 242 2718 quid
265 2676 306 2707 sit
327 2677 500 2714 vitandum,
516 2688 577 2708 non
598 2678 740 2709 vitandos
764 2689 830 2710 esse

164 2725 275 2756 mimos
287 2725 413 2757 doceret
428 2727 534 2768 poeta.
558 2727 693 2768 legerem
708 2739 714 2756 :

946 1941 1014 1975 Qua
1036 1942 1147 1980 capias,
1168 1947 1263 1977 actor,
1279 1942 1356 1981 quod
1370 1943 1477 1981 juvat,
1497 1949 1565 1973 arte

1027 1992 1121 2020 docet.

903 2039 1092 2079 Quodjutut
1104 2044 1150 2070 est
1165 2038 1197 2069 in
1211 2050 1272 2069 uno
1288 2039 1421 2071 Heinsii.
1444 2041 1564 2073 Mimus

899 2087 1002 2124 docet,
1016 2099 1078 2129 qua
1093 2094 1158 2119 arte
1173 2089 1280 2131 capias
1294 2089 1428 2131 puellas,
1443 2096 1475 2122 et
1490 2102 1564 2123 con-

898 2137 1038 2178 sequaris
1048 2138 1079 2168 id
1092 2138 1176 2179 quod
1185 2138 1286 2179 juvat,
1298 2139 1330 2169 id
1343 2145 1390 2170 est
1403 2140 1542 2181 puellam
1555 2154 1563 2180 3

898 2186 942 2217 sic
957 2187 1082 2224 millies,
1094 2189 1169 2227 quod
1187 2198 1275 2224 ames,
1290 2198 1344 2229 pro
1358 2199 1452 2230 quam
1467 2200 1564 2221 ames.

897 2235 1009 2267 Douza
1024 2237 1151 2277 legebat
1164 2248 1170 2266 ι

943 2285 1026 2320 Quid
1051 2296 1153 2316 careas
1176 2292 1258 2322 actu,
1285 2286 1357 2325 quid
1369 2288 1472 2325 juvet,
1497 2294 1563 2318 arte

1025 2336 1141 2366 (locent.
1401 2335 1519 2368 BUBM.

941 2382 1016 2413 759.
1034 2382 1320 2423 InimicusAmori.]
1347 2382 1564 2417 Callimachus

899 2430 1030 2472 Cyrenae
1036 2443 1080 2467 us,
1090 2443 1108 2462 a
1118 2433 1212 2462 Batto
1222 2431 1381 2467 oriundus,
1390 2432 1562 2474 elegiarum

899 2480 1030 2521 scriptor
1055 2480 1318 2522 elegantissimuS‚
1342 2482 1492 2512 amatoria
1520 2484 1561 2515 de

898 2530 984 2572 Lyde
998 2531 1169 2572 composuit
1185 2530 1334 2566 carmina,
1344 2531 1394 2561 cui
1404 2532 1561 2564 secundus

897 2580 1049 2616 Philetas,
1072 2591 1110 2610 ex
1135 2580 1200 2610 Coo
1223 2579 1326 2610 insula
1348 2580 1441 2611 maris
1466 2582 1561 2623 AEgei

896 2629 1054 2660 oriundus.
1103 2628 1324 2670 Perlegendos‚
1363 2636 1394 2660 et
1430 2630 1561 2663 adsidue

896 2678 1036 2720 quidem,
1046 2683 1198 2713 suaserat,
1211 2678 1280 2708 Art.
1290 2677 1334 2715 iii,
1345 2679 1419 2710 329.
1442 2679 1560 2714 Anun.

941 2728 1014 2758 764.
1040 2727 1172 2768 Cynthia
1196 2727 1285 2768 sola]
1320 2727 1403 2759 Hinc
1429 2736 1560 2772 apparet
