<?xml version="1.0" encoding="UTF-8"?>
<!DOCTYPE html PUBLIC "-//W3C//DTD XHTML 1.0 Transitional//EN"
    "http://www.w3.org/TR/xhtml1/DTD/xhtml1-transitional.dtd">
<html xmlns="http://www.w3.org/1999/xhtml" xml:lang="en" lang="en">
 <head>
  <title>
</title>
<meta http-equiv="Content-Type" content="text/html;charset=utf-8" />
  <meta name='ocr-system' content='tesseract 3.04.00' />
  <meta name='ocr-capabilities' content='ocr_page ocr_carea ocr_par ocr_line ocrx_word'/>
</head>
<body>
  <div class='ocr_page' id='page_1' title='image "./povidiinasonisop02oviduoft_0443.png"; bbox 0 0 1760 3172; ppageno 0'>
   <div class='ocr_carea' id='block_1_1' title="bbox 356 161 1292 204">
    <p class='ocr_par' dir='ltr' id='par_1_1' title="bbox 356 161 1292 204">
     <span class='ocr_line' id='line_1_1' title="bbox 356 161 1292 204; baseline -0.001 0"><span class='ocrx_word' id='word_1_1' title='bbox 356 162 448 204; x_wconf 93' lang='lat' dir='ltr'>EX</span> <span class='ocrx_word' id='word_1_2' title='bbox 481 161 692 203; x_wconf 90' lang='lat' dir='ltr'>PONTO</span> <span class='ocrx_word' id='word_1_3' title='bbox 727 161 846 202; x_wconf 88' lang='lat' dir='ltr'><strong>LIB.</strong></span> <span class='ocrx_word' id='word_1_4' title='bbox 882 161 945 204; x_wconf 87' lang='grc' dir='ltr'>ΙΙ.</span> <span class='ocrx_word' id='word_1_5' title='bbox 977 161 1168 203; x_wconf 90' lang='lat' dir='ltr'>EPIST.</span> <span class='ocrx_word' id='word_1_6' title='bbox 1202 162 1292 203; x_wconf 90' lang='lat' dir='ltr'>IX.</span> 
     </span>
    </p>
   </div>
   <div class='ocr_carea' id='block_1_2' title="bbox 1430 165 1515 206">
    <p class='ocr_par' dir='ltr' id='par_1_2' title="bbox 1430 165 1515 206">
     <span class='ocr_line' id='line_1_2' title="bbox 1430 165 1515 206; baseline 0.012 -1"><span class='ocrx_word' id='word_1_7' title='bbox 1430 165 1515 206; x_wconf 82' lang='lat'>433</span> 
     </span>
    </p>
   </div>
   <div class='ocr_carea' id='block_1_3' title="bbox 115 275 1511 1638">
    <p class='ocr_par' dir='ltr' id='par_1_3' title="bbox 130 275 1511 418">
     <span class='ocr_line' id='line_1_3' title="bbox 130 275 1511 343; baseline -0.001 -16"><span class='ocrx_word' id='word_1_8' title='bbox 130 279 234 327; x_wconf 85' lang='lat' dir='ltr'>Sed</span> <span class='ocrx_word' id='word_1_9' title='bbox 260 294 411 343; x_wconf 87' lang='lat' dir='ltr'>quam</span> <span class='ocrx_word' id='word_1_10' title='bbox 437 277 601 325; x_wconf 90' lang='lat' dir='ltr'>Marte</span> <span class='ocrx_word' id='word_1_11' title='bbox 626 275 782 333; x_wconf 85' lang='lat' dir='ltr'>ferox,</span> <span class='ocrx_word' id='word_1_12' title='bbox 805 284 855 324; x_wconf 89' lang='lat' dir='ltr'>et</span> <span class='ocrx_word' id='word_1_13' title='bbox 879 277 1007 325; x_wconf 87' lang='lat' dir='ltr'>vinci</span> <span class='ocrx_word' id='word_1_14' title='bbox 1033 277 1232 325; x_wconf 88' lang='lat' dir='ltr'>nescius</span> <span class='ocrx_word' id='word_1_15' title='bbox 1258 277 1421 334; x_wconf 88' lang='lat' dir='ltr'>armis,</span> <span class='ocrx_word' id='word_1_16' title='bbox 1449 282 1511 326; x_wconf 85' lang='lat'>45</span> 
     </span>
     <span class='ocr_line' id='line_1_4' title="bbox 192 353 1326 418; baseline 0 -16"><span class='ocrx_word' id='word_1_17' title='bbox 192 355 316 404; x_wconf 99' lang='lat' dir='ltr'>Tam</span> <span class='ocrx_word' id='word_1_18' title='bbox 341 370 595 418; x_wconf 90' lang='lat' dir='ltr'>nunquam</span> <span class='ocrx_word' id='word_1_19' title='bbox 620 353 753 402; x_wconf 87' lang='lat' dir='ltr'>facta</span> <span class='ocrx_word' id='word_1_20' title='bbox 777 370 900 417; x_wconf 88' lang='lat' dir='ltr'>pace</span> <span class='ocrx_word' id='word_1_21' title='bbox 925 354 1112 401; x_wconf 90' lang='lat' dir='ltr'>cruoris</span> <span class='ocrx_word' id='word_1_22' title='bbox 1139 370 1326 403; x_wconf 88' lang='lat' dir='ltr'>amans.</span> 
     </span>
    </p>

    <p class='ocr_par' dir='ltr' id='par_1_4' title="bbox 125 430 1379 564">
     <span class='ocr_line' id='line_1_5' title="bbox 125 430 1379 495; baseline -0.001 -15"><span class='ocrx_word' id='word_1_23' title='bbox 125 431 288 489; x_wconf 83' lang='lat' dir='ltr'><strong>Adde,</strong></span> <span class='ocrx_word' id='word_1_24' title='bbox 316 432 450 495; x_wconf 92' lang='lat' dir='ltr'>quod</span> <span class='ocrx_word' id='word_1_25' title='bbox 475 431 715 494; x_wconf 83' lang='lat' dir='ltr'>ingenuas</span> <span class='ocrx_word' id='word_1_26' title='bbox 737 430 974 478; x_wconf 78' lang='lat' dir='ltr'>didicisse</span> <span class='ocrx_word' id='word_1_27' title='bbox 998 430 1208 477; x_wconf 86' lang='lat' dir='ltr'>fideliter</span> <span class='ocrx_word' id='word_1_28' title='bbox 1233 438 1379 488; x_wconf 79' lang='lat' dir='ltr'>arteS,</span> 
     </span>
     <span class='ocr_line' id='line_1_6' title="bbox 192 506 1167 564; baseline -0.003 -8"><span class='ocrx_word' id='word_1_29' title='bbox 192 508 398 556; x_wconf 86' lang='lat' dir='ltr'>Emollit</span> <span class='ocrx_word' id='word_1_30' title='bbox 422 525 602 564; x_wconf 87' lang='lat' dir='ltr'>mores,</span> <span class='ocrx_word' id='word_1_31' title='bbox 629 523 721 555; x_wconf 89' lang='lat' dir='ltr'>nec</span> <span class='ocrx_word' id='word_1_32' title='bbox 747 507 863 554; x_wconf 90' lang='lat' dir='ltr'>sinit</span> <span class='ocrx_word' id='word_1_33' title='bbox 887 523 997 554; x_wconf 88' lang='lat' dir='ltr'>esse</span> <span class='ocrx_word' id='word_1_34' title='bbox 1022 506 1167 554; x_wconf 87' lang='lat' dir='ltr'>feros.</span> 
     </span>
    </p>

    <p class='ocr_par' dir='ltr' id='par_1_5' title="bbox 127 584 1508 725">
     <span class='ocr_line' id='line_1_7' title="bbox 127 584 1508 649; baseline -0.001 -15"><span class='ocrx_word' id='word_1_35' title='bbox 127 586 236 634; x_wconf 91' lang='lat' dir='ltr'>Nec</span> <span class='ocrx_word' id='word_1_36' title='bbox 261 602 435 649; x_wconf 81' lang='lat' dir='ltr'>regum</span> <span class='ocrx_word' id='word_1_37' title='bbox 451 585 717 649; x_wconf 89' lang='lat' dir='ltr'>quisquam</span> <span class='ocrx_word' id='word_1_38' title='bbox 742 584 900 647; x_wconf 84' lang='lat' dir='ltr'>magis</span> <span class='ocrx_word' id='word_1_39' title='bbox 927 591 1005 632; x_wconf 91' lang='lat' dir='ltr'>est</span> <span class='ocrx_word' id='word_1_40' title='bbox 1028 584 1298 631; x_wconf 87' lang='lat' dir='ltr'>instructus</span> <span class='ocrx_word' id='word_1_41' title='bbox 1319 587 1380 633; x_wconf 89' lang='lat' dir='ltr'>ab</span> <span class='ocrx_word' id='word_1_42' title='bbox 1397 585 1508 642; x_wconf 90' lang='lat' dir='ltr'>illis,</span> 
     </span>
     <span class='ocr_line' id='line_1_8' title="bbox 190 656 1508 725; baseline -0.001 -15"><span class='ocrx_word' id='word_1_43' title='bbox 190 662 400 710; x_wconf 89' lang='lat' dir='ltr'>Mitibus</span> <span class='ocrx_word' id='word_1_44' title='bbox 427 668 514 709; x_wconf 87' lang='lat' dir='ltr'>aut</span> <span class='ocrx_word' id='word_1_45' title='bbox 539 661 716 709; x_wconf 88' lang='lat' dir='ltr'>studiis</span> <span class='ocrx_word' id='word_1_46' title='bbox 741 667 967 725; x_wconf 86' lang='lat' dir='ltr'>tempora</span> <span class='ocrx_word' id='word_1_47' title='bbox 988 656 1134 724; x_wconf 84' lang='lat' dir='ltr'>plura</span> <span class='ocrx_word' id='word_1_48' title='bbox 1158 661 1313 708; x_wconf 80' lang='lat' dir='ltr'>dedit.</span> <span class='ocrx_word' id='word_1_49' title='bbox 1445 665 1508 709; x_wconf 90' lang='lat'>50</span> 
     </span>
    </p>

    <p class='ocr_par' dir='ltr' id='par_1_6' title="bbox 125 738 1433 879">
     <span class='ocr_line' id='line_1_9' title="bbox 125 738 1433 802; baseline 0 -16"><span class='ocrx_word' id='word_1_50' title='bbox 125 739 362 787; x_wconf 81' lang='lat' dir='ltr'>Carmina</span> <span class='ocrx_word' id='word_1_51' title='bbox 385 745 658 795; x_wconf 90' lang='lat' dir='ltr'>testantur;</span> <span class='ocrx_word' id='word_1_52' title='bbox 689 754 817 802; x_wconf 86' lang='lat' dir='ltr'>quae,</span> <span class='ocrx_word' id='word_1_53' title='bbox 846 738 885 785; x_wconf 93' lang='lat' dir='ltr'>si</span> <span class='ocrx_word' id='word_1_54' title='bbox 911 745 998 785; x_wconf 87' lang='lat' dir='ltr'>tua</span> <span class='ocrx_word' id='word_1_55' title='bbox 1022 738 1221 786; x_wconf 86' lang='lat' dir='ltr'>nomina</span> <span class='ocrx_word' id='word_1_56' title='bbox 1244 739 1433 795; x_wconf 88' lang='lat' dir='ltr'>demas,</span> 
     </span>
     <span class='ocr_line' id='line_1_10' title="bbox 190 815 1313 879; baseline -0.001 -16"><span class='ocrx_word' id='word_1_57' title='bbox 190 815 474 863; x_wconf 89' lang='lat' dir='ltr'>Threicium</span> <span class='ocrx_word' id='word_1_58' title='bbox 492 816 727 879; x_wconf 87' lang='lat' dir='ltr'>juvenem</span> <span class='ocrx_word' id='word_1_59' title='bbox 753 815 1092 878; x_wconf 84' lang='lat' dir='ltr'>composuisse</span> <span class='ocrx_word' id='word_1_60' title='bbox 1118 832 1313 878; x_wconf 78' lang='lat' dir='ltr'>negem.</span> 
     </span>
    </p>

    <p class='ocr_par' dir='ltr' id='par_1_7' title="bbox 124 891 1473 1033">
     <span class='ocr_line' id='line_1_11' title="bbox 124 891 1473 957; baseline -0.001 -16"><span class='ocrx_word' id='word_1_61' title='bbox 124 892 266 941; x_wconf 89' lang='lat' dir='ltr'>Neve</span> <span class='ocrx_word' id='word_1_62' title='bbox 291 894 383 940; x_wconf 91' lang='lat' dir='ltr'>sub</span> <span class='ocrx_word' id='word_1_63' title='bbox 409 894 503 940; x_wconf 88' lang='lat' dir='ltr'>hoc</span> <span class='ocrx_word' id='word_1_64' title='bbox 522 899 685 940; x_wconf 90' lang='lat' dir='ltr'>tractu</span> <span class='ocrx_word' id='word_1_65' title='bbox 708 899 847 940; x_wconf 88' lang='lat' dir='ltr'>vates</span> <span class='ocrx_word' id='word_1_66' title='bbox 868 892 994 939; x_wconf 87' lang='lat' dir='ltr'>foret</span> <span class='ocrx_word' id='word_1_67' title='bbox 1019 891 1195 939; x_wconf 89' lang='lat' dir='ltr'>unicus</span> <span class='ocrx_word' id='word_1_68' title='bbox 1223 893 1473 957; x_wconf 86' lang='lat' dir='ltr'>Orpheus,</span> 
     </span>
     <span class='ocr_line' id='line_1_12' title="bbox 191 970 1257 1033; baseline -0.001 -15"><span class='ocrx_word' id='word_1_69' title='bbox 191 970 412 1019; x_wconf 88' lang='lat' dir='ltr'>Bistonis</span> <span class='ocrx_word' id='word_1_70' title='bbox 438 970 634 1033; x_wconf 83' lang='lat' dir='ltr'>ingenio</span> <span class='ocrx_word' id='word_1_71' title='bbox 659 977 790 1017; x_wconf 89' lang='lat' dir='ltr'>terra</span> <span class='ocrx_word' id='word_1_72' title='bbox 815 970 1030 1033; x_wconf 88' lang='lat' dir='ltr'>superba</span> <span class='ocrx_word' id='word_1_73' title='bbox 1054 976 1139 1016; x_wconf 91' lang='lat' dir='ltr'>tuo</span> <span class='ocrx_word' id='word_1_74' title='bbox 1167 976 1257 1017; x_wconf 89' lang='lat' dir='ltr'>est.</span> 
     </span>
    </p>

    <p class='ocr_par' dir='ltr' id='par_1_8' title="bbox 126 1047 1508 1187">
     <span class='ocr_line' id='line_1_13' title="bbox 126 1047 1508 1111; baseline -0.001 -17"><span class='ocrx_word' id='word_1_75' title='bbox 126 1047 297 1111; x_wconf 89' lang='lat' dir='ltr'>thue</span> <span class='ocrx_word' id='word_1_76' title='bbox 315 1047 407 1095; x_wconf 92' lang='lat' dir='ltr'>tibi</span> <span class='ocrx_word' id='word_1_77' title='bbox 427 1054 504 1094; x_wconf 89' lang='lat' dir='ltr'>est</span> <span class='ocrx_word' id='word_1_78' title='bbox 524 1047 733 1102; x_wconf 89' lang='lat' dir='ltr'>animus,</span> <span class='ocrx_word' id='word_1_79' title='bbox 757 1063 911 1109; x_wconf 89' lang='lat' dir='ltr'>quum</span> <span class='ocrx_word' id='word_1_80' title='bbox 932 1062 1010 1093; x_wconf 88' lang='lat' dir='ltr'>res</span> <span class='ocrx_word' id='word_1_81' title='bbox 1029 1047 1101 1093; x_wconf 87' lang='lat' dir='ltr'>ita</span> <span class='ocrx_word' id='word_1_82' title='bbox 1120 1047 1354 1110; x_wconf 90' lang='lat' dir='ltr'>postulat,</span> <span class='ocrx_word' id='word_1_83' title='bbox 1373 1063 1508 1094; x_wconf 86' lang='lat' dir='ltr'>arma</span> 
     </span>
     <span class='ocr_line' id='line_1_14' title="bbox 193 1124 1506 1187; baseline -0.002 -15"><span class='ocrx_word' id='word_1_84' title='bbox 193 1125 417 1181; x_wconf 87' lang='lat' dir='ltr'>Sumere,</span> <span class='ocrx_word' id='word_1_85' title='bbox 445 1132 496 1172; x_wconf 89' lang='lat' dir='ltr'>et</span> <span class='ocrx_word' id='word_1_86' title='bbox 519 1125 685 1171; x_wconf 85' lang='lat' dir='ltr'>hostili</span> <span class='ocrx_word' id='word_1_87' title='bbox 710 1125 901 1187; x_wconf 84' lang='lat' dir='ltr'>tingere</span> <span class='ocrx_word' id='word_1_88' title='bbox 927 1124 1064 1171; x_wconf 81' lang='lat' dir='ltr'>caede</span> <span class='ocrx_word' id='word_1_89' title='bbox 1090 1140 1318 1180; x_wconf 89' lang='lat' dir='ltr'>manum;</span> <span class='ocrx_word' id='word_1_90' title='bbox 1445 1127 1506 1171; x_wconf 80' lang='lat'>56</span> 
     </span>
    </p>

    <p class='ocr_par' dir='ltr' id='par_1_9' title="bbox 115 1201 1441 1343">
     <span class='ocr_line' id='line_1_15' title="bbox 115 1201 1441 1266; baseline -0.002 -16"><span class='ocrx_word' id='word_1_91' title='bbox 115 1201 302 1266; x_wconf 87' lang='lat' dir='ltr'>Atque,</span> <span class='ocrx_word' id='word_1_92' title='bbox 328 1209 384 1250; x_wconf 87' lang='lat' dir='ltr'>ut</span> <span class='ocrx_word' id='word_1_93' title='bbox 408 1219 477 1258; x_wconf 85' lang='lat' dir='ltr'>es,</span> <span class='ocrx_word' id='word_1_94' title='bbox 505 1218 718 1250; x_wconf 86' lang='lat' dir='ltr'>excusso</span> <span class='ocrx_word' id='word_1_95' title='bbox 736 1203 960 1265; x_wconf 86' lang='lat' dir='ltr'>jaculum</span> <span class='ocrx_word' id='word_1_96' title='bbox 981 1208 1213 1264; x_wconf 89' lang='lat' dir='ltr'>torquere</span> <span class='ocrx_word' id='word_1_97' title='bbox 1238 1201 1441 1256; x_wconf 86' lang='lat' dir='ltr'>lacerto,</span> 
     </span>
     <span class='ocr_line' id='line_1_16' title="bbox 190 1278 1242 1343; baseline -0.002 -17"><span class='ocrx_word' id='word_1_98' title='bbox 190 1279 434 1343; x_wconf 89' lang='lat' dir='ltr'>Collaque</span> <span class='ocrx_word' id='word_1_99' title='bbox 458 1279 642 1327; x_wconf 89' lang='lat' dir='ltr'>velocis</span> <span class='ocrx_word' id='word_1_100' title='bbox 668 1279 868 1326; x_wconf 87' lang='lat' dir='ltr'>flectere</span> <span class='ocrx_word' id='word_1_101' title='bbox 893 1279 1071 1326; x_wconf 90' lang='lat' dir='ltr'>doctus</span> <span class='ocrx_word' id='word_1_102' title='bbox 1098 1278 1242 1342; x_wconf 85' lang='lat' dir='ltr'>equi3</span> 
     </span>
    </p>

    <p class='ocr_par' dir='ltr' id='par_1_10' title="bbox 123 1356 1506 1499">
     <span class='ocr_line' id='line_1_17' title="bbox 123 1356 1471 1422; baseline -0.001 -18"><span class='ocrx_word' id='word_1_103' title='bbox 123 1356 370 1422; x_wconf 88' lang='lat' dir='ltr'>Tempora</span> <span class='ocrx_word' id='word_1_104' title='bbox 394 1358 464 1405; x_wconf 91' lang='lat' dir='ltr'>sic</span> <span class='ocrx_word' id='word_1_105' title='bbox 490 1358 607 1406; x_wconf 87' lang='lat' dir='ltr'>data</span> <span class='ocrx_word' id='word_1_106' title='bbox 631 1364 746 1404; x_wconf 89' lang='lat' dir='ltr'>sunt</span> <span class='ocrx_word' id='word_1_107' title='bbox 771 1356 946 1404; x_wconf 88' lang='lat' dir='ltr'>studiis</span> <span class='ocrx_word' id='word_1_108' title='bbox 973 1357 1056 1403; x_wconf 91' lang='lat' dir='ltr'>ubi</span> <span class='ocrx_word' id='word_1_109' title='bbox 1076 1357 1215 1419; x_wconf 89' lang='lat' dir='ltr'>justa</span> <span class='ocrx_word' id='word_1_110' title='bbox 1234 1356 1471 1420; x_wconf 86' lang='lat' dir='ltr'>paternis,</span> 
     </span>
     <span class='ocr_line' id='line_1_18' title="bbox 191 1434 1506 1499; baseline -0.002 -18"><span class='ocrx_word' id='word_1_111' title='bbox 191 1434 365 1499; x_wconf 88' lang='lat' dir='ltr'>thue</span> <span class='ocrx_word' id='word_1_112' title='bbox 390 1435 490 1483; x_wconf 89' lang='lat' dir='ltr'>suis</span> <span class='ocrx_word' id='word_1_113' title='bbox 516 1436 731 1483; x_wconf 83' lang='lat' dir='ltr'>humeris</span> <span class='ocrx_word' id='word_1_114' title='bbox 757 1435 881 1482; x_wconf 88' lang='lat' dir='ltr'>forte</span> <span class='ocrx_word' id='word_1_115' title='bbox 908 1434 1094 1497; x_wconf 85' lang='lat' dir='ltr'>quievit</span> <span class='ocrx_word' id='word_1_116' title='bbox 1118 1450 1270 1497; x_wconf 88' lang='lat' dir='ltr'>opus;</span> <span class='ocrx_word' id='word_1_117' title='bbox 1443 1436 1506 1479; x_wconf 85' lang='lat'>60</span> 
     </span>
    </p>

    <p class='ocr_par' dir='ltr' id='par_1_11' title="bbox 124 1512 1339 1638">
     <span class='ocr_line' id='line_1_19' title="bbox 124 1512 1339 1576; baseline -0.002 -16"><span class='ocrx_word' id='word_1_118' title='bbox 124 1513 203 1560; x_wconf 91' lang='lat' dir='ltr'>Ne</span> <span class='ocrx_word' id='word_1_119' title='bbox 228 1518 316 1560; x_wconf 87' lang='lat' dir='ltr'>tua</span> <span class='ocrx_word' id='word_1_120' title='bbox 339 1519 648 1560; x_wconf 84' lang='lat' dir='ltr'>marcescant</span> <span class='ocrx_word' id='word_1_121' title='bbox 673 1529 761 1576; x_wconf 85' lang='lat' dir='ltr'>per</span> <span class='ocrx_word' id='word_1_122' title='bbox 787 1513 970 1559; x_wconf 88' lang='lat' dir='ltr'>inertes</span> <span class='ocrx_word' id='word_1_123' title='bbox 997 1512 1099 1558; x_wconf 90' lang='lat' dir='ltr'>otia</span> <span class='ocrx_word' id='word_1_124' title='bbox 1124 1527 1339 1566; x_wconf 49' lang='lat' dir='ltr'>somnos</span> 
     </span>
     <span class='ocr_line' id='line_1_20' title="bbox 190 1588 1095 1638; baseline -0.004 0"><span class='ocrx_word' id='word_1_125' title='bbox 190 1589 378 1638; x_wconf 89' lang='lat' dir='ltr'>Lucida</span> <span class='ocrx_word' id='word_1_126' title='bbox 398 1589 562 1638; x_wconf 88' lang='lat' dir='ltr'>Pieria</span> <span class='ocrx_word' id='word_1_127' title='bbox 585 1590 748 1637; x_wconf 90' lang='lat' dir='ltr'>tendis</span> <span class='ocrx_word' id='word_1_128' title='bbox 775 1589 821 1635; x_wconf 89' lang='lat' dir='ltr'>in</span> <span class='ocrx_word' id='word_1_129' title='bbox 848 1595 979 1636; x_wconf 87' lang='lat' dir='ltr'>astra</span> <span class='ocrx_word' id='word_1_130' title='bbox 1002 1588 1095 1634; x_wconf 87' lang='lat' dir='ltr'>via.</span> 
     </span>
    </p>
   </div>
   <div class='ocr_carea' id='block_1_4' title="bbox 119 1827 779 2800">
    <p class='ocr_par' dir='ltr' id='par_1_12' title="bbox 119 1827 779 2603">
     <span class='ocr_line' id='line_1_21' title="bbox 122 1827 778 1869; baseline -0.002 -9"><span class='ocrx_word' id='word_1_131' title='bbox 122 1828 261 1865; x_wconf 88' lang='lat' dir='ltr'>Pheraeo,</span> <span class='ocrx_word' id='word_1_132' title='bbox 285 1827 456 1859; x_wconf 83' lang='lat' dir='ltr'>Pherarum</span> <span class='ocrx_word' id='word_1_133' title='bbox 481 1828 514 1859; x_wconf 89' lang='lat' dir='ltr'>in</span> <span class='ocrx_word' id='word_1_134' title='bbox 541 1828 704 1859; x_wconf 85' lang='lat' dir='ltr'>Thessalia</span> <span class='ocrx_word' id='word_1_135' title='bbox 731 1835 778 1869; x_wconf 89' lang='lat' dir='ltr'>ty—</span> 
     </span>
     <span class='ocr_line' id='line_1_22' title="bbox 121 1877 778 1915; baseline -0.005 -5"><span class='ocrx_word' id='word_1_136' title='bbox 121 1889 218 1910; x_wconf 89' lang='lat' dir='ltr'>ranno</span> <span class='ocrx_word' id='word_1_137' title='bbox 243 1877 466 1915; x_wconf 85' lang='lat' dir='ltr'>crudelissimo,</span> <span class='ocrx_word' id='word_1_138' title='bbox 492 1878 602 1909; x_wconf 87' lang='lat' dir='ltr'>laudat</span> <span class='ocrx_word' id='word_1_139' title='bbox 619 1878 778 1914; x_wconf 86' lang='lat' dir='ltr'>Heinsius,</span> 
     </span>
     <span class='ocr_line' id='line_1_23' title="bbox 121 1926 779 1971; baseline -0.003 -11"><span class='ocrx_word' id='word_1_140' title='bbox 121 1928 176 1971; x_wconf 90' lang='lat' dir='ltr'>qui</span> <span class='ocrx_word' id='word_1_141' title='bbox 191 1927 316 1970; x_wconf 84' lang='lat' dir='ltr'>copiose</span> <span class='ocrx_word' id='word_1_142' title='bbox 331 1926 370 1958; x_wconf 87' lang='lat' dir='ltr'>de</span> <span class='ocrx_word' id='word_1_143' title='bbox 389 1937 425 1958; x_wconf 86' lang='lat' dir='ltr'>eo</span> <span class='ocrx_word' id='word_1_144' title='bbox 440 1927 514 1969; x_wconf 88' lang='lat' dir='ltr'>agit,</span> <span class='ocrx_word' id='word_1_145' title='bbox 530 1927 686 1969; x_wconf 85' lang='lat' dir='ltr'>Nepotem</span> <span class='ocrx_word' id='word_1_146' title='bbox 699 1926 779 1968; x_wconf 84' lang='lat' dir='ltr'>(xvi.</span> 
     </span>
     <span class='ocr_line' id='line_1_24' title="bbox 122 1975 776 2018; baseline -0.008 -8"><span class='ocrx_word' id='word_1_147' title='bbox 122 1981 154 2011; x_wconf 85' lang='lat'>5.</span> <span class='ocrx_word' id='word_1_148' title='bbox 180 1976 226 2018; x_wconf 89' lang='lat'>1.)</span> <span class='ocrx_word' id='word_1_149' title='bbox 255 1982 288 2008; x_wconf 89' lang='lat' dir='ltr'>et</span> <span class='ocrx_word' id='word_1_150' title='bbox 314 1976 520 2008; x_wconf 84' lang='lat' dir='ltr'>Plutarchum</span> <span class='ocrx_word' id='word_1_151' title='bbox 556 1975 589 2007; x_wconf 91' lang='lat' dir='ltr'>in</span> <span class='ocrx_word' id='word_1_152' title='bbox 626 1975 776 2018; x_wconf 87' lang='lat' dir='ltr'>Pelopida</span> 
     </span>
     <span class='ocr_line' id='line_1_25' title="bbox 120 2024 777 2070; baseline -0.008 -10"><span class='ocrx_word' id='word_1_153' title='bbox 120 2028 270 2070; x_wconf 88' lang='lat' dir='ltr'>aliosque.</span> <span class='ocrx_word' id='word_1_154' title='bbox 292 2027 440 2058; x_wconf 79' lang='lat' dir='ltr'><strong>HARLES.</strong></span> <span class='ocrx_word' id='word_1_155' title='bbox 484 2026 570 2056; x_wconf 87' lang='lat' dir='ltr'>Illud</span> <span class='ocrx_word' id='word_1_156' title='bbox 586 2031 735 2068; x_wconf 86' lang='lat' dir='ltr'>praeterea</span> <span class='ocrx_word' id='word_1_157' title='bbox 746 2024 777 2055; x_wconf 91' lang='lat' dir='ltr'>in</span> 
     </span>
     <span class='ocr_line' id='line_1_26' title="bbox 120 2075 776 2117; baseline -0.006 -8"><span class='ocrx_word' id='word_1_158' title='bbox 120 2084 295 2109; x_wconf 88' lang='lat' dir='ltr'>transcursu</span> <span class='ocrx_word' id='word_1_159' title='bbox 315 2076 517 2112; x_wconf 85' lang='lat' dir='ltr'>monendum,</span> <span class='ocrx_word' id='word_1_160' title='bbox 535 2075 697 2117; x_wconf 86' lang='lat' dir='ltr'>scriptores</span> <span class='ocrx_word' id='word_1_161' title='bbox 722 2085 776 2105; x_wconf 88' lang='lat' dir='ltr'>an-</span> 
     </span>
     <span class='ocr_line' id='line_1_27' title="bbox 119 2123 777 2168; baseline -0.005 -11"><span class='ocrx_word' id='word_1_162' title='bbox 119 2127 223 2168; x_wconf 89' lang='lat' dir='ltr'>tiquos</span> <span class='ocrx_word' id='word_1_163' title='bbox 235 2126 319 2157; x_wconf 90' lang='lat' dir='ltr'>hunc</span> <span class='ocrx_word' id='word_1_164' title='bbox 334 2125 560 2168; x_wconf 90' lang='lat' dir='ltr'>Apollodorum</span> <span class='ocrx_word' id='word_1_165' title='bbox 574 2135 645 2155; x_wconf 90' lang='lat' dir='ltr'>cum</span> <span class='ocrx_word' id='word_1_166' title='bbox 663 2123 777 2155; x_wconf 86' lang='lat' dir='ltr'>Phala-</span> 
     </span>
     <span class='ocr_line' id='line_1_28' title="bbox 120 2173 778 2217; baseline -0.006 -10"><span class='ocrx_word' id='word_1_167' title='bbox 120 2176 187 2207; x_wconf 85' lang='lat' dir='ltr'>ride</span> <span class='ocrx_word' id='word_1_168' title='bbox 208 2176 384 2217; x_wconf 85' lang='lat' dir='ltr'>frequenter</span> <span class='ocrx_word' id='word_1_169' title='bbox 403 2175 602 2216; x_wconf 84' lang='lat' dir='ltr'>conjungere,</span> <span class='ocrx_word' id='word_1_170' title='bbox 618 2173 700 2214; x_wconf 88' lang='lat' dir='ltr'>quod</span> <span class='ocrx_word' id='word_1_171' title='bbox 716 2179 745 2204; x_wconf 89' lang='lat' dir='ltr'>et</span> <span class='ocrx_word' id='word_1_172' title='bbox 760 2183 778 2203; x_wconf 89' lang='lat' dir='ltr'>a</span> 
     </span>
     <span class='ocr_line' id='line_1_29' title="bbox 119 2223 777 2257; baseline -0.008 0"><span class='ocrx_word' id='word_1_173' title='bbox 119 2226 235 2257; x_wconf 88' lang='lat' dir='ltr'>Nostro</span> <span class='ocrx_word' id='word_1_174' title='bbox 249 2225 301 2256; x_wconf 85' lang='lat' dir='ltr'>hic</span> <span class='ocrx_word' id='word_1_175' title='bbox 315 2225 432 2256; x_wconf 87' lang='lat' dir='ltr'>factum</span> <span class='ocrx_word' id='word_1_176' title='bbox 448 2223 598 2254; x_wconf 90' lang='lat' dir='ltr'>videmus.</span> <span class='ocrx_word' id='word_1_177' title='bbox 629 2223 679 2253; x_wconf 86' lang='lat' dir='ltr'>Ita</span> <span class='ocrx_word' id='word_1_178' title='bbox 695 2228 777 2253; x_wconf 87' lang='lat' dir='ltr'>certe</span> 
     </span>
     <span class='ocr_line' id='line_1_30' title="bbox 119 2272 777 2314; baseline -0.006 -8"><span class='ocrx_word' id='word_1_179' title='bbox 119 2275 306 2306; x_wconf 82' lang='lat' dir='ltr'>Plutarchus</span> <span class='ocrx_word' id='word_1_180' title='bbox 336 2279 367 2304; x_wconf 88' lang='lat' dir='ltr'>et</span> <span class='ocrx_word' id='word_1_181' title='bbox 394 2273 505 2304; x_wconf 87' lang='lat' dir='ltr'>Suidas</span> <span class='ocrx_word' id='word_1_182' title='bbox 531 2272 563 2303; x_wconf 93' lang='lat' dir='ltr'>in</span> <span class='ocrx_word' id='word_1_183' title='bbox 589 2272 777 2314; x_wconf 80' lang='grc' dir='ltr'>Ὶερόνυμος,</span> 
     </span>
     <span class='ocr_line' id='line_1_31' title="bbox 122 2321 775 2366; baseline -0.009 -10"><span class='ocrx_word' id='word_1_184' title='bbox 122 2325 234 2366; x_wconf 89' lang='lat' dir='ltr'>Polyb.</span> <span class='ocrx_word' id='word_1_185' title='bbox 244 2323 302 2355; x_wconf 90' lang='lat' dir='ltr'>lib.</span> <span class='ocrx_word' id='word_1_186' title='bbox 317 2323 359 2354; x_wconf 90' lang='lat' dir='ltr'>vi.</span> <span class='ocrx_word' id='word_1_187' title='bbox 383 2322 503 2358; x_wconf 86' lang='lat' dir='ltr'>Cicero,</span> <span class='ocrx_word' id='word_1_188' title='bbox 518 2322 572 2352; x_wconf 92' lang='lat' dir='ltr'>lib.</span> <span class='ocrx_word' id='word_1_189' title='bbox 588 2321 631 2351; x_wconf 90' lang='lat' dir='ltr'>iii.</span> <span class='ocrx_word' id='word_1_190' title='bbox 653 2321 691 2352; x_wconf 90' lang='lat' dir='ltr'>de</span> <span class='ocrx_word' id='word_1_191' title='bbox 711 2321 775 2351; x_wconf 86' lang='lat' dir='ltr'>Na-</span> 
     </span>
     <span class='ocr_line' id='line_1_32' title="bbox 120 2370 778 2411; baseline -0.008 -6"><span class='ocrx_word' id='word_1_192' title='bbox 120 2379 191 2405; x_wconf 88' lang='lat' dir='ltr'>tura</span> <span class='ocrx_word' id='word_1_193' title='bbox 208 2373 367 2411; x_wconf 66' lang='lat' dir='ltr'>Deorum</span> <span class='ocrx_word' id='word_1_194' title='bbox 389 2372 520 2408; x_wconf 87' lang='lat' dir='ltr'>Seneca,</span> <span class='ocrx_word' id='word_1_195' title='bbox 541 2371 580 2402; x_wconf 89' lang='lat' dir='ltr'>de</span> <span class='ocrx_word' id='word_1_196' title='bbox 600 2370 778 2406; x_wconf 85' lang='lat' dir='ltr'>Beneficiis,</span> 
     </span>
     <span class='ocr_line' id='line_1_33' title="bbox 119 2419 777 2464; baseline -0.008 -10"><span class='ocrx_word' id='word_1_197' title='bbox 119 2423 175 2454; x_wconf 86' lang='lat' dir='ltr'>lib.</span> <span class='ocrx_word' id='word_1_198' title='bbox 185 2422 237 2454; x_wconf 87' lang='lat' dir='ltr'>vii.</span> <span class='ocrx_word' id='word_1_199' title='bbox 250 2433 318 2464; x_wconf 88' lang='lat' dir='ltr'>cap.</span> <span class='ocrx_word' id='word_1_200' title='bbox 329 2423 379 2453; x_wconf 90' lang='lat'>19.</span> <span class='ocrx_word' id='word_1_201' title='bbox 401 2421 508 2463; x_wconf 88' lang='lat' dir='ltr'>Atque</span> <span class='ocrx_word' id='word_1_202' title='bbox 518 2421 586 2451; x_wconf 88' lang='lat' dir='ltr'>haec</span> <span class='ocrx_word' id='word_1_203' title='bbox 601 2419 639 2451; x_wconf 89' lang='lat' dir='ltr'>de</span> <span class='ocrx_word' id='word_1_204' title='bbox 650 2420 777 2461; x_wconf 90' lang='lat' dir='ltr'>Apollo-</span> 
     </span>
     <span class='ocr_line' id='line_1_34' title="bbox 120 2469 778 2510; baseline -0.009 -7"><span class='ocrx_word' id='word_1_205' title='bbox 120 2472 193 2503; x_wconf 91' lang='lat' dir='ltr'>doro</span> <span class='ocrx_word' id='word_1_206' title='bbox 205 2471 339 2503; x_wconf 80' lang='lat' dir='ltr'>dicenda</span> <span class='ocrx_word' id='word_1_207' title='bbox 349 2471 550 2502; x_wconf 87' lang='lat' dir='ltr'>videbantur:</span> <span class='ocrx_word' id='word_1_208' title='bbox 566 2479 636 2510; x_wconf 87' lang='lat' dir='ltr'>quae</span> <span class='ocrx_word' id='word_1_209' title='bbox 649 2469 778 2499; x_wconf 87' lang='lat' dir='ltr'>obscuro</span> 
     </span>
     <span class='ocr_line' id='line_1_35' title="bbox 120 2518 777 2552; baseline -0.009 1"><span class='ocrx_word' id='word_1_210' title='bbox 120 2522 272 2552; x_wconf 85' lang='lat' dir='ltr'>hactenus</span> <span class='ocrx_word' id='word_1_211' title='bbox 298 2531 356 2552; x_wconf 85' lang='lat' dir='ltr'>nee</span> <span class='ocrx_word' id='word_1_212' title='bbox 379 2520 539 2550; x_wconf 84' lang='lat' dir='ltr'>intellecto</span> <span class='ocrx_word' id='word_1_213' title='bbox 554 2519 690 2549; x_wconf 82' lang='lat' dir='ltr'>Nasonis</span> <span class='ocrx_word' id='word_1_214' title='bbox 710 2518 777 2548; x_wconf 90' lang='lat' dir='ltr'>loco</span> 
     </span>
     <span class='ocr_line' id='line_1_36' title="bbox 121 2569 678 2603; baseline -0.009 0"><span class='ocrx_word' id='word_1_215' title='bbox 121 2572 224 2603; x_wconf 88' lang='lat' dir='ltr'>lucem</span> <span class='ocrx_word' id='word_1_216' title='bbox 240 2571 383 2602; x_wconf 81' lang='lat' dir='ltr'>adlatura</span> <span class='ocrx_word' id='word_1_217' title='bbox 394 2570 525 2602; x_wconf 86' lang='lat' dir='ltr'>confido.</span> <span class='ocrx_word' id='word_1_218' title='bbox 562 2569 678 2599; x_wconf 70' lang='lat' dir='ltr'>Hssms.</span> 
     </span>
    </p>

    <p class='ocr_par' dir='ltr' id='par_1_13' title="bbox 163 2619 527 2660">
     <span class='ocr_line' id='line_1_37' title="bbox 163 2619 527 2660; baseline -0.008 -9"><span class='ocrx_word' id='word_1_219' title='bbox 163 2621 215 2651; x_wconf 88' lang='grc'>44.</span> <span class='ocrx_word' id='word_1_220' title='bbox 234 2620 355 2660; x_wconf 65' lang='lat' dir='ltr'>Quive]</span> <span class='ocrx_word' id='word_1_221' title='bbox 375 2619 527 2650; x_wconf 87' lang='lat' dir='ltr'>Phalaris.</span> 
     </span>
    </p>

    <p class='ocr_par' dir='ltr' id='par_1_14' title="bbox 120 2666 778 2762">
     <span class='ocr_line' id='line_1_38' title="bbox 163 2666 776 2708; baseline -0.01 -7"><span class='ocrx_word' id='word_1_222' title='bbox 163 2671 215 2702; x_wconf 87' lang='lat'>53.</span> <span class='ocrx_word' id='word_1_223' title='bbox 232 2670 322 2700; x_wconf 86' lang='lat' dir='ltr'>Foret</span> <span class='ocrx_word' id='word_1_224' title='bbox 335 2671 444 2700; x_wconf 77' lang='lat' dir='ltr'>unicus</span> <span class='ocrx_word' id='word_1_225' title='bbox 458 2668 564 2708; x_wconf 60' lang='lat' dir='ltr'>vates]</span> <span class='ocrx_word' id='word_1_226' title='bbox 591 2668 683 2698; x_wconf 84' lang='lat' dir='ltr'>Foret</span> <span class='ocrx_word' id='word_1_227' title='bbox 694 2666 776 2697; x_wconf 89' lang='lat' dir='ltr'>solus</span> 
     </span>
     <span class='ocr_line' id='line_1_39' title="bbox 120 2715 778 2762; baseline -0.011 -11"><span class='ocrx_word' id='word_1_228' title='bbox 120 2725 233 2762; x_wconf 79' lang='lat' dir='ltr'>poeta3</span> <span class='ocrx_word' id='word_1_229' title='bbox 271 2718 416 2761; x_wconf 87' lang='lat' dir='ltr'>Orpheus</span> <span class='ocrx_word' id='word_1_230' title='bbox 452 2718 534 2749; x_wconf 87' lang='lat' dir='ltr'>enim</span> <span class='ocrx_word' id='word_1_231' title='bbox 570 2717 674 2746; x_wconf 81' lang='lat' dir='ltr'>Thrax</span> <span class='ocrx_word' id='word_1_232' title='bbox 709 2715 778 2750; x_wconf 76' lang='lat' dir='ltr'>fuit,</span> 
     </span>
    </p>

    <p class='ocr_par' dir='ltr' id='par_1_15' title="bbox 166 2769 326 2800">
     <span class='ocr_line' id='line_1_40' title="bbox 166 2769 326 2800; baseline -0.006 0"><span class='ocrx_word' id='word_1_233' title='bbox 166 2769 265 2800; x_wconf 89' lang='lat' dir='ltr'>VOL.</span> <span class='ocrx_word' id='word_1_234' title='bbox 281 2769 326 2800; x_wconf 90' lang='lat' dir='ltr'>II.</span> 
     </span>
    </p>
   </div>
   <div class='ocr_carea' id='block_1_5' title="bbox 844 1823 1507 2695">
    <p class='ocr_par' dir='ltr' id='par_1_16' title="bbox 847 1823 1507 1907">
     <span class='ocr_line' id='line_1_41' title="bbox 848 1823 1507 1869; baseline -0.006 -12"><span class='ocrx_word' id='word_1_235' title='bbox 848 1833 1001 1869; x_wconf 81' lang='lat' dir='ltr'>poetaque</span> <span class='ocrx_word' id='word_1_236' title='bbox 1028 1834 1057 1856; x_wconf 83' lang='lat' dir='ltr'>et</span> <span class='ocrx_word' id='word_1_237' title='bbox 1087 1825 1248 1865; x_wconf 77' lang='lat' dir='ltr'>theologus</span> <span class='ocrx_word' id='word_1_238' title='bbox 1281 1823 1507 1854; x_wconf 81' lang='lat' dir='ltr'>excellentissi-</span> 
     </span>
     <span class='ocr_line' id='line_1_42' title="bbox 847 1887 925 1907; baseline 0 0"><span class='ocrx_word' id='word_1_239' title='bbox 847 1887 925 1907; x_wconf 90' lang='lat' dir='ltr'>mus.</span> 
     </span>
    </p>

    <p class='ocr_par' dir='ltr' id='par_1_17' title="bbox 845 1922 1506 2103">
     <span class='ocr_line' id='line_1_43' title="bbox 891 1922 1506 1963; baseline -0.008 -7"><span class='ocrx_word' id='word_1_240' title='bbox 891 1926 943 1956; x_wconf 79' lang='lat'>54.</span> <span class='ocrx_word' id='word_1_241' title='bbox 961 1925 1092 1955; x_wconf 76' lang='lat' dir='ltr'>Bistonis</span> <span class='ocrx_word' id='word_1_242' title='bbox 1111 1923 1219 1963; x_wconf 62' lang='lat' dir='ltr'>terrm]</span> <span class='ocrx_word' id='word_1_243' title='bbox 1246 1923 1341 1952; x_wconf 86' lang='lat' dir='ltr'>Terra</span> <span class='ocrx_word' id='word_1_244' title='bbox 1355 1922 1506 1959; x_wconf 63' lang='lat' dir='ltr'>Thraciae,</span> 
     </span>
     <span class='ocr_line' id='line_1_44' title="bbox 845 1970 1506 2012; baseline -0.008 -7"><span class='ocrx_word' id='word_1_245' title='bbox 845 1974 889 2005; x_wconf 89' lang='lat' dir='ltr'>sic</span> <span class='ocrx_word' id='word_1_246' title='bbox 911 1974 995 2005; x_wconf 86' lang='lat' dir='ltr'>dicta</span> <span class='ocrx_word' id='word_1_247' title='bbox 1018 1984 1037 2004; x_wconf 88' lang='lat' dir='ltr'>a</span> <span class='ocrx_word' id='word_1_248' title='bbox 1059 1972 1199 2003; x_wconf 87' lang='lat' dir='ltr'>Thraciae</span> <span class='ocrx_word' id='word_1_249' title='bbox 1224 1977 1333 2012; x_wconf 82' lang='lat' dir='ltr'>stagno</span> <span class='ocrx_word' id='word_1_250' title='bbox 1354 1970 1506 2007; x_wconf 83' lang='lat' dir='ltr'>Bistonio,</span> 
     </span>
     <span class='ocr_line' id='line_1_45' title="bbox 845 2020 1506 2060; baseline -0.005 -6"><span class='ocrx_word' id='word_1_251' title='bbox 845 2023 982 2054; x_wconf 78' lang='lat' dir='ltr'>Abderae</span> <span class='ocrx_word' id='word_1_252' title='bbox 1020 2022 1087 2053; x_wconf 88' lang='lat' dir='ltr'>urbi</span> <span class='ocrx_word' id='word_1_253' title='bbox 1117 2021 1229 2052; x_wconf 79' lang='lat' dir='ltr'>vicino.</span> <span class='ocrx_word' id='word_1_254' title='bbox 1288 2020 1341 2050; x_wconf 77' lang='lat' dir='ltr'>Est</span> <span class='ocrx_word' id='word_1_255' title='bbox 1371 2022 1506 2060; x_wconf 71' lang='lat' dir='ltr'>superba.</span> 
     </span>
     <span class='ocr_line' id='line_1_46' title="bbox 846 2072 1169 2103; baseline -0.006 0"><span class='ocrx_word' id='word_1_256' title='bbox 846 2073 901 2103; x_wconf 89' lang='lat' dir='ltr'>Est</span> <span class='ocrx_word' id='word_1_257' title='bbox 917 2072 1039 2103; x_wconf 87' lang='lat' dir='ltr'>nobilis.</span> <span class='ocrx_word' id='word_1_258' title='bbox 1075 2072 1169 2101; x_wconf 63' lang='lat' dir='ltr'>Man.</span> 
     </span>
    </p>

    <p class='ocr_par' dir='ltr' id='par_1_18' title="bbox 845 2118 1506 2349">
     <span class='ocr_line' id='line_1_47' title="bbox 888 2118 1504 2161; baseline -0.01 -8"><span class='ocrx_word' id='word_1_259' title='bbox 888 2123 940 2153; x_wconf 83' lang='lat'>57.</span> <span class='ocrx_word' id='word_1_260' title='bbox 961 2122 1001 2152; x_wconf 76' lang='lat' dir='ltr'>Ut</span> <span class='ocrx_word' id='word_1_261' title='bbox 1016 2121 1070 2161; x_wconf 85' lang='lat' dir='ltr'>es.]</span> <span class='ocrx_word' id='word_1_262' title='bbox 1089 2120 1126 2151; x_wconf 91' lang='lat' dir='ltr'>Id</span> <span class='ocrx_word' id='word_1_263' title='bbox 1139 2125 1195 2156; x_wconf 90' lang='lat' dir='ltr'>est,</span> <span class='ocrx_word' id='word_1_264' title='bbox 1206 2120 1318 2154; x_wconf 79' lang='lat' dir='ltr'>statim,</span> <span class='ocrx_word' id='word_1_265' title='bbox 1332 2124 1365 2149; x_wconf 91' lang='lat' dir='ltr'>ut</span> <span class='ocrx_word' id='word_1_266' title='bbox 1380 2118 1504 2148; x_wconf 80' lang='lat' dir='ltr'>occasio</span> 
     </span>
     <span class='ocr_line' id='line_1_48' title="bbox 845 2166 1504 2211; baseline -0.009 -9"><span class='ocrx_word' id='word_1_267' title='bbox 845 2182 877 2202; x_wconf 85' lang='lat' dir='ltr'>se</span> <span class='ocrx_word' id='word_1_268' title='bbox 893 2172 958 2207; x_wconf 82' lang='lat' dir='ltr'>dat,</span> <span class='ocrx_word' id='word_1_269' title='bbox 971 2182 1031 2202; x_wconf 91' lang='lat' dir='ltr'>non</span> <span class='ocrx_word' id='word_1_270' title='bbox 1042 2175 1165 2211; x_wconf 84' lang='lat' dir='ltr'>sumpto</span> <span class='ocrx_word' id='word_1_271' title='bbox 1179 2168 1280 2210; x_wconf 86' lang='lat' dir='ltr'>spatio</span> <span class='ocrx_word' id='word_1_272' title='bbox 1297 2168 1336 2198; x_wconf 83' lang='lat' dir='ltr'>ad</span> <span class='ocrx_word' id='word_1_273' title='bbox 1350 2166 1504 2197; x_wconf 85' lang='lat' dir='ltr'>meditan-</span> 
     </span>
     <span class='ocr_line' id='line_1_49' title="bbox 846 2215 1500 2256; baseline -0.008 -5"><span class='ocrx_word' id='word_1_274' title='bbox 846 2220 932 2256; x_wconf 87' lang='lat' dir='ltr'>dum,</span> <span class='ocrx_word' id='word_1_275' title='bbox 962 2225 1016 2250; x_wconf 85' lang='lat' dir='ltr'>aut</span> <span class='ocrx_word' id='word_1_276' title='bbox 1042 2224 1154 2253; x_wconf 86' lang='lat' dir='ltr'>vestes,</span> <span class='ocrx_word' id='word_1_277' title='bbox 1180 2222 1234 2247; x_wconf 85' lang='lat' dir='ltr'>aut</span> <span class='ocrx_word' id='word_1_278' title='bbox 1264 2215 1406 2246; x_wconf 84' lang='lat' dir='ltr'>habitum</span> <span class='ocrx_word' id='word_1_279' title='bbox 1433 2225 1500 2246; x_wconf 90' lang='lat' dir='ltr'>mu-</span> 
     </span>
     <span class='ocr_line' id='line_1_50' title="bbox 846 2265 1506 2310; baseline -0.012 -10"><span class='ocrx_word' id='word_1_280' title='bbox 846 2276 926 2305; x_wconf 83' lang='lat' dir='ltr'>tans,</span> <span class='ocrx_word' id='word_1_281' title='bbox 949 2274 983 2299; x_wconf 90' lang='lat' dir='ltr'>ut</span> <span class='ocrx_word' id='word_1_282' title='bbox 1011 2267 1124 2310; x_wconf 85' lang='lat' dir='ltr'>passim</span> <span class='ocrx_word' id='word_1_283' title='bbox 1154 2265 1198 2296; x_wconf 88' lang='lat' dir='ltr'>ita</span> <span class='ocrx_word' id='word_1_284' title='bbox 1223 2267 1312 2299; x_wconf 76' lang='lat' dir='ltr'>sicut,</span> <span class='ocrx_word' id='word_1_285' title='bbox 1341 2265 1423 2294; x_wconf 66' lang='lat' dir='ltr'>velut</span> <span class='ocrx_word' id='word_1_286' title='bbox 1454 2270 1506 2293; x_wconf 80' lang='lat' dir='ltr'>est.</span> 
     </span>
     <span class='ocr_line' id='line_1_51' title="bbox 847 2319 963 2349; baseline -0.009 0"><span class='ocrx_word' id='word_1_287' title='bbox 847 2319 963 2349; x_wconf 70' lang='lat' dir='ltr'>Bmm.</span> 
     </span>
    </p>

    <p class='ocr_par' dir='ltr' id='par_1_19' title="bbox 844 2361 1505 2695">
     <span class='ocr_line' id='line_1_52' title="bbox 890 2361 1505 2406; baseline -0.013 -7"><span class='ocrx_word' id='word_1_288' title='bbox 890 2369 941 2399; x_wconf 88' lang='grc'>59.</span> <span class='ocrx_word' id='word_1_289' title='bbox 968 2367 1109 2406; x_wconf 77' lang='lat' dir='ltr'>Tempora</span> <span class='ocrx_word' id='word_1_290' title='bbox 1133 2367 1173 2395; x_wconf 83' lang='lat' dir='ltr'>sic</span> <span class='ocrx_word' id='word_1_291' title='bbox 1202 2363 1334 2403; x_wconf 76' lang='lat' dir='ltr'>studiis.]</span> <span class='ocrx_word' id='word_1_292' title='bbox 1360 2361 1505 2399; x_wconf 83' lang='lat' dir='ltr'>Quando,</span> 
     </span>
     <span class='ocr_line' id='line_1_53' title="bbox 846 2411 1504 2458; baseline -0.012 -10"><span class='ocrx_word' id='word_1_293' title='bbox 846 2417 959 2458; x_wconf 89' lang='lat' dir='ltr'>inquit,</span> <span class='ocrx_word' id='word_1_294' title='bbox 988 2415 1085 2457; x_wconf 88' lang='lat' dir='ltr'>patris</span> <span class='ocrx_word' id='word_1_295' title='bbox 1113 2414 1158 2445; x_wconf 85' lang='lat' dir='ltr'>tui</span> <span class='ocrx_word' id='word_1_296' title='bbox 1184 2412 1294 2443; x_wconf 85' lang='lat' dir='ltr'>studiis</span> <span class='ocrx_word' id='word_1_297' title='bbox 1323 2419 1354 2443; x_wconf 84' lang='lat' dir='ltr'>et</span> <span class='ocrx_word' id='word_1_298' title='bbox 1382 2411 1504 2441; x_wconf 86' lang='lat' dir='ltr'>bellicae</span> 
     </span>
     <span class='ocr_line' id='line_1_54' title="bbox 846 2460 1504 2505; baseline -0.012 -8"><span class='ocrx_word' id='word_1_299' title='bbox 846 2463 1060 2497; x_wconf 84' lang='lat' dir='ltr'>exercitationi</span> <span class='ocrx_word' id='word_1_300' title='bbox 1086 2473 1211 2505; x_wconf 89' lang='lat' dir='ltr'>operam</span> <span class='ocrx_word' id='word_1_301' title='bbox 1240 2461 1364 2496; x_wconf 87' lang='lat' dir='ltr'>dedisti,</span> <span class='ocrx_word' id='word_1_302' title='bbox 1388 2466 1418 2490; x_wconf 90' lang='lat' dir='ltr'>et</span> <span class='ocrx_word' id='word_1_303' title='bbox 1447 2460 1504 2490; x_wconf 89' lang='lat' dir='ltr'>hu-</span> 
     </span>
     <span class='ocr_line' id='line_1_55' title="bbox 846 2511 1505 2545; baseline -0.011 0"><span class='ocrx_word' id='word_1_304' title='bbox 846 2516 938 2545; x_wconf 87' lang='lat' dir='ltr'>meris</span> <span class='ocrx_word' id='word_1_305' title='bbox 963 2514 1024 2544; x_wconf 82' lang='lat' dir='ltr'>tuis</span> <span class='ocrx_word' id='word_1_306' title='bbox 1047 2511 1226 2544; x_wconf 84' lang='lat' dir='ltr'>sustentasti</span> <span class='ocrx_word' id='word_1_307' title='bbox 1254 2511 1365 2540; x_wconf 86' lang='lat' dir='ltr'>molem</span> <span class='ocrx_word' id='word_1_308' title='bbox 1395 2515 1426 2540; x_wconf 85' lang='lat' dir='ltr'>et</span> <span class='ocrx_word' id='word_1_309' title='bbox 1450 2519 1505 2539; x_wconf 90' lang='lat' dir='ltr'>ne-</span> 
     </span>
     <span class='ocr_line' id='line_1_56' title="bbox 845 2561 1504 2606; baseline -0.012 -11"><span class='ocrx_word' id='word_1_310' title='bbox 845 2565 929 2606; x_wconf 81' lang='lat' dir='ltr'>gotia</span> <span class='ocrx_word' id='word_1_311' title='bbox 954 2563 1040 2604; x_wconf 82' lang='lat' dir='ltr'>regni</span> <span class='ocrx_word' id='word_1_312' title='bbox 1061 2561 1200 2603; x_wconf 65' lang='lat' dir='ltr'>paterni,</span> <span class='ocrx_word' id='word_1_313' title='bbox 1223 2571 1261 2590; x_wconf 88' lang='lat' dir='ltr'>ne</span> <span class='ocrx_word' id='word_1_314' title='bbox 1282 2570 1336 2601; x_wconf 89' lang='lat' dir='ltr'>per</span> <span class='ocrx_word' id='word_1_315' title='bbox 1350 2568 1504 2593; x_wconf 87' lang='lat' dir='ltr'>somnum,</span> 
     </span>
     <span class='ocr_line' id='line_1_57' title="bbox 846 2612 1502 2654; baseline -0.014 -10"><span class='ocrx_word' id='word_1_316' title='bbox 846 2621 900 2645; x_wconf 87' lang='lat' dir='ltr'>aut</span> <span class='ocrx_word' id='word_1_317' title='bbox 922 2612 1078 2654; x_wconf 79' lang='lat' dir='ltr'>ignaviam</span> <span class='ocrx_word' id='word_1_318' title='bbox 1100 2621 1209 2652; x_wconf 84' lang='lat' dir='ltr'>corpus</span> <span class='ocrx_word' id='word_1_319' title='bbox 1232 2613 1414 2641; x_wconf 86' lang='lat' dir='ltr'>marcescat,</span> <span class='ocrx_word' id='word_1_320' title='bbox 1431 2617 1502 2648; x_wconf 90' lang='lat' dir='ltr'>poe-</span> 
     </span>
     <span class='ocr_line' id='line_1_58' title="bbox 844 2657 1501 2695; baseline -0.012 -1"><span class='ocrx_word' id='word_1_321' title='bbox 844 2664 906 2695; x_wconf 83' lang='lat' dir='ltr'>tica</span> <span class='ocrx_word' id='word_1_322' title='bbox 918 2662 1065 2693; x_wconf 85' lang='lat' dir='ltr'>facultate</span> <span class='ocrx_word' id='word_1_323' title='bbox 1076 2661 1132 2691; x_wconf 85' lang='lat' dir='ltr'>tibi</span> <span class='ocrx_word' id='word_1_324' title='bbox 1144 2657 1407 2690; x_wconf 84' lang='lat' dir='ltr'>immortalitatem</span> <span class='ocrx_word' id='word_1_325' title='bbox 1418 2666 1501 2687; x_wconf 87' lang='lat' dir='ltr'>com-</span> 
     </span>
    </p>
   </div>
   <div class='ocr_carea' id='block_1_6' title="bbox 844 2711 1101 2790">
    <p class='ocr_par' dir='ltr' id='par_1_20' title="bbox 844 2711 1101 2790">
     <span class='ocr_line' id='line_1_59' title="bbox 844 2711 1101 2756; baseline -0.019 -12"><span class='ocrx_word' id='word_1_326' title='bbox 844 2723 947 2756; x_wconf 87' lang='lat' dir='ltr'>paras.</span> <span class='ocrx_word' id='word_1_327' title='bbox 984 2711 1101 2740; x_wconf 72' lang='lat' dir='ltr'>HmNs.</span> 
     </span>
     <span class='ocr_line' id='line_1_60' title="bbox 975 2761 1032 2790; baseline -0.018 0"><span class='ocrx_word' id='word_1_328' title='bbox 975 2761 998 2790; x_wconf 82' lang='lat' dir='ltr'>F</span> <span class='ocrx_word' id='word_1_329' title='bbox 1017 2771 1032 2789; x_wconf 75' lang='lat' dir='ltr'><strong>F</strong></span> 
     </span>
    </p>
   </div>
  </div>
 </body>
</html>
