1760 3172
217 180 303 220 430

622 311 1055 360 EPISTOLA

607 177 657 218 P.
692 176 904 218 OVIDII
940 175 1219 219 NASONIS

1110 312 1202 360 IX.

712 434 907 476 COTYI
939 435 1110 477 REGI.

222 529 407 575 ΗΕΘΜ
440 527 715 591 progenies,
741 525 821 573 cui
847 525 1118 573 nobilitatis
1144 526 1281 589 origo

289 605 486 652 Nomen
512 605 560 650 in
588 602 818 667 Eumolpi
844 603 1067 666 pervenit
1091 618 1267 666 usque,
1296 603 1457 667 Coty3

222 683 378 730 Fama
402 683 586 744 loquax
611 688 799 727 vestras
826 679 867 726 si
886 680 991 742 jam
1016 680 1240 743 pervenit
1265 681 1326 727 ad
1353 696 1510 735 aures,

287 758 373 807 Me
398 759 487 806 tibi
511 757 707 805 finitimi
733 763 871 821 parte
893 758 1061 820 jacere
1088 757 1209 814 soli;

222 836 474 900 Supplicis
500 835 698 892 exaudi,
719 837 959 898 juvenum
984 834 1260 890 mitissime,
1287 851 1488 883 vocem:
1574 839 1602 882 5

289 914 553 976 Quamque
572 919 713 976 potes
736 911 960 976 profugo,
977 928 1092 958 nam
1111 919 1269 975 potes,
1289 911 1424 959 adfer
1438 928 1600 976 opem.

223 990 309 1038 Me
334 990 530 1037 fortuna
554 989 659 1046 tibi,
688 990 751 1037 de
777 1005 877 1052 qua
901 1006 962 1037 ne
988 1005 1279 1052 conquerar,
1302 990 1395 1037 hoc
1421 998 1513 1045 est,

288 1067 539 1124 Tradidit3
570 1067 664 1114 hoc
689 1083 788 1114 uno
814 1083 912 1114 non
938 1068 1137 1114 inimica
1160 1067 1296 1115 mihi.

224 1144 415 1208 Excipe
441 1142 751 1205 naufragium
777 1160 874 1191 non
899 1144 1022 1191 duro
1047 1145 1189 1192 litore
1208 1151 1449 1200 nostrum,

290 1221 369 1268 Ne
394 1219 541 1268 fuerit
564 1227 695 1268 terra
719 1220 872 1268 tutior
895 1221 1028 1269 unda
1052 1228 1156 1268 tua.
1550 1224 1607 1269 10

224 1299 399 1361 Regia,
428 1297 575 1345 crede
601 1296 737 1354 mihi,
765 1313 843 1345 res
869 1305 947 1345 est
971 1299 1264 1346 subcurrere
1287 1298 1468 1362 lapsis:

289 1374 536 1423 Convenit
560 1381 610 1422 et
634 1382 788 1431 tanto,
818 1382 1035 1439 quantus
1061 1392 1114 1423 es
1139 1375 1264 1439 ipse,
1285 1375 1404 1422 viro.

223 1454 492 1501 Fortunam
511 1452 657 1499 decet
677 1453 769 1500 hoc
786 1452 962 1501 istam:
992 1469 1102 1516 quae
1123 1453 1342 1501 maxima
1355 1468 1510 1516 quum
1526 1452 1605 1508 sit,

290 1530 416 1577 Esse
440 1535 608 1593 potest
632 1530 795 1577 animo
819 1530 902 1577 vix
926 1538 1093 1578 tamen
1118 1547 1262 1594 aequa
1284 1538 1386 1577 tuo.

266 1697 294 1726 l.
314 1696 381 1726 Coti
402 1697 485 1737 regia
498 1696 682 1737 progenies]
709 1696 802 1727 Hunc
819 1696 878 1728 Co-

219 1746 308 1781 tium‚
336 1744 435 1775 filium
468 1744 549 1785 regis
580 1745 722 1776 Thraciae
753 1751 785 1776 et
816 1746 879 1777 Ge-

219 1801 330 1830 tarum,
359 1793 453 1824 fuisse
489 1794 566 1824 libet
596 1794 759 1835 suspicari,
787 1805 880 1836 quein

219 1842 421 1884 Tranquillus
439 1843 602 1873 Cotisonem
617 1843 768 1885 adpellat.
787 1845 881 1875 MER.

223 1893 365 1923 Peruenit
387 1903 478 1933 nsque
503 1892 579 1924 Coti.
617 1892 712 1924 Varie
739 1893 880 1925 inscribi-

221 1948 270 1973 tur
294 1942 361 1972 liaec
385 1941 515 1982 Elegia;
539 1941 592 1972 alii
616 1941 655 1972 ad
682 1943 801 1973 Catium
825 1943 879 1974 ha-

220 1992 308 2022 bent.
356 1990 441 2021 Infra
471 1990 582 2022 eadem
611 1990 720 2032 Elegia
747 1991 881 2033 ponitur,

223 2041 249 2071 0
273 2040 360 2081 Coty,
380 2041 532 2081 progenies
557 2041 651 2082 digna
670 2047 795 2079 parente
820 2048 881 2078 tuo,

222 2089 276 2121 ubi
297 2089 458 2120 vocativus
480 2090 566 2130 Coty,
589 2100 650 2120 non
672 2100 690 2120 a
713 2095 796 2121 recto
821 2091 882 2122 Co-

221 2139 294 2175 tius,
313 2139 368 2170 sed
393 2150 411 2170 a
430 2140 519 2180 Cotys
540 2139 622 2170 tertii
645 2139 762 2170 ordinis
782 2139 881 2170 flecti-

221 2195 282 2219 tur.
321 2188 473 2229 Micyllus
492 2188 531 2219 de
547 2198 584 2219 eo
599 2189 681 2228 Coty
698 2187 747 2219 hic
762 2188 880 2219 intelli—

221 2238 278 2278 git,
303 2237 392 2279 cujus
415 2237 532 2268 mentio
560 2236 594 2267 fit
620 2236 703 2279 apud
726 2237 881 2274 Tacitum,

221 2287 279 2318 lib.
297 2287 330 2318 ii.
359 2292 390 2317 et
414 2297 507 2328 quem
535 2286 618 2317 idem
645 2292 763 2323 auctor,
790 2293 824 2318 ut
851 2293 882 2319 et

221 2337 342 2372 Strabo,
366 2335 421 2367 lib.
442 2335 496 2366 xii.
522 2336 636 2376 Cotym,
659 2346 713 2378 per
737 2347 757 2377 y
784 2337 880 2367 nomi—

221 2391 287 2416 nat.
325 2385 418 2423 Quod
444 2385 578 2416 libenter
601 2395 724 2426 sequor,
748 2390 780 2416 et
803 2391 880 2416 tem-

221 2445 330 2477 porum
367 2433 486 2465 ratione
523 2431 640 2470 habita,
674 2439 706 2465 et
741 2444 880 2475 personae

223 2483 417 2526 qualitatem,
450 2489 481 2514 et
516 2483 675 2524 ingenium
713 2493 784 2514 cum
822 2483 880 2514 hac

223 2532 431 2575 descriptione
457 2533 629 2564 conferens.
675 2533 707 2563 Is
742 2533 824 2563 enim
854 2538 885 2563 et

225 2582 415 2624 temporibus
430 2581 564 2623 Augusti
579 2581 732 2623 supremis
752 2581 837 2617 vixit,
855 2588 885 2612 et

227 2633 265 2662 ab
293 2631 404 2663 eodem
427 2631 569 2672 Augusto
595 2631 679 2673 regni
700 2631 885 2662 Thracensis

224 2687 344 2723 partem
361 2680 493 2722 accepit.

268 2731 298 2760 2.
322 2730 459 2760 Pervenit
484 2741 583 2769 usqne,
610 2729 684 2769 ἂι]
711 2729 883 2760 Descendit

949 1707 1047 1738 usque
1071 1698 1113 1728 ab
1136 1696 1309 1738 Eumolp03
1334 1694 1506 1737 Eumolpus
1524 1695 1606 1726 enim

948 1746 1090 1788 Neptuni
1119 1752 1151 1777 et
1178 1745 1325 1782 Chiones,
1353 1755 1422 1786 quae
1445 1746 1553 1775 Boreae
1577 1751 1609 1775 et

949 1796 1090 1837 Orithyae
1117 1801 1201 1832 nata,
1229 1795 1321 1831 filius,
1348 1805 1385 1825 ex
1414 1794 1548 1825 Thracia
1576 1794 1608 1824 in

948 1845 1086 1876 Atticam
1109 1844 1206 1876 venit.
1250 1844 1330 1874 Eum
1361 1853 1435 1874 sane
1458 1843 1611 1874 Homerus

949 1893 1085 1925 carmine
1101 1904 1155 1924 suo
1169 1893 1278 1924 fortem
1289 1891 1440 1934 adpellat.
1476 1892 1571 1922 Μεκ.

993 1945 1023 1974 8.
1049 1944 1118 1974 Non
1143 1944 1220 1973 duro
1245 1942 1361 1982 litora]
1390 1942 1463 1972 Non
1488 1951 1608 1983 asperO,

949 1992 1004 2023 sed
1019 1992 1165 2046 beni-gno,
1181 1990 1316 2033 placido,
1333 1996 1364 2021 et
1383 1989 1514 2032 propitio
1533 1991 1608 2026 solo,

950 2041 1038 2082 quasi
1064 2040 1159 2076 dicat,
1187 2050 1244 2081 ego
1274 2039 1428 2080 relegatus
1457 2045 1608 2080 tanquam

950 2090 1128 2130 naufragus,
1140 2089 1271 2131 supplex
1287 2088 1326 2118 ad
1342 2088 1416 2118 litus
1431 2093 1519 2118 tuum
1535 2098 1610 2119 con-

949 2139 1045 2181 fugio,
1060 2149 1231 2181 precorque
1251 2144 1286 2169 ut
1304 2148 1354 2168 me
1373 2137 1509 2178 benigne
1524 2137 1608 2168 exci-

948 2187 1027 2230 pias.

995 2239 1045 2268 10.
1062 2237 1233 2279 Necfuerit
1249 2236 1358 2277 terrm]
1378 2236 1423 2266 Ex
1441 2246 1502 2277 quo
1517 2240 1610 2278 poeta

949 2287 1061 2323 innuit,
1085 2287 1149 2317 illic
1171 2286 1315 2317 tutiorem
1345 2285 1453 2316 sedem
1480 2295 1608 2327 speran-

949 2336 1032 2372 dam,
1047 2346 1142 2378 quam
1158 2336 1190 2367 in
1204 2335 1292 2366 mari.
1321 2334 1413 2372 Quod
1429 2333 1454 2365 si
1469 2333 1527 2365 sibi
1545 2340 1608 2364 tam

949 2385 1042 2427 longa
1055 2384 1254 2426 navigatione
1266 2383 1416 2426 pepercit,
1428 2384 1527 2414 multo
1543 2393 1607 2414 ma-

948 2435 995 2476 gis
1020 2435 1087 2477 ejus
1115 2440 1228 2465 terram
1256 2433 1404 2475 intelligit
1437 2433 1550 2464 debere
1581 2432 1610 2463 ei

948 2494 1085 2525 parcere.
1118 2483 1224 2514 Nostri
1239 2483 1356 2514 habent
1370 2494 1417 2519 ne,
1434 2492 1487 2524 pro
1502 2493 1566 2512 uec.

999 2534 1047 2563 ll.
1073 2533 1257 2563 thcurrere
1280 2532 1395 2572 lapsis]
1428 2530 1530 2563 Cicer.
1556 2541 1610 2573 pro

952 2581 1075 2623 Ligario
1103 2582 1274 2618 confirmat,
1299 2581 1386 2612 nulla
1411 2591 1443 2611 re
1469 2579 1609 2610 homines

951 2630 1075 2672 propius
1101 2630 1141 2661 ad
1161 2631 1246 2661 Deos
1269 2629 1429 2665 accedere,
1445 2639 1538 2670 quam
1561 2639 1608 2659 sa-

952 2679 1049 2709 lutem
1063 2679 1239 2710 hominibus
1254 2678 1369 2710 dando.
1408 2680 1509 2709 Poxr.
