1760 3172
423 440 707 489 PUBLII
774 438 1041 487 OVIDII
1108 437 1462 485 NASONIS

714 608 1178 652 EPISTOLARUM

619 774 769 829 EX
842 770 1287 829 PONTO

699 951 874 990 LIBER
912 949 1193 997 QUARTUS.

819 1125 1079 1159 4-

724 1276 973 1308 EPISTOLA
998 1274 1178 1306 PRIMA.

616 1427 893 1468 *SEXTO
938 1423 1281 1468 POMPEIO.

255 1530 484 1586 ACCIPE,
512 1528 738 1593 Pompei,
765 1530 1037 1577 deductum
1063 1544 1264 1576 carmen
1290 1527 1351 1574 ab
1377 1525 1477 1582 illo,

324 1607 536 1656 Debitor
561 1614 638 1654 est
660 1607 773 1654 vitae
798 1607 885 1670 qui
910 1607 1018 1663 tibi,
1049 1606 1223 1661 Sexte,
1252 1621 1370 1651 suae.

256 1684 355 1740 Qui
380 1684 422 1731 si
448 1700 545 1731 non
569 1684 802 1748 prohibes
829 1700 858 1731 a
882 1699 961 1731 me
985 1691 1072 1731 tua
1092 1682 1292 1730 nomina
1315 1680 1448 1745 poni,

321 1761 546 1809 Accedet
570 1761 758 1809 meritis
783 1761 890 1809 haec
917 1777 1120 1825 quoque
1143 1774 1339 1807 summa
1362 1757 1478 1805 tuis.

258 1839 374 1887 Sive
399 1838 554 1886 trahis
575 1839 756 1895 vultus,
780 1839 1014 1904 equidem
1039 1854 1279 1904 peccasse
1304 1837 1526 1884 fatebor:
1617 1839 1646 1884 5

326 1915 512 1964 Delicti
538 1923 707 1964 tamen
733 1925 811 1965 est
835 1934 987 1966 causa
1011 1916 1268 1982 probanda
1291 1915 1406 1963 mei.

260 1993 376 2041 Non
400 1994 561 2058 potuit
585 2011 698 2042 mea
722 2011 878 2051 mens,
901 1995 1022 2059 quin
1049 2001 1183 2043 esset
1207 2000 1363 2057 grata,
1390 1990 1576 2040 teneri:

327 2071 420 2128 Sit,
448 2088 639 2136 precor,
666 2073 827 2120 officio
854 2090 952 2121 non
978 2072 1138 2136 gravis
1164 2071 1236 2118 ira
1259 2070 1359 2135 pio.

301 2277 319 2294 ³
343 2276 450 2306 διῖκτο
477 2275 660 2316 Pom‘mo]
710 2276 804 2307 Hunc
834 2276 921 2307 Sext.

258 2322 442 2366 Pompeium
464 2324 615 2365 originem
634 2324 755 2356 trahere
779 2325 922 2357 existimo

258 2374 299 2405 ab
324 2374 378 2405 illo
398 2374 558 2415 Pompeio,
575 2374 629 2415 qui
654 2374 693 2405 ad
718 2374 921 2406 Numantiam

258 2423 340 2454 male
365 2433 430 2454 rem
455 2422 562 2463 gessit,
583 2433 742 2465 quemque
766 2422 921 2455 hominem

261 2482 375 2503 novum
392 2472 502 2503 Cicero
516 2471 633 2503 alicubi
649 2472 830 2514 adpellavit.
853 2473 921 2504 Hoc

260 2521 388 2552 consule
399 2527 553 2552 mortuum
563 2521 720 2553 Caesarem
730 2522 920 2564 Augustum,

260 2569 292 2601 in
320 2571 460 2601 confesso
486 2576 546 2601 est.
593 2571 706 2602 Eidem
732 2572 921 2614 proconsuli,

262 2619 369 2650 Asiam
393 2619 556 2655 obtinenti,
576 2630 680 2651 comes
701 2631 736 2651 ac
763 2621 922 2652 familiaris

261 2668 339 2699 abiit
361 2668 394 2699 in
423 2668 614 2710 provinciam
644 2670 789 2701 Valerius
816 2671 921 2701 Maxi-

263 2727 340 2751 mus,
357 2723 390 2747 ut
415 2716 481 2758 ipse
504 2717 543 2748 de
567 2728 599 2748 se
623 2724 754 2749 testatur
776 2718 808 2749 in
828 2720 921 2750 Com-

990 2275 1141 2306 mentario
1161 2273 1328 2306 illustrium
1353 2273 1578 2316 exemplorum,
1595 2273 1651 2304 lib.

990 2324 1022 2355 ii.
1037 2335 1106 2366 cap.
1122 2326 1151 2356 1.
1189 2325 1306 2355 mes.

1033 2375 1064 2405 3.
1101 2375 1126 2404 A
1158 2385 1202 2404 me
1240 2381 1294 2404 tua
1326 2375 1448 2404 nomina
1482 2371 1580 2412 poni-J
1621 2372 1650 2402 A

990 2434 1039 2454 me
1076 2423 1266 2455 carminibus
1294 2422 1371 2454 meis
1405 2421 1510 2454 referri
1540 2432 1652 2452 nomen

992 2478 1094 2504 tuum.

1035 2523 1065 2553 4.
1090 2523 1217 2553 Accedet
1247 2523 1306 2553 tuis
1330 2520 1472 2562 meritis]
1507 2520 1652 2552 Addetur

989 2572 1116 2614 reliquis
1131 2571 1191 2603 tuis
1205 2571 1375 2603 beneficiis.

1032 2624 1066 2653 5.
1082 2621 1148 2652 Sive
1164 2622 1258 2651 trahis
1274 2619 1405 2660 vultus]
1429 2619 1501 2650 Sive
1519 2619 1649 2649 frontem

990 2670 1146 2701 contrahis
1166 2676 1197 2700 et
1217 2668 1369 2703 irasceris,
1385 2668 1469 2710 quod
1490 2666 1650 2710 ponamin

990 2717 1068 2749 meis
1083 2719 1205 2760 scriptis
1221 2725 1275 2749 tna
1291 2717 1427 2748 nomina.
