<?xml version="1.0" encoding="UTF-8"?>
<!DOCTYPE html PUBLIC "-//W3C//DTD XHTML 1.0 Transitional//EN"
    "http://www.w3.org/TR/xhtml1/DTD/xhtml1-transitional.dtd">
<html xmlns="http://www.w3.org/1999/xhtml" xml:lang="en" lang="en">
 <head>
  <title>
</title>
<meta http-equiv="Content-Type" content="text/html;charset=utf-8" />
  <meta name='ocr-system' content='tesseract 3.04.00' />
  <meta name='ocr-capabilities' content='ocr_page ocr_carea ocr_par ocr_line ocrx_word'/>
</head>
<body>
  <div class='ocr_page' id='page_1' title='image "./povidiinasonisop02oviduoft_0253.png"; bbox 0 0 1760 3172; ppageno 0'>
   <div class='ocr_carea' id='block_1_1' title="bbox 379 188 1322 232">
    <p class='ocr_par' dir='ltr' id='par_1_1' title="bbox 379 188 1322 232">
     <span class='ocr_line' id='line_1_1' title="bbox 379 188 1322 232; baseline 0.002 -2"><span class='ocrx_word' id='word_1_1' title='bbox 379 188 690 231; x_wconf 88' lang='lat' dir='ltr'>TRISTIUM</span> <span class='ocrx_word' id='word_1_2' title='bbox 721 189 840 230; x_wconf 93' lang='lat' dir='ltr'>LIB.</span> <span class='ocrx_word' id='word_1_3' title='bbox 875 188 965 230; x_wconf 93' lang='lat' dir='ltr'>III.</span> <span class='ocrx_word' id='word_1_4' title='bbox 1000 190 1179 232; x_wconf 86' lang='lat' dir='ltr'><strong>ELEG.</strong></span> <span class='ocrx_word' id='word_1_5' title='bbox 1213 190 1322 232; x_wconf 92' lang='lat' dir='ltr'><strong>VII.</strong></span> 
     </span>
    </p>
   </div>
   <div class='ocr_carea' id='block_1_2' title="bbox 1467 191 1552 232">
    <p class='ocr_par' dir='ltr' id='par_1_2' title="bbox 1467 191 1552 232">
     <span class='ocr_line' id='line_1_2' title="bbox 1467 191 1552 232; baseline 0 0"><span class='ocrx_word' id='word_1_6' title='bbox 1467 191 1552 232; x_wconf 80' lang='lat'>243</span> 
     </span>
    </p>
   </div>
   <div class='ocr_carea' id='block_1_3' title="bbox 159 304 1556 974">
    <p class='ocr_par' dir='ltr' id='par_1_3' title="bbox 162 304 1408 444">
     <span class='ocr_line' id='line_1_3' title="bbox 162 304 1408 362; baseline 0.002 -12"><span class='ocrx_word' id='word_1_7' title='bbox 162 304 264 351; x_wconf 85' lang='lat' dir='ltr'>Sed</span> <span class='ocrx_word' id='word_1_8' title='bbox 288 320 472 360; x_wconf 87' lang='lat' dir='ltr'>vereor,</span> <span class='ocrx_word' id='word_1_9' title='bbox 500 320 562 351; x_wconf 92' lang='lat' dir='ltr'>ne</span> <span class='ocrx_word' id='word_1_10' title='bbox 586 311 636 351; x_wconf 93' lang='lat' dir='ltr'>te</span> <span class='ocrx_word' id='word_1_11' title='bbox 662 320 773 351; x_wconf 90' lang='lat' dir='ltr'>mea</span> <span class='ocrx_word' id='word_1_12' title='bbox 797 320 928 351; x_wconf 91' lang='lat' dir='ltr'>nunc</span> <span class='ocrx_word' id='word_1_13' title='bbox 954 304 1151 352; x_wconf 85' lang='lat' dir='ltr'>fortun-a</span> <span class='ocrx_word' id='word_1_14' title='bbox 1175 306 1408 362; x_wconf 80' lang='lat' dir='ltr'>retardet,</span> 
     </span>
     <span class='ocr_line' id='line_1_4' title="bbox 226 379 1368 444; baseline 0.002 -17"><span class='ocrx_word' id='word_1_15' title='bbox 226 379 450 443; x_wconf 82' lang='lat' dir='ltr'><strong>Postque</strong></span> <span class='ocrx_word' id='word_1_16' title='bbox 475 397 612 428; x_wconf 90' lang='lat' dir='ltr'>meos</span> <span class='ocrx_word' id='word_1_17' title='bbox 638 397 783 428; x_wconf 89' lang='lat' dir='ltr'>casus</span> <span class='ocrx_word' id='word_1_18' title='bbox 811 381 875 427; x_wconf 87' lang='lat' dir='ltr'>sit</span> <span class='ocrx_word' id='word_1_19' title='bbox 900 381 991 427; x_wconf 92' lang='lat' dir='ltr'>tibi</span> <span class='ocrx_word' id='word_1_20' title='bbox 1018 388 1194 444; x_wconf 90' lang='lat' dir='ltr'>pectus</span> <span class='ocrx_word' id='word_1_21' title='bbox 1221 382 1368 429; x_wconf 87' lang='lat' dir='ltr'>iners.</span> 
     </span>
    </p>

    <p class='ocr_par' dir='ltr' id='par_1_4' title="bbox 162 457 1508 599">
     <span class='ocr_line' id='line_1_5' title="bbox 162 457 1508 522; baseline 0.002 -18"><span class='ocrx_word' id='word_1_22' title='bbox 162 458 297 505; x_wconf 91' lang='lat' dir='ltr'>Dum</span> <span class='ocrx_word' id='word_1_23' title='bbox 322 457 477 513; x_wconf 90' lang='lat' dir='ltr'>licuit,</span> <span class='ocrx_word' id='word_1_24' title='bbox 504 465 592 505; x_wconf 92' lang='lat' dir='ltr'>tua</span> <span class='ocrx_word' id='word_1_25' title='bbox 617 474 749 522; x_wconf 82' lang='lat' dir='ltr'>saepe</span> <span class='ocrx_word' id='word_1_26' title='bbox 774 458 911 515; x_wconf 85' lang='lat' dir='ltr'>mihi,</span> <span class='ocrx_word' id='word_1_27' title='bbox 939 458 1029 505; x_wconf 90' lang='lat' dir='ltr'>tibi</span> <span class='ocrx_word' id='word_1_28' title='bbox 1055 465 1224 505; x_wconf 85' lang='lat' dir='ltr'>nostra</span> <span class='ocrx_word' id='word_1_29' title='bbox 1249 459 1508 522; x_wconf 81' lang='lat' dir='ltr'>legebam3</span> 
     </span>
     <span class='ocr_line' id='line_1_6' title="bbox 227 534 1278 599; baseline 0 -17"><span class='ocrx_word' id='word_1_30' title='bbox 227 534 375 598; x_wconf 88' lang='lat' dir='ltr'>Saepe</span> <span class='ocrx_word' id='word_1_31' title='bbox 399 535 472 582; x_wconf 91' lang='lat' dir='ltr'>tui</span> <span class='ocrx_word' id='word_1_32' title='bbox 491 535 669 598; x_wconf 86' lang='lat' dir='ltr'>judex,</span> <span class='ocrx_word' id='word_1_33' title='bbox 697 551 831 599; x_wconf 81' lang='lat' dir='ltr'>saepe</span> <span class='ocrx_word' id='word_1_34' title='bbox 856 535 1092 597; x_wconf 82' lang='lat' dir='ltr'>magister</span> <span class='ocrx_word' id='word_1_35' title='bbox 1116 551 1278 583; x_wconf 84' lang='lat' dir='ltr'>eram:</span> 
     </span>
    </p>

    <p class='ocr_par' dir='ltr' id='par_1_5' title="bbox 159 610 1552 745">
     <span class='ocr_line' id='line_1_7' title="bbox 159 610 1552 675; baseline 0.001 -17"><span class='ocrx_word' id='word_1_36' title='bbox 159 610 265 658; x_wconf 91' lang='lat' dir='ltr'>Aut</span> <span class='ocrx_word' id='word_1_37' title='bbox 288 627 380 673; x_wconf 83' lang='lat' dir='ltr'>ego</span> <span class='ocrx_word' id='word_1_38' title='bbox 406 612 692 675; x_wconf 71' lang='lat' dir='ltr'>praebebam</span> <span class='ocrx_word' id='word_1_39' title='bbox 714 612 859 659; x_wconf 86' lang='lat' dir='ltr'>factis</span> <span class='ocrx_word' id='word_1_40' title='bbox 885 612 1033 658; x_wconf 88' lang='lat' dir='ltr'>modo</span> <span class='ocrx_word' id='word_1_41' title='bbox 1055 612 1279 659; x_wconf 86' lang='lat' dir='ltr'>versibus</span> <span class='ocrx_word' id='word_1_42' title='bbox 1302 628 1461 668; x_wconf 87' lang='lat' dir='ltr'>aures,</span> <span class='ocrx_word' id='word_1_43' title='bbox 1489 615 1552 659; x_wconf 84' lang='lat'>25</span> 
     </span>
     <span class='ocr_line' id='line_1_8' title="bbox 225 686 1295 745; baseline 0.001 -11"><span class='ocrx_word' id='word_1_44' title='bbox 225 686 342 744; x_wconf 89' lang='lat' dir='ltr'>Aut,</span> <span class='ocrx_word' id='word_1_45' title='bbox 370 688 455 735; x_wconf 91' lang='lat' dir='ltr'>ubi</span> <span class='ocrx_word' id='word_1_46' title='bbox 480 704 720 745; x_wconf 86' lang='lat' dir='ltr'>cessaras‚</span> <span class='ocrx_word' id='word_1_47' title='bbox 748 704 900 735; x_wconf 89' lang='lat' dir='ltr'>causa</span> <span class='ocrx_word' id='word_1_48' title='bbox 924 689 1116 735; x_wconf 83' lang='lat' dir='ltr'>ruboris</span> <span class='ocrx_word' id='word_1_49' title='bbox 1143 704 1295 736; x_wconf 84' lang='lat' dir='ltr'>eram.</span> 
     </span>
    </p>

    <p class='ocr_par' dir='ltr' id='par_1_6' title="bbox 162 764 1309 906">
     <span class='ocr_line' id='line_1_9' title="bbox 162 764 1309 829; baseline -0.002 -16"><span class='ocrx_word' id='word_1_50' title='bbox 162 764 389 813; x_wconf 82' lang='lat' dir='ltr'>Forsitan</span> <span class='ocrx_word' id='word_1_51' title='bbox 413 767 662 829; x_wconf 84' lang='lat' dir='ltr'>exemplo,</span> <span class='ocrx_word' id='word_1_52' title='bbox 692 765 812 828; x_wconf 88' lang='lat' dir='ltr'>quia</span> <span class='ocrx_word' id='word_1_53' title='bbox 836 782 915 813; x_wconf 89' lang='lat' dir='ltr'>me</span> <span class='ocrx_word' id='word_1_54' title='bbox 940 767 1111 813; x_wconf 80' lang='lat' dir='ltr'>laesere</span> <span class='ocrx_word' id='word_1_55' title='bbox 1138 765 1309 822; x_wconf 86' lang='lat' dir='ltr'>libelli,</span> 
     </span>
     <span class='ocr_line' id='line_1_10' title="bbox 226 840 1299 906; baseline 0.002 -19"><span class='ocrx_word' id='word_1_56' title='bbox 226 840 301 887; x_wconf 93' lang='lat' dir='ltr'>Tu</span> <span class='ocrx_word' id='word_1_57' title='bbox 328 858 530 905; x_wconf 89' lang='lat' dir='ltr'>quoque</span> <span class='ocrx_word' id='word_1_58' title='bbox 555 843 621 889; x_wconf 89' lang='lat' dir='ltr'>sis</span> <span class='ocrx_word' id='word_1_59' title='bbox 648 859 807 906; x_wconf 82' lang='lat' dir='ltr'>poenae</span> <span class='ocrx_word' id='word_1_60' title='bbox 834 842 935 889; x_wconf 87' lang='lat' dir='ltr'>fata</span> <span class='ocrx_word' id='word_1_61' title='bbox 959 849 1134 889; x_wconf 88' lang='lat' dir='ltr'>secuta</span> <span class='ocrx_word' id='word_1_62' title='bbox 1158 859 1299 889; x_wconf 84' lang='lat' dir='ltr'>meae.</span> 
     </span>
    </p>

    <p class='ocr_par' dir='ltr' id='par_1_7' title="bbox 159 917 1556 974">
     <span class='ocr_line' id='line_1_11' title="bbox 159 917 1556 974; baseline 0.001 -10"><span class='ocrx_word' id='word_1_63' title='bbox 159 917 318 974; x_wconf 90' lang='lat' dir='ltr'>Pone,</span> <span class='ocrx_word' id='word_1_64' title='bbox 337 919 538 974; x_wconf 88' lang='lat' dir='ltr'>Perilla,</span> <span class='ocrx_word' id='word_1_65' title='bbox 557 927 770 966; x_wconf 88' lang='lat' dir='ltr'>metum:</span> <span class='ocrx_word' id='word_1_66' title='bbox 802 920 1149 966; x_wconf 85' lang='lat' dir='ltr'>tantummodo</span> <span class='ocrx_word' id='word_1_67' title='bbox 1168 918 1353 966; x_wconf 88' lang='lat' dir='ltr'>femina</span> <span class='ocrx_word' id='word_1_68' title='bbox 1373 935 1470 966; x_wconf 90' lang='lat' dir='ltr'>non</span> <span class='ocrx_word' id='word_1_69' title='bbox 1493 920 1556 967; x_wconf 83' lang='lat' dir='ltr'>sit</span> 
     </span>
    </p>
   </div>
   <div class='ocr_carea' id='block_1_4' title="bbox 226 995 1265 1059">
    <p class='ocr_par' dir='ltr' id='par_1_8' title="bbox 226 995 1265 1059">
     <span class='ocr_line' id='line_1_12' title="bbox 226 995 1265 1059; baseline 0.002 -18"><span class='ocrx_word' id='word_1_70' title='bbox 226 995 399 1050; x_wconf 89' lang='lat' dir='ltr'>Devia‚</span> <span class='ocrx_word' id='word_1_71' title='bbox 426 1012 519 1043; x_wconf 90' lang='lat' dir='ltr'>nec</span> <span class='ocrx_word' id='word_1_72' title='bbox 546 996 745 1059; x_wconf 88' lang='lat' dir='ltr'>scriptis</span> <span class='ocrx_word' id='word_1_73' title='bbox 771 996 933 1043; x_wconf 88' lang='lat' dir='ltr'>discat</span> <span class='ocrx_word' id='word_1_74' title='bbox 958 1012 1124 1043; x_wconf 87' lang='lat' dir='ltr'>amare</span> <span class='ocrx_word' id='word_1_75' title='bbox 1149 996 1265 1043; x_wconf 81' lang='lat' dir='ltr'>tuis.</span> 
     </span>
    </p>
   </div>
   <div class='ocr_carea' id='block_1_5' title="bbox 1489 1000 1553 1044">
    <p class='ocr_par' dir='ltr' id='par_1_9' title="bbox 1489 1000 1553 1044">
     <span class='ocr_line' id='line_1_13' title="bbox 1489 1000 1553 1044; baseline -0.016 0"><span class='ocrx_word' id='word_1_76' title='bbox 1489 1000 1553 1044; x_wconf 90' lang='lat'>30</span> 
     </span>
    </p>
   </div>
   <div class='ocr_carea' id='block_1_6' title="bbox 161 1071 1317 1367">
    <p class='ocr_par' dir='ltr' id='par_1_10' title="bbox 161 1071 1317 1289">
     <span class='ocr_line' id='line_1_14' title="bbox 161 1071 1317 1134; baseline 0.002 -15"><span class='ocrx_word' id='word_1_77' title='bbox 161 1071 294 1134; x_wconf 85' lang='lat' dir='ltr'>Ergo</span> <span class='ocrx_word' id='word_1_78' title='bbox 319 1072 523 1119; x_wconf 83' lang='lat' dir='ltr'>desidiae</span> <span class='ocrx_word' id='word_1_79' title='bbox 549 1089 763 1129; x_wconf 88' lang='lat' dir='ltr'>remove,</span> <span class='ocrx_word' id='word_1_80' title='bbox 791 1074 1095 1129; x_wconf 87' lang='lat' dir='ltr'>doctissima,</span> <span class='ocrx_word' id='word_1_81' title='bbox 1123 1089 1317 1130; x_wconf 79' lang='lat' dir='ltr'>causas,</span> 
     </span>
     <span class='ocr_line' id='line_1_15' title="bbox 227 1148 1224 1212; baseline 0.002 -17"><span class='ocrx_word' id='word_1_82' title='bbox 227 1148 389 1212; x_wconf 86' lang='lat' dir='ltr'>Inque</span> <span class='ocrx_word' id='word_1_83' title='bbox 411 1150 568 1197; x_wconf 89' lang='lat' dir='ltr'>bonas</span> <span class='ocrx_word' id='word_1_84' title='bbox 594 1157 725 1197; x_wconf 87' lang='lat' dir='ltr'>artes</span> <span class='ocrx_word' id='word_1_85' title='bbox 752 1158 802 1197; x_wconf 91' lang='lat' dir='ltr'>et</span> <span class='ocrx_word' id='word_1_86' title='bbox 826 1157 912 1197; x_wconf 87' lang='lat' dir='ltr'>tua</span> <span class='ocrx_word' id='word_1_87' title='bbox 936 1166 1079 1197; x_wconf 88' lang='lat' dir='ltr'>sacra</span> <span class='ocrx_word' id='word_1_88' title='bbox 1103 1150 1224 1197; x_wconf 84' lang='lat' dir='ltr'>redi.</span> 
     </span>
     <span class='ocr_line' id='line_1_16' title="bbox 161 1224 1300 1289; baseline 0.002 -17"><span class='ocrx_word' id='word_1_89' title='bbox 161 1224 267 1273; x_wconf 86' lang='lat' dir='ltr'>Ista</span> <span class='ocrx_word' id='word_1_90' title='bbox 290 1226 474 1273; x_wconf 89' lang='lat' dir='ltr'>decens</span> <span class='ocrx_word' id='word_1_91' title='bbox 500 1226 653 1274; x_wconf 88' lang='lat' dir='ltr'>facies</span> <span class='ocrx_word' id='word_1_92' title='bbox 679 1226 841 1289; x_wconf 80' lang='lat' dir='ltr'>longis</span> <span class='ocrx_word' id='word_1_93' title='bbox 866 1226 1122 1273; x_wconf 82' lang='lat' dir='ltr'>vitiabitur</span> <span class='ocrx_word' id='word_1_94' title='bbox 1143 1227 1300 1283; x_wconf 88' lang='lat' dir='ltr'>annis,</span> 
     </span>
    </p>

    <p class='ocr_par' dir='ltr' id='par_1_11' title="bbox 228 1301 1316 1367">
     <span class='ocr_line' id='line_1_17' title="bbox 228 1301 1316 1367; baseline 0.002 -18"><span class='ocrx_word' id='word_1_95' title='bbox 228 1301 476 1367; x_wconf 84' lang='lat' dir='ltr'>Rugaque</span> <span class='ocrx_word' id='word_1_96' title='bbox 502 1303 553 1350; x_wconf 90' lang='lat' dir='ltr'>in</span> <span class='ocrx_word' id='word_1_97' title='bbox 580 1304 791 1367; x_wconf 88' lang='lat' dir='ltr'>antiqua</span> <span class='ocrx_word' id='word_1_98' title='bbox 815 1304 978 1352; x_wconf 87' lang='lat' dir='ltr'>fronte</span> <span class='ocrx_word' id='word_1_99' title='bbox 1005 1305 1171 1351; x_wconf 88' lang='lat' dir='ltr'>senilis</span> <span class='ocrx_word' id='word_1_100' title='bbox 1198 1305 1316 1361; x_wconf 81' lang='lat' dir='ltr'>erit3</span> 
     </span>
    </p>
   </div>
   <div class='ocr_carea' id='block_1_7' title="bbox 148 1543 826 2767">
    <p class='ocr_par' dir='ltr' id='par_1_12' title="bbox 156 1543 822 1675">
     <span class='ocr_line' id='line_1_18' title="bbox 200 1543 822 1586; baseline 0.003 -11"><span class='ocrx_word' id='word_1_101' title='bbox 200 1544 251 1575; x_wconf 88' lang='grc'>20.</span> <span class='ocrx_word' id='word_1_102' title='bbox 277 1543 347 1574; x_wconf 79' lang='lat' dir='ltr'>Sola</span> <span class='ocrx_word' id='word_1_103' title='bbox 372 1551 452 1575; x_wconf 79' lang='lat' dir='ltr'>vates</span> <span class='ocrx_word' id='word_1_104' title='bbox 476 1544 608 1586; x_wconf 55' lang='lat' dir='ltr'>Lesbia]</span> <span class='ocrx_word' id='word_1_105' title='bbox 635 1546 708 1577; x_wconf 80' lang='lat' dir='ltr'>Sola</span> <span class='ocrx_word' id='word_1_106' title='bbox 736 1552 822 1577; x_wconf 85' lang='lat' dir='ltr'>vates</span> 
     </span>
     <span class='ocr_line' id='line_1_19' title="bbox 156 1592 822 1635; baseline 0.005 -13"><span class='ocrx_word' id='word_1_107' title='bbox 156 1592 282 1634; x_wconf 85' lang='lat' dir='ltr'>Sappho</span> <span class='ocrx_word' id='word_1_108' title='bbox 294 1603 332 1623; x_wconf 84' lang='lat' dir='ltr'>ex</span> <span class='ocrx_word' id='word_1_109' title='bbox 344 1593 446 1624; x_wconf 89' lang='lat' dir='ltr'>Lesbo</span> <span class='ocrx_word' id='word_1_110' title='bbox 459 1592 572 1625; x_wconf 88' lang='lat' dir='ltr'>insula.</span> <span class='ocrx_word' id='word_1_111' title='bbox 622 1595 726 1626; x_wconf 61' lang='lat' dir='ltr'>Vincet</span> <span class='ocrx_word' id='word_1_112' title='bbox 741 1607 822 1635; x_wconf 75' lang='lat' dir='ltr'>opus.</span> 
     </span>
     <span class='ocr_line' id='line_1_20' title="bbox 160 1642 717 1675; baseline 0.004 -3"><span class='ocrx_word' id='word_1_113' title='bbox 160 1642 268 1672; x_wconf 72' lang='lat' dir='ltr'>Vincat</span> <span class='ocrx_word' id='word_1_114' title='bbox 282 1642 362 1673; x_wconf 89' lang='lat' dir='ltr'>bene</span> <span class='ocrx_word' id='word_1_115' title='bbox 378 1642 552 1674; x_wconf 89' lang='lat' dir='ltr'>Leidensis.</span> <span class='ocrx_word' id='word_1_116' title='bbox 600 1644 717 1675; x_wconf 63' lang='lat' dir='ltr'>Hmss.</span> 
     </span>
    </p>

    <p class='ocr_par' dir='ltr' id='par_1_13' title="bbox 156 1691 824 1930">
     <span class='ocr_line' id='line_1_21' title="bbox 199 1691 819 1733; baseline 0.003 -12"><span class='ocrx_word' id='word_1_117' title='bbox 199 1692 252 1722; x_wconf 84' lang='lat'>23.</span> <span class='ocrx_word' id='word_1_118' title='bbox 285 1691 368 1721; x_wconf 87' lang='lat' dir='ltr'>Dum</span> <span class='ocrx_word' id='word_1_119' title='bbox 403 1693 501 1728; x_wconf 81' lang='lat' dir='ltr'>licuit,</span> <span class='ocrx_word' id='word_1_120' title='bbox 526 1698 580 1722; x_wconf 74' lang='lat' dir='ltr'>tua</span> <span class='ocrx_word' id='word_1_121' title='bbox 612 1704 684 1731; x_wconf 58' lang='grc' dir='ltr'>,ηερε</span> <span class='ocrx_word' id='word_1_122' title='bbox 720 1693 819 1733; x_wconf 68' lang='lat' dir='ltr'>mihi]</span> 
     </span>
     <span class='ocr_line' id='line_1_22' title="bbox 156 1741 823 1780; baseline 0.001 -8"><span class='ocrx_word' id='word_1_123' title='bbox 156 1741 239 1772; x_wconf 88' lang='lat' dir='ltr'>Puto</span> <span class='ocrx_word' id='word_1_124' title='bbox 255 1746 308 1771; x_wconf 83' lang='lat' dir='ltr'>tua</span> <span class='ocrx_word' id='word_1_125' title='bbox 332 1751 403 1780; x_wconf 69' lang='lat' dir='ltr'>serpe</span> <span class='ocrx_word' id='word_1_126' title='bbox 425 1743 500 1777; x_wconf 76' lang='lat' dir='ltr'>tibi,·</span> <span class='ocrx_word' id='word_1_127' title='bbox 525 1752 598 1771; x_wconf 81' lang='lat' dir='ltr'>nain</span> <span class='ocrx_word' id='word_1_128' title='bbox 614 1741 652 1772; x_wconf 90' lang='lat' dir='ltr'>de</span> <span class='ocrx_word' id='word_1_129' title='bbox 673 1742 823 1773; x_wconf 80' lang='lat' dir='ltr'>recitante</span> 
     </span>
     <span class='ocr_line' id='line_1_23' title="bbox 156 1789 821 1831; baseline 0.003 -11"><span class='ocrx_word' id='word_1_130' title='bbox 156 1789 274 1820; x_wconf 84' lang='lat' dir='ltr'>Perilla</span> <span class='ocrx_word' id='word_1_131' title='bbox 309 1790 449 1831; x_wconf 85' lang='lat' dir='ltr'>proximo</span> <span class='ocrx_word' id='word_1_132' title='bbox 486 1790 668 1821; x_wconf 84' lang='lat' dir='ltr'>hexametro</span> <span class='ocrx_word' id='word_1_133' title='bbox 707 1791 821 1822; x_wconf 84' lang='lat' dir='ltr'>habes:</span> 
     </span>
     <span class='ocr_line' id='line_1_24' title="bbox 157 1839 823 1880; baseline 0.005 -12"><span class='ocrx_word' id='word_1_134' title='bbox 157 1848 227 1869; x_wconf 88' lang='lat' dir='ltr'>mox</span> <span class='ocrx_word' id='word_1_135' title='bbox 256 1839 349 1870; x_wconf 87' lang='lat' dir='ltr'>etiam</span> <span class='ocrx_word' id='word_1_136' title='bbox 377 1840 456 1879; x_wconf 72' lang='lat' dir='ltr'>Soepe</span> <span class='ocrx_word' id='word_1_137' title='bbox 480 1841 540 1870; x_wconf 79' lang='lat' dir='ltr'>tuis</span> <span class='ocrx_word' id='word_1_138' title='bbox 553 1842 665 1880; x_wconf 64' lang='lat' dir='ltr'>juder,</span> <span class='ocrx_word' id='word_1_139' title='bbox 693 1840 750 1871; x_wconf 90' lang='lat' dir='ltr'>hoc</span> <span class='ocrx_word' id='word_1_140' title='bbox 776 1846 823 1871; x_wconf 84' lang='lat' dir='ltr'>est</span> 
     </span>
     <span class='ocr_line' id='line_1_25' title="bbox 157 1887 824 1930; baseline 0.003 -12"><span class='ocrx_word' id='word_1_141' title='bbox 157 1887 310 1924; x_wconf 86' lang='lat' dir='ltr'>versibus,</span> <span class='ocrx_word' id='word_1_142' title='bbox 326 1888 434 1930; x_wconf 87' lang='lat' dir='ltr'>opinor</span> <span class='ocrx_word' id='word_1_143' title='bbox 449 1889 661 1919; x_wconf 88' lang='lat' dir='ltr'>scribendum.</span> <span class='ocrx_word' id='word_1_144' title='bbox 705 1889 824 1921; x_wconf 55' lang='lat' dir='ltr'>Hiems.</span> 
     </span>
    </p>

    <p class='ocr_par' dir='ltr' id='par_1_14' title="bbox 156 1937 825 2370">
     <span class='ocr_line' id='line_1_26' title="bbox 200 1937 823 1979; baseline 0.002 -11"><span class='ocrx_word' id='word_1_145' title='bbox 200 1938 253 1968; x_wconf 85' lang='lat'>26.</span> <span class='ocrx_word' id='word_1_146' title='bbox 290 1938 365 1973; x_wconf 78' lang='lat' dir='ltr'>Aut,</span> <span class='ocrx_word' id='word_1_147' title='bbox 394 1939 447 1968; x_wconf 75' lang='lat' dir='ltr'>ubi</span> <span class='ocrx_word' id='word_1_148' title='bbox 475 1939 630 1979; x_wconf 58' lang='lat' dir='ltr'>cessurus]</span> <span class='ocrx_word' id='word_1_149' title='bbox 672 1937 823 1969; x_wconf 85' lang='lat' dir='ltr'>Heinsius</span> 
     </span>
     <span class='ocr_line' id='line_1_27' title="bbox 158 1985 822 2029; baseline 0.003 -13"><span class='ocrx_word' id='word_1_150' title='bbox 158 1985 365 2028; x_wconf 87' lang='lat' dir='ltr'>adscripserat</span> <span class='ocrx_word' id='word_1_151' title='bbox 385 1997 440 2017; x_wconf 90' lang='lat' dir='ltr'>suo</span> <span class='ocrx_word' id='word_1_152' title='bbox 462 1986 576 2023; x_wconf 88' lang='lat' dir='ltr'>codici,</span> <span class='ocrx_word' id='word_1_153' title='bbox 594 1999 651 2018; x_wconf 82' lang='lat' dir='ltr'>non</span> <span class='ocrx_word' id='word_1_154' title='bbox 673 1989 822 2029; x_wconf 80' lang='lat' dir='ltr'>intelligo.</span> 
     </span>
     <span class='ocr_line' id='line_1_28' title="bbox 157 2035 823 2078; baseline 0.003 -12"><span class='ocrx_word' id='word_1_155' title='bbox 157 2035 220 2066; x_wconf 89' lang='lat' dir='ltr'>Sed</span> <span class='ocrx_word' id='word_1_156' title='bbox 235 2041 311 2077; x_wconf 89' lang='lat' dir='ltr'>puto</span> <span class='ocrx_word' id='word_1_157' title='bbox 325 2041 410 2067; x_wconf 88' lang='lat' dir='ltr'>recte</span> <span class='ocrx_word' id='word_1_158' title='bbox 426 2047 458 2067; x_wconf 89' lang='lat' dir='ltr'>se</span> <span class='ocrx_word' id='word_1_159' title='bbox 473 2036 587 2067; x_wconf 87' lang='lat' dir='ltr'>habere</span> <span class='ocrx_word' id='word_1_160' title='bbox 602 2037 775 2078; x_wconf 80' lang='lat' dir='ltr'>vulgatam,</span> <span class='ocrx_word' id='word_1_161' title='bbox 792 2042 823 2068; x_wconf 89' lang='lat' dir='ltr'>et</span> 
     </span>
     <span class='ocr_line' id='line_1_29' title="bbox 158 2083 823 2127; baseline 0.002 -11"><span class='ocrx_word' id='word_1_162' title='bbox 158 2095 268 2116; x_wconf 85' lang='lat' dir='ltr'>cessare</span> <span class='ocrx_word' id='word_1_163' title='bbox 298 2083 376 2115; x_wconf 87' lang='lat' dir='ltr'>nihil</span> <span class='ocrx_word' id='word_1_164' title='bbox 403 2084 454 2115; x_wconf 86' lang='lat' dir='ltr'>hic</span> <span class='ocrx_word' id='word_1_165' title='bbox 479 2085 565 2116; x_wconf 88' lang='lat' dir='ltr'>aliud</span> <span class='ocrx_word' id='word_1_166' title='bbox 589 2092 707 2122; x_wconf 83' lang='lat' dir='ltr'>notare,</span> <span class='ocrx_word' id='word_1_167' title='bbox 729 2097 823 2127; x_wconf 89' lang='lat' dir='ltr'>quam</span> 
     </span>
     <span class='ocr_line' id='line_1_30' title="bbox 158 2133 825 2171; baseline 0.003 -7"><span class='ocrx_word' id='word_1_168' title='bbox 158 2133 290 2165; x_wconf 88' lang='lat' dir='ltr'>inertem</span> <span class='ocrx_word' id='word_1_169' title='bbox 304 2145 383 2171; x_wconf 88' lang='lat' dir='ltr'>esse,</span> <span class='ocrx_word' id='word_1_170' title='bbox 399 2134 478 2165; x_wconf 86' lang='lat' dir='ltr'>nihil</span> <span class='ocrx_word' id='word_1_171' title='bbox 494 2134 605 2166; x_wconf 86' lang='lat' dir='ltr'>facere.</span> <span class='ocrx_word' id='word_1_172' title='bbox 651 2134 682 2166; x_wconf 85' lang='lat' dir='ltr'>Si</span> <span class='ocrx_word' id='word_1_173' title='bbox 699 2135 825 2167; x_wconf 83' lang='lat' dir='ltr'>fecisset</span> 
     </span>
     <span class='ocr_line' id='line_1_31' title="bbox 158 2183 824 2226; baseline 0.003 -12"><span class='ocrx_word' id='word_1_174' title='bbox 158 2194 264 2214; x_wconf 86' lang='lat' dir='ltr'>versus</span> <span class='ocrx_word' id='word_1_175' title='bbox 280 2183 409 2220; x_wconf 86' lang='lat' dir='ltr'>Perilla‚</span> <span class='ocrx_word' id='word_1_176' title='bbox 426 2184 514 2214; x_wconf 83' lang='lat' dir='ltr'>Naso</span> <span class='ocrx_word' id='word_1_177' title='bbox 530 2184 693 2226; x_wconf 79' lang='lat' dir='ltr'>praebebat</span> <span class='ocrx_word' id='word_1_178' title='bbox 714 2195 824 2224; x_wconf 81' lang='lat' dir='ltr'>aures3</span> 
     </span>
     <span class='ocr_line' id='line_1_32' title="bbox 156 2232 824 2274; baseline 0.003 -12"><span class='ocrx_word' id='word_1_179' title='bbox 156 2232 182 2263; x_wconf 92' lang='lat' dir='ltr'>si</span> <span class='ocrx_word' id='word_1_180' title='bbox 197 2243 252 2274; x_wconf 86' lang='lat' dir='ltr'>per</span> <span class='ocrx_word' id='word_1_181' title='bbox 266 2232 410 2263; x_wconf 84' lang='lat' dir='ltr'>inertiam</span> <span class='ocrx_word' id='word_1_182' title='bbox 426 2233 504 2264; x_wconf 88' lang='lat' dir='ltr'>nihil</span> <span class='ocrx_word' id='word_1_183' title='bbox 517 2233 653 2268; x_wconf 86' lang='lat' dir='ltr'>fecisset.</span> <span class='ocrx_word' id='word_1_184' title='bbox 670 2233 824 2265; x_wconf 83' lang='lat' dir='ltr'>desidiam</span> 
     </span>
     <span class='ocr_line' id='line_1_33' title="bbox 157 2281 825 2323; baseline 0.003 -11"><span class='ocrx_word' id='word_1_185' title='bbox 157 2281 225 2322; x_wconf 88' lang='lat' dir='ltr'>ejus</span> <span class='ocrx_word' id='word_1_186' title='bbox 252 2281 435 2323; x_wconf 84' lang='lat' dir='ltr'>increpabat</span> <span class='ocrx_word' id='word_1_187' title='bbox 458 2283 555 2319; x_wconf 85' lang='lat' dir='ltr'>Naso,</span> <span class='ocrx_word' id='word_1_188' title='bbox 581 2289 612 2314; x_wconf 88' lang='lat' dir='ltr'>et</span> <span class='ocrx_word' id='word_1_189' title='bbox 635 2284 679 2314; x_wconf 89' lang='lat' dir='ltr'>ita</span> <span class='ocrx_word' id='word_1_190' title='bbox 699 2285 825 2323; x_wconf 82' lang='lat' dir='ltr'>pudoris</span> 
     </span>
     <span class='ocr_line' id='line_1_34' title="bbox 158 2332 574 2370; baseline 0 -8"><span class='ocrx_word' id='word_1_191' title='bbox 158 2342 247 2362; x_wconf 84' lang='lat' dir='ltr'>causa</span> <span class='ocrx_word' id='word_1_192' title='bbox 265 2333 319 2370; x_wconf 82' lang='lat' dir='ltr'>ipsi</span> <span class='ocrx_word' id='word_1_193' title='bbox 334 2339 410 2362; x_wconf 76' lang='lat' dir='ltr'>erat.</span> <span class='ocrx_word' id='word_1_194' title='bbox 456 2332 574 2363; x_wconf 79' lang='lat' dir='ltr'>BunM.</span> 
     </span>
    </p>

    <p class='ocr_par' dir='ltr' id='par_1_15' title="bbox 148 2381 826 2767">
     <span class='ocr_line' id='line_1_35' title="bbox 202 2381 824 2420; baseline 0.002 -9"><span class='ocrx_word' id='word_1_195' title='bbox 202 2381 255 2412; x_wconf 85' lang='lat'>27.</span> <span class='ocrx_word' id='word_1_196' title='bbox 277 2382 351 2412; x_wconf 86' lang='lat' dir='ltr'>Vet.</span> <span class='ocrx_word' id='word_1_197' title='bbox 367 2381 442 2412; x_wconf 83' lang='lat' dir='ltr'>edit.</span> <span class='ocrx_word' id='word_1_198' title='bbox 461 2392 532 2420; x_wconf 82' lang='lat' dir='ltr'>cum</span> <span class='ocrx_word' id='word_1_199' title='bbox 549 2382 618 2413; x_wconf 87' lang='lat' dir='ltr'>aliis</span> <span class='ocrx_word' id='word_1_200' title='bbox 634 2381 729 2413; x_wconf 87' lang='lat' dir='ltr'>habet</span> <span class='ocrx_word' id='word_1_201' title='bbox 743 2395 748 2412; x_wconf 91' lang='lat'><strong>:</strong></span> <span class='ocrx_word' id='word_1_202' title='bbox 778 2381 824 2412; x_wconf 75' lang='lat' dir='ltr'>Tu</span> 
     </span>
     <span class='ocr_line' id='line_1_36' title="bbox 157 2431 826 2472; baseline 0.001 -12"><span class='ocrx_word' id='word_1_203' title='bbox 157 2441 268 2470; x_wconf 81' lang='lat' dir='ltr'>quoque</span> <span class='ocrx_word' id='word_1_204' title='bbox 286 2432 324 2460; x_wconf 81' lang='lat' dir='ltr'>sis</span> <span class='ocrx_word' id='word_1_205' title='bbox 341 2441 433 2470; x_wconf 79' lang='lat' dir='ltr'>poenae</span> <span class='ocrx_word' id='word_1_206' title='bbox 447 2431 541 2472; x_wconf 72' lang='lat' dir='ltr'>facta</span> <span class='ocrx_word' id='word_1_207' title='bbox 555 2432 647 2461; x_wconf 80' lang='lat' dir='ltr'>ruina</span> <span class='ocrx_word' id='word_1_208' title='bbox 665 2442 742 2461; x_wconf 78' lang='lat' dir='ltr'>meoe.</span> <span class='ocrx_word' id='word_1_209' title='bbox 780 2431 826 2461; x_wconf 83' lang='lat' dir='ltr'>At</span> 
     </span>
     <span class='ocr_line' id='line_1_37' title="bbox 148 2479 826 2522; baseline 0.001 -13"><span class='ocrx_word' id='word_1_210' title='bbox 148 2479 243 2520; x_wconf 82' lang='lat' dir='ltr'>facta</span> <span class='ocrx_word' id='word_1_211' title='bbox 257 2486 357 2510; x_wconf 84' lang='lat' dir='ltr'>secuta</span> <span class='ocrx_word' id='word_1_212' title='bbox 377 2479 410 2509; x_wconf 89' lang='lat' dir='ltr'>in</span> <span class='ocrx_word' id='word_1_213' title='bbox 429 2486 550 2522; x_wconf 81' lang='lat' dir='ltr'>septem</span> <span class='ocrx_word' id='word_1_214' title='bbox 570 2479 723 2522; x_wconf 89' lang='lat' dir='ltr'>reperitur</span> <span class='ocrx_word' id='word_1_215' title='bbox 739 2480 826 2511; x_wconf 83' lang='lat' dir='ltr'>codi-</span> 
     </span>
     <span class='ocr_line' id='line_1_38' title="bbox 158 2528 826 2571; baseline 0.003 -13"><span class='ocrx_word' id='word_1_216' title='bbox 158 2528 259 2565; x_wconf 82' lang='lat' dir='ltr'>cibus,</span> <span class='ocrx_word' id='word_1_217' title='bbox 275 2528 307 2559; x_wconf 87' lang='lat' dir='ltr'>in</span> <span class='ocrx_word' id='word_1_218' title='bbox 317 2528 469 2570; x_wconf 83' lang='lat' dir='ltr'>aliisfata</span> <span class='ocrx_word' id='word_1_219' title='bbox 480 2537 592 2564; x_wconf 81' lang='lat' dir='ltr'>secuta,</span> <span class='ocrx_word' id='word_1_220' title='bbox 608 2529 691 2570; x_wconf 86' lang='lat' dir='ltr'>quod</span> <span class='ocrx_word' id='word_1_221' title='bbox 704 2529 826 2571; x_wconf 82' lang='lat' dir='ltr'>placuit</span> 
     </span>
     <span class='ocr_line' id='line_1_39' title="bbox 158 2577 825 2619; baseline 0.003 -12"><span class='ocrx_word' id='word_1_222' title='bbox 158 2578 202 2608; x_wconf 87' lang='lat' dir='ltr'>D.</span> <span class='ocrx_word' id='word_1_223' title='bbox 217 2577 348 2608; x_wconf 88' lang='lat' dir='ltr'>Heinsio</span> <span class='ocrx_word' id='word_1_224' title='bbox 364 2590 372 2616; x_wconf 83' lang='lat'>3</span> <span class='ocrx_word' id='word_1_225' title='bbox 395 2578 482 2609; x_wconf 86' lang='lat' dir='ltr'>Sens.</span> <span class='ocrx_word' id='word_1_226' title='bbox 498 2578 640 2609; x_wconf 82' lang='lat' dir='ltr'>Forsitan</span> <span class='ocrx_word' id='word_1_227' title='bbox 655 2584 684 2608; x_wconf 84' lang='lat' dir='ltr'>te</span> <span class='ocrx_word' id='word_1_228' title='bbox 701 2589 825 2619; x_wconf 86' lang='lat' dir='ltr'>quoque</span> 
     </span>
     <span class='ocr_line' id='line_1_40' title="bbox 157 2626 820 2668; baseline 0 -12"><span class='ocrx_word' id='word_1_229' title='bbox 157 2636 260 2668; x_wconf 87' lang='lat' dir='ltr'>poenae</span> <span class='ocrx_word' id='word_1_230' title='bbox 279 2637 358 2657; x_wconf 87' lang='lat' dir='ltr'>meae</span> <span class='ocrx_word' id='word_1_231' title='bbox 376 2627 555 2668; x_wconf 85' lang='lat' dir='ltr'>exemplum</span> <span class='ocrx_word' id='word_1_232' title='bbox 578 2637 596 2657; x_wconf 88' lang='lat' dir='ltr'>a</span> <span class='ocrx_word' id='word_1_233' title='bbox 615 2627 700 2668; x_wconf 79' lang='lat' dir='ltr'>poesi</span> <span class='ocrx_word' id='word_1_234' title='bbox 716 2626 820 2657; x_wconf 86' lang='lat' dir='ltr'>deter-</span> 
     </span>
     <span class='ocr_line' id='line_1_41' title="bbox 158 2674 822 2717; baseline 0.002 -12"><span class='ocrx_word' id='word_1_235' title='bbox 158 2680 215 2706; x_wconf 85' lang='lat' dir='ltr'>ret.</span> <span class='ocrx_word' id='word_1_236' title='bbox 267 2675 350 2706; x_wconf 88' lang='lat' dir='ltr'>Mihi</span> <span class='ocrx_word' id='word_1_237' title='bbox 374 2686 445 2705; x_wconf 85' lang='lat' dir='ltr'>vero</span> <span class='ocrx_word' id='word_1_238' title='bbox 469 2675 536 2705; x_wconf 86' lang='lat' dir='ltr'>h.l.</span> <span class='ocrx_word' id='word_1_239' title='bbox 561 2675 592 2705; x_wconf 90' lang='lat' dir='ltr'>in</span> <span class='ocrx_word' id='word_1_240' title='bbox 614 2674 721 2717; x_wconf 86' lang='lat' dir='ltr'>primis</span> <span class='ocrx_word' id='word_1_241' title='bbox 744 2686 822 2716; x_wconf 84' lang='lat' dir='ltr'>prae-</span> 
     </span>
     <span class='ocr_line' id='line_1_42' title="bbox 159 2724 820 2767; baseline -0.002 -12"><span class='ocrx_word' id='word_1_242' title='bbox 159 2724 284 2756; x_wconf 84' lang='lat' dir='ltr'>teritum</span> <span class='ocrx_word' id='word_1_243' title='bbox 298 2731 398 2756; x_wconf 79' lang='lat' dir='ltr'>secuta</span> <span class='ocrx_word' id='word_1_244' title='bbox 413 2726 451 2755; x_wconf 84' lang='lat' dir='ltr'>sis</span> <span class='ocrx_word' id='word_1_245' title='bbox 466 2735 527 2755; x_wconf 87' lang='lat' dir='ltr'>non</span> <span class='ocrx_word' id='word_1_246' title='bbox 544 2725 660 2767; x_wconf 86' lang='lat' dir='ltr'>placet,</span> <span class='ocrx_word' id='word_1_247' title='bbox 680 2735 737 2756; x_wconf 89' lang='lat' dir='ltr'>nec</span> <span class='ocrx_word' id='word_1_248' title='bbox 753 2735 820 2756; x_wconf 90' lang='lat' dir='ltr'>om-</span> 
     </span>
    </p>
   </div>
   <div class='ocr_carea' id='block_1_8' title="bbox 881 1539 1561 2764">
    <p class='ocr_par' dir='ltr' id='par_1_16' title="bbox 881 1539 1560 2213">
     <span class='ocr_line' id='line_1_43' title="bbox 889 1539 1558 1583; baseline -0.003 -11"><span class='ocrx_word' id='word_1_249' title='bbox 889 1541 962 1572; x_wconf 88' lang='lat' dir='ltr'>nino</span> <span class='ocrx_word' id='word_1_250' title='bbox 986 1541 1140 1583; x_wconf 74' lang='lat' dir='ltr'>intelligo,</span> <span class='ocrx_word' id='word_1_251' title='bbox 1159 1542 1218 1572; x_wconf 87' lang='lat' dir='ltr'>nisi</span> <span class='ocrx_word' id='word_1_252' title='bbox 1241 1541 1398 1583; x_wconf 79' lang='lat' dir='ltr'>Syllepsin</span> <span class='ocrx_word' id='word_1_253' title='bbox 1419 1539 1558 1582; x_wconf 85' lang='lat' dir='ltr'>accipias</span> 
     </span>
     <span class='ocr_line' id='line_1_44' title="bbox 889 1589 1556 1632; baseline -0.003 -11"><span class='ocrx_word' id='word_1_254' title='bbox 889 1590 1069 1632; x_wconf 86' lang='lat' dir='ltr'>quamdam,</span> <span class='ocrx_word' id='word_1_255' title='bbox 1092 1591 1149 1632; x_wconf 86' lang='lat' dir='ltr'>(de</span> <span class='ocrx_word' id='word_1_256' title='bbox 1172 1601 1235 1632; x_wconf 86' lang='lat' dir='ltr'>qua</span> <span class='ocrx_word' id='word_1_257' title='bbox 1254 1589 1325 1621; x_wconf 86' lang='lat' dir='ltr'>vide</span> <span class='ocrx_word' id='word_1_258' title='bbox 1348 1589 1466 1620; x_wconf 81' lang='lat' dir='ltr'>Sanctii</span> <span class='ocrx_word' id='word_1_259' title='bbox 1491 1590 1556 1620; x_wconf 77' lang='lat' dir='ltr'>Mi-</span> 
     </span>
     <span class='ocr_line' id='line_1_45' title="bbox 889 1638 1556 1678; baseline 0 -8"><span class='ocrx_word' id='word_1_260' title='bbox 889 1650 974 1670; x_wconf 86' lang='lat' dir='ltr'>nerv.</span> <span class='ocrx_word' id='word_1_261' title='bbox 991 1646 1021 1670; x_wconf 89' lang='lat' dir='ltr'>et</span> <span class='ocrx_word' id='word_1_262' title='bbox 1036 1639 1235 1670; x_wconf 89' lang='lat' dir='ltr'>Perizonium</span> <span class='ocrx_word' id='word_1_263' title='bbox 1253 1639 1291 1670; x_wconf 91' lang='lat' dir='ltr'>ad</span> <span class='ocrx_word' id='word_1_264' title='bbox 1308 1639 1394 1669; x_wconf 83' lang='lat' dir='ltr'>illam</span> <span class='ocrx_word' id='word_1_265' title='bbox 1412 1638 1443 1669; x_wconf 90' lang='lat' dir='ltr'>ii.</span> <span class='ocrx_word' id='word_1_266' title='bbox 1460 1640 1490 1669; x_wconf 88' lang='grc'>9.</span> <span class='ocrx_word' id='word_1_267' title='bbox 1507 1639 1556 1678; x_wconf 89' lang='grc'>5.)</span> 
     </span>
     <span class='ocr_line' id='line_1_46' title="bbox 890 1688 1557 1730; baseline 0.001 -12"><span class='ocrx_word' id='word_1_268' title='bbox 890 1699 959 1729; x_wconf 87' lang='lat' dir='ltr'>quae</span> <span class='ocrx_word' id='word_1_269' title='bbox 984 1688 1061 1718; x_wconf 87' lang='lat' dir='ltr'>mihi</span> <span class='ocrx_word' id='word_1_270' title='bbox 1083 1689 1211 1730; x_wconf 87' lang='lat' dir='ltr'>quidem</span> <span class='ocrx_word' id='word_1_271' title='bbox 1235 1689 1266 1719; x_wconf 91' lang='lat' dir='ltr'>h.</span> <span class='ocrx_word' id='word_1_272' title='bbox 1282 1689 1303 1719; x_wconf 93' lang='lat' dir='ltr'>l.</span> <span class='ocrx_word' id='word_1_273' title='bbox 1328 1689 1405 1719; x_wconf 89' lang='lat' dir='ltr'>dura</span> <span class='ocrx_word' id='word_1_274' title='bbox 1430 1698 1496 1719; x_wconf 87' lang='lat' dir='ltr'>esse</span> <span class='ocrx_word' id='word_1_275' title='bbox 1514 1688 1557 1719; x_wconf 87' lang='lat' dir='ltr'>vi-</span> 
     </span>
     <span class='ocr_line' id='line_1_47' title="bbox 890 1737 1559 1779; baseline 0 -12"><span class='ocrx_word' id='word_1_276' title='bbox 890 1737 991 1768; x_wconf 86' lang='lat' dir='ltr'>detur.</span> <span class='ocrx_word' id='word_1_277' title='bbox 1038 1738 1081 1768; x_wconf 78' lang='lat' dir='ltr'>N.</span> <span class='ocrx_word' id='word_1_278' title='bbox 1097 1738 1247 1769; x_wconf 86' lang='lat' dir='ltr'>Heinsius</span> <span class='ocrx_word' id='word_1_279' title='bbox 1267 1737 1468 1779; x_wconf 82' lang='lat' dir='ltr'>amplectitur</span> <span class='ocrx_word' id='word_1_280' title='bbox 1483 1738 1559 1768; x_wconf 86' lang='lat' dir='ltr'>Mu-</span> 
     </span>
     <span class='ocr_line' id='line_1_48' title="bbox 892 1786 1558 1828; baseline 0 -12"><span class='ocrx_word' id='word_1_281' title='bbox 892 1786 948 1816; x_wconf 87' lang='lat' dir='ltr'>reti</span> <span class='ocrx_word' id='word_1_282' title='bbox 965 1787 1189 1828; x_wconf 84' lang='lat' dir='ltr'>conjecturam‚</span> <span class='ocrx_word' id='word_1_283' title='bbox 1203 1787 1290 1827; x_wconf 77' lang='lat' dir='ltr'>facta</span> <span class='ocrx_word' id='word_1_284' title='bbox 1304 1789 1436 1817; x_wconf 78' lang='lat' dir='ltr'>remissa.</span> <span class='ocrx_word' id='word_1_285' title='bbox 1449 1787 1558 1817; x_wconf 89' lang='lat' dir='ltr'>Burm.</span> 
     </span>
     <span class='ocr_line' id='line_1_49' title="bbox 891 1835 1559 1878; baseline 0 -13"><span class='ocrx_word' id='word_1_286' title='bbox 891 1835 1090 1866; x_wconf 79' lang='lat' dir='ltr'>scribendum</span> <span class='ocrx_word' id='word_1_287' title='bbox 1105 1841 1194 1878; x_wconf 80' lang='lat' dir='ltr'>putat</span> <span class='ocrx_word' id='word_1_288' title='bbox 1212 1849 1216 1865; x_wconf 95' lang='lat'>:</span> <span class='ocrx_word' id='word_1_289' title='bbox 1246 1836 1359 1865; x_wconf 76' lang='lat' dir='ltr'>Forsan</span> <span class='ocrx_word' id='word_1_290' title='bbox 1377 1837 1412 1865; x_wconf 83' lang='lat' dir='ltr'>ub</span> <span class='ocrx_word' id='word_1_291' title='bbox 1430 1837 1559 1875; x_wconf 52' lang='lat' dir='ltr'>exemplo</span> 
     </span>
     <span class='ocr_line' id='line_1_50' title="bbox 881 1885 1560 1926; baseline 0.003 -12"><span class='ocrx_word' id='word_1_292' title='bbox 881 1886 975 1926; x_wconf 72' lang='lat' dir='ltr'>flictu</span> <span class='ocrx_word' id='word_1_293' title='bbox 1002 1887 1121 1917; x_wconf 57' lang='lat' dir='ltr'>*remissa</span> <span class='ocrx_word' id='word_1_294' title='bbox 1148 1892 1240 1916; x_wconf 74' lang='lat' dir='ltr'>metit.</span> <span class='ocrx_word' id='word_1_295' title='bbox 1286 1885 1406 1916; x_wconf 84' lang='lat' dir='ltr'>Auctor</span> <span class='ocrx_word' id='word_1_296' title='bbox 1434 1886 1560 1916; x_wconf 80' lang='lat' dir='ltr'>Electo-</span> 
     </span>
     <span class='ocr_line' id='line_1_51' title="bbox 891 1935 1558 1976; baseline 0.001 -11"><span class='ocrx_word' id='word_1_297' title='bbox 891 1945 958 1965; x_wconf 88' lang='lat' dir='ltr'>rum</span> <span class='ocrx_word' id='word_1_298' title='bbox 976 1936 1068 1965; x_wconf 85' lang='lat' dir='ltr'>Eton.</span> <span class='ocrx_word' id='word_1_299' title='bbox 1084 1935 1256 1976; x_wconf 40' lang='lat' dir='ltr'>legit-facta</span> <span class='ocrx_word' id='word_1_300' title='bbox 1269 1946 1380 1966; x_wconf 64' lang='lat' dir='ltr'>severa.</span> <span class='ocrx_word' id='word_1_301' title='bbox 1403 1935 1558 1976; x_wconf 86' lang='lat' dir='ltr'>Equidem</span> 
     </span>
     <span class='ocr_line' id='line_1_52' title="bbox 891 1984 1559 2016; baseline 0 -2"><span class='ocrx_word' id='word_1_302' title='bbox 891 1984 936 2015; x_wconf 85' lang='lat' dir='ltr'>ita</span> <span class='ocrx_word' id='word_1_303' title='bbox 955 1984 1176 2015; x_wconf 86' lang='lat' dir='ltr'>constituerem</span> <span class='ocrx_word' id='word_1_304' title='bbox 1202 1985 1389 2016; x_wconf 85' lang='lat' dir='ltr'>lectionem:</span> <span class='ocrx_word' id='word_1_305' title='bbox 1417 1984 1559 2014; x_wconf 79' lang='lat' dir='ltr'>Forsitan</span> 
     </span>
     <span class='ocr_line' id='line_1_53' title="bbox 895 2034 1558 2076; baseline 0.002 -12"><span class='ocrx_word' id='word_1_306' title='bbox 895 2034 968 2074; x_wconf 87' lang='lat' dir='ltr'>[aut</span> <span class='ocrx_word' id='word_1_307' title='bbox 985 2035 1098 2076; x_wconf 79' lang='lat' dir='ltr'>forsan</span> <span class='ocrx_word' id='word_1_308' title='bbox 1124 2035 1176 2075; x_wconf 81' lang='lat' dir='ltr'>ab]</span> <span class='ocrx_word' id='word_1_309' title='bbox 1207 2035 1335 2074; x_wconf 73' lang='lat' dir='ltr'>exemplo</span> <span class='ocrx_word' id='word_1_310' title='bbox 1357 2034 1558 2075; x_wconf 76' lang='lat' dir='ltr'>poenaefacta</span> 
     </span>
     <span class='ocr_line' id='line_1_54' title="bbox 890 2083 1558 2124; baseline 0 -10"><span class='ocrx_word' id='word_1_311' title='bbox 890 2095 990 2114; x_wconf 77' lang='lat' dir='ltr'>severa</span> <span class='ocrx_word' id='word_1_312' title='bbox 1020 2090 1110 2114; x_wconf 77' lang='lat' dir='ltr'>metu.</span> <span class='ocrx_word' id='word_1_313' title='bbox 1166 2085 1242 2114; x_wconf 86' lang='lat' dir='ltr'>Meo</span> <span class='ocrx_word' id='word_1_314' title='bbox 1272 2083 1417 2124; x_wconf 87' lang='lat' dir='ltr'>exemplo</span> <span class='ocrx_word' id='word_1_315' title='bbox 1444 2083 1558 2114; x_wconf 85' lang='lat' dir='ltr'>edocta</span> 
     </span>
     <span class='ocr_line' id='line_1_55' title="bbox 891 2133 1560 2175; baseline 0.001 -12"><span class='ocrx_word' id='word_1_316' title='bbox 891 2133 1003 2163; x_wconf 88' lang='lat' dir='ltr'>metuis</span> <span class='ocrx_word' id='word_1_317' title='bbox 1015 2139 1045 2163; x_wconf 85' lang='lat' dir='ltr'>et</span> <span class='ocrx_word' id='word_1_318' title='bbox 1061 2133 1164 2164; x_wconf 87' lang='lat' dir='ltr'>aliena</span> <span class='ocrx_word' id='word_1_319' title='bbox 1180 2134 1264 2164; x_wconf 84' lang='lat' dir='ltr'>facta</span> <span class='ocrx_word' id='word_1_320' title='bbox 1279 2143 1311 2164; x_wconf 86' lang='lat' dir='ltr'>es</span> <span class='ocrx_word' id='word_1_321' title='bbox 1327 2144 1346 2163; x_wconf 86' lang='lat' dir='ltr'>a</span> <span class='ocrx_word' id='word_1_322' title='bbox 1360 2133 1430 2163; x_wconf 92' lang='lat' dir='ltr'>lusu</span> <span class='ocrx_word' id='word_1_323' title='bbox 1443 2138 1475 2163; x_wconf 90' lang='lat' dir='ltr'>et</span> <span class='ocrx_word' id='word_1_324' title='bbox 1485 2144 1560 2175; x_wconf 90' lang='lat' dir='ltr'>poe-</span> 
     </span>
     <span class='ocr_line' id='line_1_56' title="bbox 891 2182 1295 2213; baseline -0.002 0"><span class='ocrx_word' id='word_1_325' title='bbox 891 2182 971 2213; x_wconf 81' lang='lat' dir='ltr'>tices</span> <span class='ocrx_word' id='word_1_326' title='bbox 984 2182 1098 2213; x_wconf 83' lang='lat' dir='ltr'>studio.</span> <span class='ocrx_word' id='word_1_327' title='bbox 1144 2183 1295 2213; x_wconf 69' lang='lat' dir='ltr'>HAnLEs.</span> 
     </span>
    </p>

    <p class='ocr_par' dir='ltr' id='par_1_17' title="bbox 891 2230 1561 2657">
     <span class='ocr_line' id='line_1_57' title="bbox 935 2230 1558 2274; baseline -0.005 -11"><span class='ocrx_word' id='word_1_328' title='bbox 935 2232 987 2263; x_wconf 79' lang='lat'>29.</span> <span class='ocrx_word' id='word_1_329' title='bbox 1011 2231 1095 2262; x_wconf 87' lang='lat' dir='ltr'>Edit.</span> <span class='ocrx_word' id='word_1_330' title='bbox 1115 2237 1176 2262; x_wconf 86' lang='lat' dir='ltr'>vet.</span> <span class='ocrx_word' id='word_1_331' title='bbox 1190 2232 1324 2274; x_wconf 71' lang='lat' dir='ltr'>firmina</span> <span class='ocrx_word' id='word_1_332' title='bbox 1347 2232 1448 2266; x_wconf 76' lang='lat' dir='ltr'>nulla,</span> <span class='ocrx_word' id='word_1_333' title='bbox 1475 2230 1558 2261; x_wconf 71' lang='lat' dir='ltr'>Neve</span> 
     </span>
     <span class='ocr_line' id='line_1_58' title="bbox 892 2280 1559 2320; baseline -0.001 -9"><span class='ocrx_word' id='word_1_334' title='bbox 892 2282 940 2311; x_wconf 79' lang='lat' dir='ltr'>vir</span> <span class='ocrx_word' id='word_1_335' title='bbox 955 2293 973 2311; x_wconf 86' lang='grc' dir='ltr'><em>α</em></span> <span class='ocrx_word' id='word_1_336' title='bbox 986 2283 1103 2320; x_wconf 76' lang='lat' dir='ltr'>scriptis</span> <span class='ocrx_word' id='word_1_337' title='bbox 1118 2281 1238 2311; x_wconf 83' lang='lat' dir='ltr'>Auctor</span> <span class='ocrx_word' id='word_1_338' title='bbox 1256 2281 1394 2310; x_wconf 82' lang='lat' dir='ltr'>Elector.</span> <span class='ocrx_word' id='word_1_339' title='bbox 1408 2280 1559 2310; x_wconf 87' lang='lat' dir='ltr'>Etonens.</span> 
     </span>
     <span class='ocr_line' id='line_1_59' title="bbox 895 2329 1558 2369; baseline -0.003 -9"><span class='ocrx_word' id='word_1_340' title='bbox 895 2336 1010 2360; x_wconf 76' lang='lat' dir='ltr'>tantum</span> <span class='ocrx_word' id='word_1_341' title='bbox 1032 2332 1116 2360; x_wconf 77' lang='lat' dir='ltr'>deuia</span> <span class='ocrx_word' id='word_1_342' title='bbox 1139 2341 1235 2369; x_wconf 75' lang='lat' dir='ltr'>vnequa</span> <span class='ocrx_word' id='word_1_343' title='bbox 1254 2329 1336 2359; x_wconf 71' lang='lat' dir='ltr'>Neve</span> <span class='ocrx_word' id='word_1_344' title='bbox 1354 2331 1419 2367; x_wconf 70' lang='lat' dir='ltr'>quis</span> <span class='ocrx_word' id='word_1_345' title='bbox 1435 2340 1449 2358; x_wconf 83' lang='lat' dir='ltr'>e</span> <span class='ocrx_word' id='word_1_346' title='bbox 1463 2330 1558 2368; x_wconf 81' lang='lat' dir='ltr'>scrip-</span> 
     </span>
     <span class='ocr_line' id='line_1_60' title="bbox 893 2378 1557 2420; baseline 0 -10"><span class='ocrx_word' id='word_1_347' title='bbox 893 2382 939 2410; x_wconf 79' lang='lat' dir='ltr'>lis.</span> <span class='ocrx_word' id='word_1_348' title='bbox 985 2379 1068 2416; x_wconf 82' lang='lat' dir='ltr'>Quia</span> <span class='ocrx_word' id='word_1_349' title='bbox 1084 2385 1190 2409; x_wconf 89' lang='lat' dir='ltr'>autem</span> <span class='ocrx_word' id='word_1_350' title='bbox 1213 2379 1245 2409; x_wconf 88' lang='lat' dir='ltr'>in</span> <span class='ocrx_word' id='word_1_351' title='bbox 1261 2389 1313 2409; x_wconf 83' lang='lat' dir='ltr'>sex</span> <span class='ocrx_word' id='word_1_352' title='bbox 1330 2378 1416 2408; x_wconf 86' lang='lat' dir='ltr'>libris</span> <span class='ocrx_word' id='word_1_353' title='bbox 1431 2379 1557 2420; x_wconf 74' lang='lat' dir='ltr'>est,fc1·-</span> 
     </span>
     <span class='ocr_line' id='line_1_61' title="bbox 892 2427 1558 2469; baseline -0.003 -10"><span class='ocrx_word' id='word_1_354' title='bbox 892 2431 975 2459; x_wconf 80' lang='lat' dir='ltr'>mina</span> <span class='ocrx_word' id='word_1_355' title='bbox 993 2440 1048 2458; x_wconf 82' lang='lat' dir='ltr'>non</span> <span class='ocrx_word' id='word_1_356' title='bbox 1072 2430 1121 2464; x_wconf 83' lang='lat' dir='ltr'>sit,</span> <span class='ocrx_word' id='word_1_357' title='bbox 1139 2429 1247 2459; x_wconf 89' lang='lat' dir='ltr'>Burm.</span> <span class='ocrx_word' id='word_1_358' title='bbox 1268 2427 1462 2469; x_wconf 84' lang='lat' dir='ltr'>suspicatur:</span> <span class='ocrx_word' id='word_1_359' title='bbox 1490 2434 1558 2458; x_wconf 77' lang='lat' dir='ltr'>tan-</span> 
     </span>
     <span class='ocr_line' id='line_1_62' title="bbox 895 2477 1561 2519; baseline 0 -12"><span class='ocrx_word' id='word_1_360' title='bbox 895 2478 1086 2519; x_wconf 80' lang='lat' dir='ltr'>tumfemina</span> <span class='ocrx_word' id='word_1_361' title='bbox 1103 2489 1161 2507; x_wconf 82' lang='lat' dir='ltr'>non</span> <span class='ocrx_word' id='word_1_362' title='bbox 1182 2479 1219 2507; x_wconf 79' lang='lat' dir='ltr'>sit</span> <span class='ocrx_word' id='word_1_363' title='bbox 1236 2477 1347 2512; x_wconf 61' lang='grc' dir='ltr'>Βατία,</span> <span class='ocrx_word' id='word_1_364' title='bbox 1365 2487 1427 2516; x_wconf 78' lang='lat' dir='ltr'>quae</span> <span class='ocrx_word' id='word_1_365' title='bbox 1442 2479 1561 2516; x_wconf 78' lang='lat' dir='ltr'>scriptis</span> 
     </span>
     <span class='ocr_line' id='line_1_63' title="bbox 893 2526 1558 2568; baseline -0.002 -10"><span class='ocrx_word' id='word_1_366' title='bbox 893 2529 963 2558; x_wconf 56' lang='grc' dir='ltr'>(ᾖα.</span> <span class='ocrx_word' id='word_1_367' title='bbox 976 2534 997 2557; x_wconf 84' lang='lat' dir='ltr'>t.</span> <span class='ocrx_word' id='word_1_368' title='bbox 1013 2527 1063 2557; x_wconf 83' lang='lat' dir='ltr'>vel</span> <span class='ocrx_word' id='word_1_369' title='bbox 1077 2527 1200 2568; x_wconf 80' lang='lat' dir='ltr'>femina</span> <span class='ocrx_word' id='word_1_370' title='bbox 1224 2537 1259 2557; x_wconf 82' lang='lat' dir='ltr'>ne</span> <span class='ocrx_word' id='word_1_371' title='bbox 1282 2528 1331 2561; x_wconf 72' lang='lat' dir='ltr'>sit,</span> <span class='ocrx_word' id='word_1_372' title='bbox 1352 2536 1390 2556; x_wconf 89' lang='lat' dir='ltr'>ne</span> <span class='ocrx_word' id='word_1_373' title='bbox 1414 2526 1558 2558; x_wconf 85' lang='lat' dir='ltr'>meretrix</span> 
     </span>
     <span class='ocr_line' id='line_1_64' title="bbox 895 2574 1561 2617; baseline 0 -11"><span class='ocrx_word' id='word_1_374' title='bbox 895 2575 1041 2617; x_wconf 82' lang='lat' dir='ltr'>quaedam</span> <span class='ocrx_word' id='word_1_375' title='bbox 1061 2586 1099 2606; x_wconf 85' lang='lat' dir='ltr'>ex</span> <span class='ocrx_word' id='word_1_376' title='bbox 1120 2575 1182 2606; x_wconf 92' lang='lat' dir='ltr'>tuis</span> <span class='ocrx_word' id='word_1_377' title='bbox 1201 2575 1322 2617; x_wconf 88' lang='lat' dir='ltr'>scriptis</span> <span class='ocrx_word' id='word_1_378' title='bbox 1344 2580 1440 2606; x_wconf 88' lang='lat' dir='ltr'>artem</span> <span class='ocrx_word' id='word_1_379' title='bbox 1460 2574 1561 2606; x_wconf 86' lang='lat' dir='ltr'>discat</span> 
     </span>
     <span class='ocr_line' id='line_1_65' title="bbox 891 2625 1279 2657; baseline -0.008 0"><span class='ocrx_word' id='word_1_380' title='bbox 891 2625 1084 2657; x_wconf 84' lang='lat' dir='ltr'>amatoriam.</span> <span class='ocrx_word' id='word_1_381' title='bbox 1131 2625 1279 2655; x_wconf 46' lang='lat' dir='ltr'>Hirmas.</span> 
     </span>
    </p>

    <p class='ocr_par' dir='ltr' id='par_1_18' title="bbox 890 2673 1559 2764">
     <span class='ocr_line' id='line_1_66' title="bbox 935 2673 1559 2715; baseline 0 -11"><span class='ocrx_word' id='word_1_382' title='bbox 935 2674 987 2704; x_wconf 79' lang='grc'>34.</span> <span class='ocrx_word' id='word_1_383' title='bbox 1014 2673 1049 2703; x_wconf 83' lang='grc' dir='ltr'>Ῑη</span> <span class='ocrx_word' id='word_1_384' title='bbox 1075 2675 1201 2714; x_wconf 75' lang='lat' dir='ltr'>antiqua</span> <span class='ocrx_word' id='word_1_385' title='bbox 1220 2673 1356 2715; x_wconf 49' lang='lat' dir='ltr'>fronte]</span> <span class='ocrx_word' id='word_1_386' title='bbox 1392 2674 1430 2704; x_wconf 84' lang='lat' dir='ltr'>In</span> <span class='ocrx_word' id='word_1_387' title='bbox 1460 2673 1559 2705; x_wconf 79' lang='lat' dir='ltr'>fronte</span> 
     </span>
     <span class='ocr_line' id='line_1_67' title="bbox 890 2721 1223 2764; baseline -0.003 -10"><span class='ocrx_word' id='word_1_388' title='bbox 890 2724 956 2764; x_wconf 78' lang='lat' dir='ltr'>jani</span> <span class='ocrx_word' id='word_1_389' title='bbox 970 2721 1055 2753; x_wconf 83' lang='lat' dir='ltr'>senio</span> <span class='ocrx_word' id='word_1_390' title='bbox 1070 2723 1223 2753; x_wconf 85' lang='lat' dir='ltr'>confecta.</span> 
     </span>
    </p>
   </div>
   <div class='ocr_carea' id='block_1_9' title="bbox 1024 2776 1090 2807">
    <p class='ocr_par' dir='ltr' id='par_1_19' title="bbox 1024 2776 1090 2807">
     <span class='ocr_line' id='line_1_68' title="bbox 1024 2776 1090 2807; baseline 0.015 -1"><span class='ocrx_word' id='word_1_391' title='bbox 1024 2776 1090 2807; x_wconf 80' lang='lat' dir='ltr'>R2</span> 
     </span>
    </p>
   </div>
  </div>
 </body>
</html>
