1760 3172
331 202 423 242 EX
456 202 668 243 PONTO
703 202 822 243 LIB.
857 203 939 244 IV.
970 204 1163 245 EPIST.
1194 205 1302 247 VII.

1419 208 1503 248 499

117 315 291 364 Donec
316 316 552 364 fluminea
574 318 781 365 devecta
805 317 1034 365 Vitellius
1060 321 1192 367 unda

182 393 372 450 Intulit,
398 394 626 458 exposito
652 394 825 450 milite,
847 395 990 457 signa
1015 395 1175 443 Getis.

115 469 184 517 At
205 470 312 527 tibi,
337 471 601 535 progenies
627 471 711 519 alti
735 470 1002 518 fortissima
1027 471 1209 527 Dauni,

180 547 335 596 Venit
358 549 408 596 in
433 549 664 597 adversos
690 549 905 612 impetus
931 549 1001 596 ire
1025 548 1170 595 viros.
1437 553 1500 596 30

116 624 163 671 N
168 641 225 673 ec
248 643 413 684 mora3
454 627 753 690 conspicuus
772 627 920 688 longe
944 625 1249 691 fulgentibus
1279 625 1442 681 armis,

182 702 348 751 Fortia
371 720 432 752 ne
457 704 650 768 possint
672 704 804 751 facta
828 704 997 758 latere,
1026 718 1169 750 caves
1189 720 1199 749 :

115 779 414 844 Ingentique
440 781 595 843 gradu
621 787 794 828 contra
817 779 1101 842 ferrumque
1126 779 1412 841 locumque,

183 857 419 921 Saxaque
441 857 653 904 brumali
678 856 915 919 grandine
941 856 1098 919 plura,
1126 855 1280 902 subis.

117 933 224 981 Nec
249 941 298 982 te
322 935 474 981 missa
499 949 646 997 super
664 933 942 996 jaculorum
968 932 1114 978 turba
1132 940 1363 986 moratur,
1437 934 1498 977 35

182 1010 291 1058 Nec
318 1027 429 1074 quae
452 1010 650 1073 vipereo
678 1010 778 1056 tela
802 1024 975 1055 cruore
1000 1008 1219 1055 madent.

117 1086 323 1151 Spicula
345 1103 459 1135 cum
484 1086 630 1150 pictis
656 1087 844 1133 haerent
868 1085 917 1131 in
943 1084 1137 1131 casside
1158 1084 1362 1147 pennis;

182 1165 409 1228 Parsque
427 1164 527 1212 fere
553 1163 680 1211 scuti
704 1163 906 1210 vulnere
931 1163 1067 1209 nulla
1089 1169 1248 1209 vacat.

117 1242 226 1291 Nec
252 1259 433 1307 corpus
458 1248 668 1289 cunctos
693 1240 902 1288 feliciter
926 1239 1100 1301 effugit
1125 1239 1282 1295 ictus3

184 1319 286 1368 Sed
311 1321 470 1368 minor
495 1326 572 1367 est
593 1318 691 1366 acri
718 1317 879 1365 laudis
906 1333 1070 1364 amore
1095 1316 1248 1362 dolor.

1437 1318 1501 1361 40

116 1397 249 1445 Talis
276 1398 410 1462 apud
436 1397 548 1460 Troj
559 1413 636 1444 am
660 1395 847 1443 Danais
872 1411 960 1458 pro
985 1394 1192 1440 navibus
1216 1393 1345 1456 Ajax

181 1475 377 1523 Dicitur
401 1474 675 1522 Hectoreas
702 1472 996 1520 sustinuisse
1022 1472 1173 1518 faces,

117 1553 188 1601 Ut
211 1554 414 1618 propius
427 1560 632 1600 ventum
651 1559 744 1608 est,
762 1550 1127 1612 commissaque
1148 1548 1356 1595 dextera
1376 1547 1497 1593 dex-

185 1631 389 1695 Resque
412 1630 515 1679 fero
539 1630 701 1695 potuit
725 1629 948 1677 cominus
973 1642 1091 1674 ense
1117 1625 1248 1687 geri;

1371 1624 1498 1685 [trae‚

116 1709 297 1757 Dicere
321 1709 520 1756 difficile
544 1715 636 1763 est,
663 1708 785 1771 quid
811 1706 949 1753 Mars
975 1711 1089 1751 tuus
1116 1702 1272 1765 egerit
1296 1700 1412 1755 illic,
1435 1702 1498 1746 45

182 1787 420 1850 Quotque
445 1786 555 1834 neci
580 1786 792 1841 dederis,
817 1798 1061 1847 quosque,
1090 1780 1374 1843 quibusque
1394 1793 1500 1823 mo-

116 1864 252 1913 Ense
274 1872 361 1912 tuo
384 1864 540 1912 factos
565 1864 796 1911 calcabas
817 1862 972 1908 victor
995 1874 1195 1906 acervos
1214 1875 1224 1913 ;

1380 1854 1495 1916 [dis.

182 1942 527 2007 Impositoque
554 1942 710 1989 Getes
736 1941 827 1988 sub
853 1938 985 2003 pede
1009 1935 1196 1982 multus
1223 1939 1344 1980 erat.

113 2075 220 2118 oppidi
235 2075 397 2118 ademptas
411 2075 574 2117 oppidanis
589 2074 707 2118 ejectis.
732 2074 771 2104 Et

114 2127 220 2156 victor.
264 2126 305 2156 Et
324 2125 533 2161 hostisGeta,
550 2124 603 2166 qui
622 2124 772 2166 oppidum

113 2175 194 2206 illud
208 2179 450 2217 expugnaverat.
494 2175 622 2205 Mrem..

157 2226 210 2256 27.
243 2224 403 2255 Flam-inea
428 2223 539 2264 unda]
579 2221 674 2254 Unda
701 2222 772 2252 Istri

114 2273 260 2306 fluminis.
302 2273 453 2304 Vitellius.
496 2274 587 2303 Forte
610 2271 772 2303 A.Vite1-

113 2324 184 2360 lius,
199 2329 329 2366 patruus
340 2322 473 2354 Caesaris
486 2321 620 2357 Vitellii,
631 2320 684 2363 qui
701 2331 774 2352 con-

115 2373 253 2404 sulatum
272 2371 369 2413 gessit
388 2372 445 2402 sub
459 2370 592 2406 Tiberio,
607 2381 659 2401 an.
674 2371 716 2401 U.
734 2370 773 2400 C.

116 2433 300 2460 Dccxxcw3
324 2421 383 2452 nisi
409 2421 449 2452 ad
477 2421 513 2451 L.
529 2420 695 2451 Vitellium
720 2430 774 2460 pa-

116 2477 194 2503 trem
216 2472 328 2503 referre
356 2471 468 2502 mavis.
513 2470 637 2500 Intulit.
683 2468 776 2499 Bella

114 2521 232 2559 intulit,
255 2528 288 2552 et
316 2532 388 2552 cum
414 2520 538 2551 vexillis
561 2517 714 2550 Romanis
740 2528 776 2548 eo

116 2576 244 2603 venerat
268 2575 482 2613 pugnaturus:
507 2579 580 2599 nam
604 2567 720 2598 vexilla
746 2572 777 2596 et

117 2625 262 2656 armatos,
278 2619 415 2651 secundo
429 2617 568 2654 flumine,
584 2627 622 2647 ex
637 2615 775 2646 finitimis

116 2668 193 2700 locis
206 2667 394 2710 deportavit.

120 2730 122 2732 ·
162 2718 215 2749 34.
239 2717 401 2758 Saxaque]
428 2718 469 2748 Et
483 2721 590 2748 contra
606 2725 691 2749 saxa,
708 2723 776 2754 quae

118 2777 136 2797 e
171 2768 320 2809 superiori
353 2767 423 2798 loco
453 2766 619 2798 cadebant.
666 2764 777 2793 Plura.

841 2070 1071 2104 Numerosiora.
1099 2069 1198 2099 Sabis.
1228 2064 1417 2096 Adscendis.

885 2122 937 2153 37.
952 2119 1104 2161 Spicula]
1129 2118 1216 2153 Tela,
1229 2115 1403 2156 etsagittae.
1429 2115 1502 2144 Cum

838 2174 945 2212 pennis
957 2172 1056 2209 pictis.
1095 2168 1176 2198 Cum
1198 2164 1308 2208 pennis
1321 2162 1503 2204 sagittarum

841 2219 992 2262 puniceis.
1036 2217 1143 2248 Solent
1169 2214 1253 2245 enim
1279 2222 1402 2254 pennae,
1433 2220 1503 2252 quae

841 2268 962 2310 sagittis
977 2270 1193 2299 annectuntur,
1211 2262 1315 2302 aliquo
1335 2260 1437 2290 colore
1457 2259 1504 2289 in-

842 2318 903 2353 fici,
920 2323 955 2347 ut
969 2316 1132 2347 videantur
1147 2310 1348 2354 pulchriores.

884 2368 936 2398 38.
975 2366 1068 2394 l'ucat
1097 2360 1249 2399 vulnera]
1291 2356 1503 2394 Quemadmo—

842 2415 916 2446 dum
929 2414 968 2445 de
983 2413 1091 2443 Scaeva
1103 2411 1157 2441 illo
1169 2407 1347 2439 Caesariano
1362 2405 1507 2446 legimus.

885 2466 937 2495 41.
963 2463 1043 2493 Talis
1056 2462 1136 2500 apud
1152 2456 1300 2497 T1·0jc1m.]
1328 2456 1446 2486 Notum
1460 2460 1506 2484 est

842 2524 937 2545 naves
963 2513 1142 2543 Graecorum
1172 2507 1316 2538 defensas
1345 2504 1437 2534 fuisse
1466 2504 1504 2533 ab

843 2563 941 2604 Ajace
957 2566 1066 2591 contra
1079 2557 1239 2598 Trojamos,
1255 2553 1308 2595 qui
1322 2553 1402 2583 duce
1418 2552 1503 2582 Hec-

843 2617 907 2641 tore
922 2610 1026 2650 ignem
1048 2606 1237 2639 adtulerant,
1253 2609 1288 2633 ut
1312 2612 1364 2632 eas
1387 2610 1505 2631 crema-

843 2666 923 2691 rent.
966 2657 1078 2695 Qualis
1092 2665 1163 2695 ergo
1179 2654 1278 2683 fuerat
1293 2652 1323 2682 in
1340 2661 1378 2681 ea
1398 2659 1504 2691 pugna

845 2710 940 2751 Ajax,
969 2707 1065 2737 talem
1096 2703 1179 2734 enim
1213 2702 1308 2732 fuisse
1338 2698 1499 2730 Vestalem

847 2764 952 2789 contra
965 2757 1063 2787 Getas
1074 2753 1246 2795 profitetur.

976 2805 1006 2835 K
1022 2816 1040 2834 i<
1056 2805 1076 2833 2
