1760 3172
531 179 826 223 REMEDIA
860 179 1122 221 AMORIS.

1442 182 1460 221 l
1469 183 1526 223 07

133 298 390 346 Hactenus
416 297 611 344 invidiae
636 295 1002 360 respondimus.
1042 295 1234 341 attrahe
1261 296 1365 342 lora

199 375 422 432 Fortius3
463 382 514 422 et
538 390 662 438 gyro
687 390 847 429 curre,
875 372 1039 437 po'eta,
1068 379 1171 418 tuo.

132 452 266 515 Ergo
291 453 377 500 ubi
402 453 717 508 concubitus,
743 459 794 499 et
817 467 943 515 opus
963 449 1185 513 juvenile
1211 456 1436 512 petetur;

198 529 265 577 Et
288 546 445 593 prope
469 529 725 593 promissae
750 536 978 591 tempora
1003 525 1163 573 noctis
1185 533 1359 583 erunt3

1434 529 1532 572 400

133 606 331 654 Gaudia
354 622 417 653 ne
441 606 672 662 dominae,
699 606 847 669 pleno
873 603 914 650 si
933 610 1138 667 pectore
1163 618 1349 658 sumes,

197 683 269 731 Te
294 683 521 747 capiant3
561 683 698 730 ineas
725 681 1002 745 quamlibet
1027 687 1144 728 ante
1165 680 1331 727 velim.

132 760 420 815 Quamlibet
443 760 684 816 invenias,
712 760 762 806 in
788 760 891 822 qua
917 759 1009 806 tibi
1034 758 1196 822 prima
1219 758 1449 821 voluptas

200 837 442 886 Desinat:
480 853 510 884 a
533 837 695 901 prima
721 836 951 901 proxima
975 836 1143 897 segnis
1166 834 1274 882 erit.

138 914 434 962 Sustentata
457 914 630 962 Venus
657 913 959 977 gratissima.
999 912 1180 975 frigore
1207 912 1357 967 soles,

1437 914 1534 958 405

203 991 321 1039 Sole
340 993 517 1055 juvant
541 991 731 1038 umbrae
751 1008 760 1038 :
801 998 943 1053 grata
966 989 1022 1036 fit
1047 990 1182 1036 unda
1206 989 1304 1036 siti.

138 1068 204 1116 Et
227 1070 399 1133 pudet,
418 1076 468 1117 et
487 1068 668 1125 dicam,
686 1068 938 1116 Venerem
958 1083 1163 1131 quoque
1182 1068 1341 1131 junge
1362 1066 1535 1129 figura,

201 1145 316 1201 Qua
342 1147 545 1195 minime
564 1147 709 1210 jungi
736 1162 993 1210 quamque
1018 1146 1197 1193 decere
1224 1151 1389 1208 putes.

138 1223 247 1271 Nee
271 1225 411 1272 labor
435 1226 630 1272 efficere
655 1231 748 1272 est.
788 1240 911 1272 rarae
938 1224 1033 1271 sibi
1058 1239 1176 1270 vera
1200 1222 1441 1270 fatentur:

204 1301 270 1349 Et
293 1302 415 1349 nihil
440 1309 532 1359 est,
560 1302 696 1365 quod
722 1319 777 1350 se
801 1301 1100 1350 dedecuisse
1127 1307 1321 1364 putent.

1439 1302 1538 1345 410

136 1378 278 1426 Tunc
299 1379 449 1427 etiam
469 1381 625 1443 jubeo
649 1387 780 1428 totas
807 1380 999 1444 aperire
1025 1379 1287 1433 fenestras,

202 1457 492 1521 Turpiaque
518 1458 737 1506 admisso
758 1459 985 1506 membra
1009 1464 1181 1504 notare
1207 1456 1306 1503 die.

138 1535 221 1592 At,
248 1534 396 1582 simul
415 1536 479 1583 ad
503 1542 663 1583 metas
687 1536 824 1584 venit
847 1535 989 1583 finita
1011 1535 1260 1598 voluptas,

207 1612 464 1677 Lassaque
489 1629 604 1661 cum
627 1615 736 1660 tota
763 1628 974 1676 corpora
999 1617 1166 1658 mente
1183 1612 1385 1673 jacent;

141 1690 275 1738 Dum
300 1690 455 1754 piget,
473 1698 524 1738 et
542 1690 729 1737 nullam
754 1689 899 1737 malis
924 1688 1153 1750 tetigisse
1178 1687 1414 1752 puellam,
1442 1688 1540 1733 415

205 1768 555 1832 Tacturusque
579 1767 672 1816 tibi
696 1784 795 1815 non
821 1768 1019 1815 videare
1044 1766 1158 1823 diu;

183 1902 258 1932 404.
282 1902 308 1932 A
317 1901 444 1943 primii]
469 1901 616 1933 Imitatus
625 1901 708 1933 hanc
720 1902 807 1933 locu-

140 1949 255 1982 tionem
268 1951 288 1982 J
291 1950 446 1981 uvenalis.
461 1951 526 1982 Sat.
543 1962 573 1981 x.
591 1952 663 1982 125.

272 1999 445 2039 Conspicuae
486 2001 594 2031 divina
634 2000 808 2039 Philippica

303 2049 401 2090 famae

188 2097 330 2135 Volveris,
342 2110 361 2128 a
370 2097 469 2138 primii
484 2109 548 2138 quie
560 2099 707 2138 proxima.

141 2146 245 2189 Hujus
265 2157 338 2178 vero
362 2146 512 2189 praecepti
536 2146 754 2177 salubritatem
776 2151 808 2176 et

144 2196 363 2228 efficacitatem
375 2195 501 2228 docebit
513 2196 642 2227 historia
654 2195 808 2227 aValerio

143 2245 285 2277 Maximo
300 2245 415 2277 tradita
429 2245 485 2276 lib.
497 2245 550 2276 vii.
563 2256 633 2287 cap.
645 2245 690 2276 iii.
702 2255 808 2275 exem-

142 2295 195 2337 plo
232 2297 283 2327 10.
329 2296 561 2326 Amantissimus
587 2297 710 2336 quidam
728 2296 808 2336 filii,

143 2356 210 2376 cum
225 2356 292 2376 eum
306 2347 481 2376 inconcessis
495 2357 531 2376 ac
539 2347 717 2385 periculosis
721 2345 808 2386 siwi-

144 2395 196 2425 bus
217 2406 384 2431 accensum,
399 2396 435 2425 ab
449 2395 557 2425 insumi
579 2396 746 2434 cupiditate
762 2395 809 2424 in-

144 2443 242 2474 hibere
265 2445 367 2480 vellet,
389 2445 518 2474 salubris
547 2444 666 2474 consilii
695 2444 809 2473 astuti&

141 2494 274 2532 patriam
288 2493 512 2534 indulgentiam
528 2494 714 2532 temperavit.
751 2492 809 2522 Pe-

145 2543 196 2572 tiit
216 2543 296 2572 enim
317 2548 354 2572 ut
368 2543 544 2583 priusquam
569 2544 609 2572 ad
631 2553 706 2576 eam.
722 2553 810 2582 quam

144 2591 300 2632 diligebat,
314 2592 384 2627 iret,
397 2592 520 2632 vulgari
539 2603 574 2621 ac
596 2590 737 2630 permissa
756 2590 810 2620 Ve-

144 2650 214 2670 nere
232 2645 385 2670 uteretur.
433 2640 528 2680 Cujus
540 2641 680 2680 precibus
694 2640 811 2670 obsecu-

147 2695 195 2719 tus
209 2690 387 2725 adolescens,
397 2690 550 2730 infelicem
563 2690 658 2719 animi
670 2691 813 2728 impetum

145 2740 283 2769 satietate
295 2740 471 2769 concubitus
487 2739 565 2770 liciti
579 2740 756 2775 resolutum,
774 2740 813 2769 ad

875 1904 919 1939 id,
935 1903 1012 1943 quod
1035 1913 1094 1931 non
1116 1901 1223 1931 licebat
1249 1900 1410 1930 tardiorem
1429 1900 1544 1939 pigrio-

875 1962 995 1991 remque
1023 1951 1175 1992 adferens,
1201 1949 1364 1989 paullatim
1400 1949 1545 1987 deposuit.

876 2001 995 2031 Bunm.

919 2051 993 2081 405.
1041 2049 1169 2090 Frigore
1205 2047 1304 2088 soles]
1354 2045 1546 2077 Cone-innius

875 2098 1079 2130 Sarravianus
1107 2103 1139 2128 et
1165 2096 1305 2138 quinque
1335 2095 1399 2131 alii,
1417 2097 1546 2137 *ti-ignia

875 2150 943 2179 sole.
961 2148 1014 2179 alii
1028 2147 1304 2188 totidem‚frig0ra
1313 2147 1394 2180 soles,
1404 2144 1545 2186 proxime

876 2208 995 2228 verum.
1019 2197 1137 2227 mes.
1161 2196 1228 2236 Ego
1243 2195 1403 2236 vulgatam
1421 2194 1546 2227 retinui,

876 2252 911 2277 ut
939 2252 1072 2277 venusta
1099 2251 1240 2276 servetur
1275 2243 1438 2286 oppositio.
1476 2245 1548 2273 soles

876 2306 949 2325 vero
970 2301 1042 2325 sunt
1063 2304 1218 2329 serenum,
1241 2298 1271 2324 et
1296 2293 1399 2324 calore
1422 2297 1545 2333 gratum

877 2345 1007 2376 coelum.
1027 2349 1062 2375 ut
1077 2345 1160 2374 Fast.
1174 2343 1194 2373 i.
1214 2344 1286 2374 157.

923 2395 1009 2424 Tunc
1033 2395 1138 2423 blandi
1165 2393 1247 2429 soles,
1261 2394 1421 2434 ignotaque
1446 2392 1547 2431 prodit

1007 2444 1149 2473 hirundo.
1179 2465 1181 2467 -

877 2492 918 2523 iv.
932 2491 1026 2523 Trist.
1043 2491 1107 2522 viii.
1125 2492 1178 2520 31.

923 2542 955 2572 Si
972 2552 1106 2572 numeres
1120 2550 1200 2570 anno
1216 2540 1286 2568 soles
1301 2544 1329 2568 et
1346 2539 1448 2568 nubila
1467 2544 1536 2568 toto.

878 2596 910 2622 et
925 2591 1053 2632 passim.
1099 2590 1216 2620 Bmm.

923 2641 996 2670 416.
1024 2637 1262 2679 Taenia-nsque]
1292 2636 1456 2668 Editiones
1472 2637 1547 2678 pris·

880 2699 925 2720 cae
950 2694 981 2719 et
1005 2694 1067 2718 tres
1091 2687 1209 2729 scripti,
1224 2688 1438 2731 flictio-usque.
1463 2687 1547 2727 quod

882 2737 1038 2779 quomodo
1051 2736 1178 2768 defendi
1194 2741 1298 2778 posset
1313 2746 1350 2766 ex
1368 2734 1415 2771 iis,
1427 2747 1496 2777 quae
1508 2736 1547 2766 ad
