1760 3172
383 209 570 251 ARTIS
601 206 957 249 AMATORIAE
990 205 1108 246 LIB.
1142 205 1234 247 III.
1451 207 1508 248 43

122 325 242 389 Ipsa
265 340 466 388 quoque
491 330 543 371 et
559 323 695 371 cultu
720 329 797 369 est
817 328 868 369 et
892 320 1090 368 nomine
1115 320 1298 368 femina
1316 319 1502 367 Virtus.

190 401 304 449 Non
328 401 521 456 mirum,
548 399 729 463 populo
755 399 796 446 si
821 398 951 445 favet
975 398 1058 444 illa
1083 413 1189 444 suo.

124 479 233 527 Nec
257 486 424 526 tamen
448 479 524 525 hae
548 483 741 525 mentes
767 476 937 522 nostra
963 481 1236 538 poscuntur
1261 473 1323 520 ab
1349 480 1471 520 arte.

191 555 505 603 Conveniunt
528 554 723 617 cymbae
748 552 858 599 vela
882 551 1071 598 minora
1094 566 1234 596 meae.

1446 552 1508 595 26

125 632 227 688 Nil,
248 632 342 679 nisi
365 632 534 679 lascivi
559 647 648 694 per
672 646 751 677 me
777 629 1033 676 discuntur
1058 642 1278 674 amores:

191 709 397 757 Femina
422 708 707 772 praecipiam
733 723 832 769 quo
859 706 923 752 sit
947 705 1160 752 amanda
1182 703 1346 750 modo.

126 785 331 833 Femina
355 801 445 832 nec
470 785 712 840 flammas,
739 799 831 831 nec
855 798 1010 829 saevos
1036 781 1241 828 discutit
1265 795 1426 826 arcus.

191 862 397 909 Parcius
423 861 530 908 haec
554 862 697 908 video
722 860 823 907 tela
846 874 1024 905 nocere
1045 857 1177 904 viris.

1449 860 1512 903 30

130 938 275 1002 Saepe
298 938 387 985 viri
411 938 612 995 fallunt;
651 946 834 985 tenerae
860 952 958 983 non
983 951 1116 998 saepe
1141 933 1346 998 puellae:

193 1014 480 1078 Paucaque,
509 1015 548 1061 si
575 1031 784 1078 quaeras,
813 1014 1019 1060 crimina
1041 1011 1227 1059 fraudis
1253 1010 1453 1056 habent.

128 1090 362 1147 Phasida,
383 1092 489 1153 jam
514 1098 738 1146 matrem,
765 1090 916 1137 fallax
941 1089 1128 1136 dimisit
1152 1087 1330 1134 I'ason:

195 1167 345 1215 Venit
368 1167 417 1214 in
443 1168 672 1215 AEsonios
698 1168 852 1214 altera
876 1173 1031 1230 nupta
1055 1165 1207 1212 sinus.

132 1327 183 1358 De
211 1325 269 1357 hoc
297 1326 427 1358 barbaro
455 1330 522 1359 τῶν
555 1328 789 1364 ξυνθανόντων

130 1386 227 1412 more,
248 1375 301 1417 qui
324 1376 480 1419 praecipue
502 1377 589 1408 Indis
612 1377 670 1408 fuit
697 1377 788 1407 fami-

129 1424 226 1460 liaris,
240 1424 331 1456 docet
349 1425 460 1456 Cicero
477 1428 509 1457 5.
524 1426 695 1457 Tusculan.

174 1475 226 1505 23.
251 1473 320 1514 Ipsa
341 1486 452 1515 quoque
469 1482 498 1507 et
519 1477 606 1506 cultu
629 1483 670 1506 est
689 1483 717 1506 et
740 1488 787 1506 uo-

129 1524 208 1553 mine
222 1524 342 1565 semina
373 1523 502 1565 Virtus]
541 1524 639 1555 Varia
664 1525 793 1556 Virtutis

131 1570 297 1602 simulacra
312 1571 407 1607 fuere,
423 1572 479 1603 sed
496 1573 610 1615 saepius
629 1574 792 1604 matronali

131 1618 252 1651 habitu.
298 1619 420 1652 Primus
438 1621 553 1653 Virtuti
568 1622 675 1653 fanum
690 1623 793 1664 posuit

133 1667 238 1710 Scipio
262 1669 494 1700 Numantinus:
519 1669 630 1702 deinde
654 1671 792 1702 Marcel-

134 1716 194 1753 lus,
214 1717 331 1748 Virtuti
352 1717 445 1749 simul
469 1725 500 1749 et
522 1719 649 1756 Honori,
668 1720 708 1751 ad
724 1731 793 1762 por-

134 1771 198 1796 tam
225 1766 385 1808 Capenam
410 1766 581 1799 dedicavit.
634 1769 793 1806 Ceterum,

137 1814 267 1846 Virtutis
277 1821 308 1846 et
318 1816 447 1847 Honoris
455 1817 573 1859 templa
582 1817 626 1848 ita
637 1823 795 1849 exstructa

133 1870 233 1901 erant,
264 1870 300 1895 ut
327 1876 383 1906 per
409 1866 543 1897 Virtutis
571 1868 722 1909 templum
748 1867 795 1898 in-

136 1924 259 1955 gressus
284 1922 365 1945 esset
388 1915 428 1945 ad
451 1915 551 1946 aedem
575 1916 729 1955 Honoris;
762 1922 797 1947 ut

134 1963 282 1994 docerent
307 1963 375 1994 scil.
398 1964 519 1995 nullum
545 1965 584 1995 ad
610 1975 718 1996 verum
747 1967 796 1996 ho-

137 2024 249 2049 norem,
269 2012 327 2043 nisi
349 2023 404 2055 per
427 2015 569 2044 virtutem
594 2015 704 2055 ipsam,
730 2014 797 2045 adi-

137 2066 203 2091 tum
226 2067 345 2103 patere.
391 2061 463 2093 Fuit
481 2062 544 2093 alia
563 2062 673 2093 Romae
690 2064 796 2094 Hono-

138 2109 179 2141 ris
202 2115 233 2140 et
248 2110 382 2141 Virtutis
406 2110 499 2147 aedes,
522 2122 540 2142 a
563 2111 600 2143 C.
613 2112 727 2149 Mario,
743 2113 797 2143 de-

137 2157 228 2190 victis
255 2159 400 2195 Cimbris,
428 2167 620 2191 consecrata.
650 2161 798 2193 Meminit

140 2206 264 2238 Vitruv.
278 2207 331 2238 vii.
360 2208 479 2238 AMAR.
509 2209 571 2239 Sed
586 2209 656 2240 Liv.
668 2210 725 2241 lib.
741 2211 796 2241 27.

142 2267 172 2286 c.
197 2257 251 2287 26.
276 2256 354 2287 dicit
375 2262 395 2274 ‘¹
416 2258 599 2288 Marcellum
622 2261 688 2290 uliae
711 2266 799 2300 atque

140 2305 207 2336 alite
222 2307 340 2345 olgjectoe
354 2308 453 2336 animo
472 2308 630 2348 religiones
650 2309 798 2339 tenebant.

142 2352 180 2384 In
200 2355 305 2394 quibus
326 2356 401 2395 quod
416 2367 508 2395 quum
528 2357 602 2386 bello
619 2356 738 2388 Gallico
761 2361 800 2389 ad

144 2402 324 2434 Clastidium
352 2405 441 2434 cfdem
470 2404 586 2435 Honori
620 2412 648 2435 et
686 2406 801 2437 Virtuti

141 2454 272 2489 vovisset,
302 2454 451 2484 dedicatio
479 2456 543 2494 ejus
569 2466 588 2484 a
613 2456 802 2496 pontificibus

142 2503 358 2541 impediebatur
371 2514 382 2539 ,-
413 2505 489 2543 quod
517 2505 665 2545 negabant
689 2509 696 2520 ‘
710 2517 801 2535 unam

146 2551 251 2580 cellam
272 2552 399 2591 amplius
418 2563 505 2592 quam
525 2554 578 2582 um·
595 2552 657 2583 Deo
681 2555 737 2584 rice
752 2556 801 2584 de-

144 2601 256 2630 dicari.
293 2600 372 2634 Quia
387 2602 411 2630 si
426 2602 461 2631 (Ie
476 2602 545 2632 coelo
562 2608 656 2638 tacta,
669 2610 722 2633 ιιιιε
733 2615 801 2643 pro-

147 2649 224 2689 (ligii
233 2649 348 2688 aliquid
362 2650 393 2678 in
405 2650 566 2691 ecisuotum
578 2657 659 2686 esset,
670 2651 803 2692 difficilis

146 2698 318 2736 procuratio
333 2697 441 2739 foret:
475 2701 550 2738 quod
582 2701 644 2729 utri
672 2701 734 2731 Deo
756 2702 802 2730 ‹li-

151 2747 217 2775 υἱηιι
240 2756 284 2775 res
298 2747 401 2785 fleret,
424 2748 493 2776 sciri
516 2759 570 2777 nou
591 2755 693 2786 posset.
744 2749 802 2779 Ne-

857 1338 912 1368 que
935 1328 1011 1358 enim
1034 1327 1147 1357 duobus
1171 1326 1228 1356 nisi
1250 1325 1339 1355 certis
1362 1323 1434 1354 Deis
1458 1322 1515 1352 rite

857 1388 920 1407 una
945 1376 1035 1406 hostio
1054 1374 1154 1416 fieri)
1206 1374 1255 1404 Ita
1279 1375 1385 1403 addita
1410 1373 1521 1402 virtuti

858 1427 931 1456 cedes
967 1431 1162 1464 appi-operato
1199 1434 1306 1462 opere:
1345 1432 1437 1462 neque
1474 1427 1520 1450 ta·

860 1485 924 1503 men
949 1475 985 1503 ab
1009 1475 1067 1512 ipso
1089 1474 1162 1503 cedes
1184 1483 1221 1502 ea:
1246 1472 1388 1502 ‹ledit-atae
1411 1468 1518 1500 sunt.”

860 1522 942 1553 Vide
964 1522 1059 1552 etiam
1084 1521 1106 1552 l.
1130 1522 1185 1551 29.
1209 1532 1237 1551 c.
1260 1520 1292 1550 ii.
1347 1518 1520 1549 Marcellus

859 1570 936 1601 obiit
962 1582 995 1600 A.
1009 1582 1043 1600 u.
1057 1582 1086 1601 c.
1104 1571 1179 1601 540.
1205 1569 1383 1610 templaque
1410 1566 1518 1597 Virtu-

860 1620 899 1651 tis
921 1626 952 1650 et
976 1619 1109 1650 Honoris
1132 1620 1171 1650 ab
1195 1629 1231 1649 eo
1254 1618 1394 1658 incoepta
1414 1621 1483 1658 post
1501 1616 1521 1645 4

861 1679 957 1699 annos
977 1678 996 1698 a
1014 1667 1170 1698 Marcello
1186 1666 1249 1697 filio
1265 1665 1413 1696 dedicata
1427 1670 1519 1695 sunt:

861 1717 964 1759 Scipio
979 1728 1052 1748 vero
1070 1715 1282 1747 Numantinus
1297 1714 1432 1756 primum
1451 1724 1522 1744 con-

861 1766 997 1798 sulatum
1011 1765 1106 1808 gessit
1127 1778 1159 1796 A.
1170 1777 1203 1796 U.
1214 1776 1241 1795 c.
1255 1765 1328 1795 607.

905 1818 959 1847 25.
986 1816 1042 1846 Hae
1062 1822 1170 1846 mentes
1188 1822 1289 1845 nostra
1309 1819 1473 1853 poscuntur
1488 1814 1525 1843 ab

862 1866 955 1906 arta]
993 1866 1031 1896 In
1059 1864 1206 1896 undecim
1239 1863 1325 1894 libris
1352 1869 1429 1900 erat,
1456 1873 1527 1902 pase

863 1922 996 1952 cantum
1021 1915 1052 1945 in
1068 1925 1139 1950 uno,
1156 1919 1338 1944 nuscuntur.
1364 1911 1447 1953 quod
1463 1922 1524 1942 non

863 1966 1015 2008 ineptum.
1040 1971 1075 1996 ut
1088 1965 1127 1995 sit
1139 1975 1258 2000 sensus,
1270 1962 1349 1993 illud
1361 1961 1524 1992 consilium

864 2014 1014 2045 moriendi
1030 2025 1083 2056 pro
1099 2014 1184 2049 viris,
1201 2023 1261 2042 non
1282 2022 1320 2042 ex
1341 2016 1444 2041 nostra
1459 2015 1524 2041 arte

865 2063 914 2094 vel
938 2062 1102 2105 praeceptis
1123 2061 1238 2092 oritur:
1271 2071 1332 2091 non
1356 2059 1438 2090 enim
1461 2065 1526 2089 tam

865 2111 995 2154 grandia
1018 2112 1106 2143 trado
1128 2116 1297 2153 praecepta,
1325 2109 1380 2140 sed
1405 2115 1439 2139 ut
1465 2109 1525 2139 fine

866 2173 920 2193 suo
934 2167 966 2193 et
981 2161 1072 2192 modo
1089 2171 1191 2192 amare
1207 2160 1341 2190 discant.
1392 2159 1510 2189 Bunm.

919 2212 974 2241 33.
1015 2211 1192 2240 Pliasiadem
1228 2208 1385 2248 matrem]
1425 2208 1527 2238 Recte

867 2259 1016 2291 Heinsius
1033 2262 1103 2299 jam
1134 2265 1277 2289 matrem:
1311 2257 1343 2287 id
1371 2262 1428 2292 est,
1457 2267 1526 2298 quae

862 2309 930 2351 jam
958 2314 1131 2350 pepererat,
1161 2318 1233 2339 cum
1266 2308 1306 2338 sit
1334 2306 1527 2348 aptissimum

867 2357 1004 2399 conjugii
1016 2357 1178 2388 vinculum
1191 2356 1302 2398 proles,
1316 2362 1350 2386 ut
1363 2365 1439 2385 uxor
1455 2353 1528 2384 duci

867 2407 967 2438 soleat
995 2407 1107 2437 sobolis
1142 2405 1283 2437 creandae
1313 2414 1435 2435 caussa.
1466 2404 1530 2435 ele-

869 2461 979 2497 ganter
993 2455 1160 2486 Claudian.
1174 2454 1195 2484 i.
1211 2454 1242 2484 in
1258 2454 1388 2494 Eutrop.
1407 2453 1458 2482 72.

915 2504 1038 2535 Femina
1053 2516 1119 2535 cum
1134 2505 1242 2539 senuit,
1259 2505 1368 2533 retinet
1383 2503 1531 2532 connubia

954 2559 1059 2592 partu,

918 2602 1078 2642 Uxorisqne
1107 2603 1194 2631 decus
1227 2603 1330 2631 matris
1364 2603 1529 2632 reverentia

953 2657 1071 2690 pensat.
1365 2649 1482 2679 Bonm.

872 2699 954 2730 Vide
979 2704 1009 2729 et
1035 2697 1163 2728 Aristot.
1188 2697 1262 2728 Eth.
1288 2697 1360 2728 Nic.
1379 2698 1432 2729 lib.
1464 2697 1528 2728 viii.

872 2759 899 2779 C.
916 2749 966 2778 12.
985 2758 1077 2788 prope
1098 2748 1202 2777 finem.
