1760 3172
227 196 312 237 118
612 195 662 235 Ρ.
696 193 913 234 OVIDll
949 193 1230 235 NASONIS

235 310 288 357 Si
315 311 428 373 quis
455 325 608 363 amas,
637 324 728 356 nec
754 308 855 363 vis;
897 307 1047 354 facito
1073 307 1305 369 contagia
1329 308 1470 356 vites,

299 386 423 433 Haec
445 387 595 434 etiam
622 385 788 449 pecori
816 401 949 448 saepe
975 400 1153 432 nocere
1181 385 1354 431 solent.

235 463 369 510 Dum
396 470 627 527 spectant
652 463 783 509 oculi
810 463 970 517 laesos,
999 461 1247 507 laeduntur
1272 469 1322 509 et
1347 461 1471 524 ipsi:
1529 463 1624 508 615

300 540 568 603 Multaque
593 540 884 603 corporibus
910 538 1199 586 transitione
1226 545 1426 585 nocent.

236 616 295 663 In
321 617 431 664 loca
456 631 832 678 nonnumquam
859 614 1004 661 siccis
1031 614 1221 661 arentia
1246 615 1407 676 glebis

302 693 380 740 De
405 709 561 757 prope
587 693 805 740 currenti
831 692 1034 739 flumine
1059 699 1229 738 manat
1255 707 1402 754 aqua.

236 769 415 818 Manat
440 785 576 816 amor
602 777 783 825 tectus,
812 770 852 816 si
879 786 976 816 non
1002 769 1064 816 ab
1091 776 1287 816 amante
1313 768 1547 816 recedas:

301 846 570 909 Turbaque
596 847 644 893 in
671 847 764 893 hoc
790 862 962 894 omnes
988 846 1245 908 ingeniosa
1270 862 1458 892 sumus.
1532 848 1630 892 620

236 922 377 971 Alter
402 924 523 971 item
544 924 648 986 jam
674 940 825 970 sanus
851 931 984 981 erat;
1023 923 1205 970 vicinia
1227 922 1372 969 laesit.

306 999 585 1046 Occursum
610 999 824 1046 dominae
850 1016 948 1046 non
973 999 1086 1046 tulit
1111 999 1193 1046 ille
1219 1015 1339 1046 suae.

236 1074 430 1123 Vulnus
457 1076 506 1122 in
532 1076 795 1139 antiquum
821 1077 968 1125 rediit
992 1077 1119 1124 male
1144 1077 1287 1123 firma
1310 1076 1546 1133 cicatrix3

308 1152 714 1215 Successumque
740 1160 872 1200 artes
899 1168 997 1200 non
1022 1153 1241 1201 habuere
1267 1168 1407 1200 meae.

238 1229 506 1276 Proximus
533 1245 560 1276 a
584 1230 732 1276 tectis
758 1229 886 1291 ignis
912 1229 1196 1276 defenditur
1220 1245 1378 1292 aegre:
1535 1232 1631 1276 625

308 1305 445 1353 Utile
470 1306 691 1352 finitimis
718 1306 1021 1353 abstinuisse
1046 1306 1184 1353 locis.

240 1381 366 1437 Nec,
395 1399 507 1445 quae
532 1382 657 1430 ferre
684 1383 810 1430 solet
835 1382 1138 1446 spatiantem
1162 1382 1383 1446 porticus
1408 1381 1560 1438 illam,

306 1459 377 1506 Te
402 1459 527 1506 ferat
550 1477 559 1507 ε
600 1459 816 1506 officium
842 1475 964 1507 neve
990 1459 1182 1506 colatur
1207 1459 1357 1505 idem.

243 1536 377 1590 Quid
393 1537 536 1598 juvat
552 1536 808 1583 admonitu
824 1536 1046 1600 tepidam
1063 1536 1368 1583 recalescere
1388 1536 1636 1584 mentem?

306 1612 462 1667 Alter,
490 1613 530 1659 si
556 1613 735 1676 possis,
763 1614 895 1660 orbis
921 1614 1180 1660 habendus
1206 1614 1313 1661 erit.
1540 1617 1637 1661 630

243 1689 360 1736 Non
384 1689 529 1737 facile
555 1690 777 1737 esuriens
803 1690 966 1753 posita
990 1690 1268 1737 retinebere
1295 1691 1470 1737 mensa
1491 1707 1500 1738 :

307 1766 375 1814 Et
399 1768 607 1814 multam
634 1768 815 1815 saliens
842 1767 1017 1815 incitat
1041 1768 1175 1814 unda
1199 1767 1349 1814 sitim.

242 1843 359 1891 Non
385 1843 528 1891 facile
554 1851 631 1892 est
654 1844 760 1891 visa
787 1851 984 1891 taurum
1010 1844 1223 1891 retinere
1246 1845 1462 1907 juvenca
1483 1862 1494 1891 ε

310 1920 471 1968 Fortis
496 1936 656 1984 equus
682 1921 798 1971 visae
825 1937 1023 1985 semper
1048 1920 1275 1968 adhinnit
1300 1936 1460 1983 equae.

284 2095 358 2125 613.
382 2095 414 2126 Si
437 2098 502 2136 quis
524 2108 614 2133 amas,
640 2109 692 2127 nen
720 2098 788 2139 ris]
822 2098 906 2130 Illud
975 2100 1158 2141 ‹quemleres.
1184 2099 1275 2141 plura
1290 2098 1329 2129 de
1345 2098 1404 2129 boc
1420 2098 1513 2129 verbo
1530 2098 1639 2130 Heins-

241 2154 294 2174 nec
310 2146 351 2174 vis
372 2154 433 2175 non
448 2151 494 2176 est
510 2145 614 2176 naut-i.
661 2146 741 2177 Cum
760 2147 835 2178 satis
855 2159 908 2179 su·
975 2149 1015 2180 ad
1031 2149 1130 2190 Epist.
1149 2160 1176 2179 ν.
1198 2150 1245 2179 16.
1290 2149 1408 2178 Bumx.

241 2193 457 2234 perqueinitio
470 2194 571 2235 operis
584 2194 750 2226 inculcarit
762 2197 906 2233 Ovidius,
1019 2199 1092 2228 6-28.
1119 2197 1260 2238 Officium
1285 2207 1356 2226 nece
1382 2197 1504 2226 colatur
1532 2195 1636 2235 idem]

241 2251 273 2272 se
295 2240 343 2277 iis,
360 2243 413 2282 qui
439 2244 567 2284 cupiant
588 2245 627 2274 ab
650 2254 752 2275 amore
769 2246 904 2282 liberari,
976 2246 1098 2277 Obvius
1113 2251 1159 2277 est
1174 2255 1283 2276 sensus
1298 2257 1303 2274 z
1331 2255 1370 2275 ne
1386 2243 1509 2274 intersis
1524 2243 1640 2274 amico-

241 2290 431 2321 medicinam
461 2293 628 2324 facturum.
662 2294 844 2335 scripserat,
876 2296 906 2326 ni
975 2305 1042 2325 rum
1059 2300 1182 2326 tuorum
1197 2294 1310 2329 officio,
1334 2293 1374 2323 ad
1395 2292 1478 2334 quod
1500 2292 1640 2334 puellam

240 2339 342 2375 fallor,
361 2339 476 2371 Noster
491 2353 496 2370 z
976 2344 1072 2374 etiam
1088 2344 1148 2374 scis
1162 2349 1335 2374 venturam.
1360 2342 1455 2382 officia
1472 2347 1554 2377 sunt,
1568 2352 1639 2372 cum

284 2388 317 2418 Si
341 2390 405 2428 quis
429 2402 520 2426 umas,
544 2392 624 2421 urbis
640 2391 743 2432 facitu
767 2394 907 2433 contagia
976 2392 1015 2422 ad
1031 2391 1265 2433 gratulationes,
1282 2390 1488 2421 deductiones
1507 2397 1539 2421 et
1553 2400 1641 2432 pom-

330 2440 412 2468 rites.
975 2453 1032 2483 pas
1047 2447 1078 2472 et
1093 2440 1207 2471 similia
1221 2440 1391 2470 amicorum
1407 2440 1618 2481 progredimur
1631 2451 1640 2477 ;

243 2486 303 2516 vel
321 2489 414 2518 turbae
427 2490 578 2529 contagia.
591 2488 630 2519 de
647 2500 711 2530 qua
726 2500 800 2520 voce
814 2491 907 2531 paulo
976 2497 1011 2522 ut
1037 2491 1165 2531 officium
1196 2501 1336 2520 ‘novorum
1371 2490 1537 2524 consulum,
1568 2498 1640 2519 cum

243 2541 326 2566 ante.
350 2537 469 2567 mes.
498 2539 522 2567 si
538 2540 609 2577 quid
624 2550 705 2569 amas
720 2538 820 2569 multi.
977 2541 1051 2572 Kal.
1088 2539 1247 2571 Januariis
1282 2539 1476 2581 procedunt;
1513 2540 1640 2568 Sueton.

285 2585 358 2616 625.
386 2585 599 2626 Defendituru]
632 2587 837 2628 Deff'unditur
861 2586 906 2617 vi-
976 2589 1057 2619 Caes.
1074 2600 1124 2618 xv.
1140 2594 1171 2618 et
1187 2587 1301 2629 passim
1321 2587 1385 2617 alii.
1401 2588 1495 2617 colere
1509 2587 1638 2627 officinm

242 2633 318 2664 tiose
342 2645 422 2665 unus
442 2634 550 2666 codex.
572 2635 696 2666 Gellius
721 2648 771 2667 xv,
793 2636 815 2666 i.
842 2637 905 2666 Do·
976 2637 1070 2672 idem,
1085 2637 1291 2678 quodfacere,
1303 2642 1337 2667 ut
1350 2636 1498 2668 Horatius
1509 2637 1529 2667 i.
1541 2636 1641 2679 Epist.

241 2685 347 2713 cuissr’t
364 2684 534 2725 teprqt'eclo
551 2686 716 2715 Archelaus
734 2686 826 2726 Regis
844 2685 906 2714 Mi-
975 2686 1050 2717 xvii.
1066 2686 1118 2716 21.
1163 2686 1279 2716 Burni.

241 2733 382 2762 thridrztis
395 2734 567 2773 profectus,
584 2746 640 2775 qua
660 2736 790 2765 sollertia
809 2736 904 2776 ignem
