1760 3172
241 173 328 215 352

633 173 683 214 P.
718 172 931 215 OVIDII
964 174 1243 216 NASONIS

243 289 346 335 Ah!
387 288 583 351 quoties
608 288 729 343 dixi,
757 295 892 335 certe
918 287 983 334 nil
1011 296 1152 351 turpe
1178 289 1394 336 docetis!

309 364 411 421 lte3
445 351 593 427 vpatet
618 365 769 411 castis
795 365 1018 411 versibus
1046 364 1127 412 ille
1155 366 1308 413 locus.

244 441 356 488 Non
380 449 545 488 tamen
568 442 844 489 accedunt:
872 427 980 497 sed,
999 449 1053 489 ut
1078 443 1296 506 adspicis
1322 442 1444 506 ipse,
1472 444 1623 491 latere

308 518 413 564 Sub
441 517 563 565 Lare
591 519 780 581 privato
805 519 961 566 tutius
987 535 1096 567 esse
1118 527 1309 583 putant.
1568 524 1625 567 10

242 594 450 651 Quaeris,
478 596 562 642 ubi
589 596 677 642 hos
705 596 864 660 possis
891 597 1027 644 nullo
1052 613 1351 660 componere
1378 597 1527 644 laeso?

309 671 422 730 Qua
447 679 687 719 steterant
711 679 858 729 artes,
887 689 1001 736 pars
1026 680 1168 720 vacat
1192 674 1276 720 illa
1298 673 1404 721 tibi.

241 748 374 803 Quid
398 749 611 804 veniant,
632 749 850 796 novitate
871 765 1014 812 roges
1039 749 1248 797 fortasse
1275 750 1366 796 sub
1389 750 1523 814 ipsa:

307 824 511 889 Accipe,
526 826 879 889 quodcumque
896 833 987 882 est,
1005 826 1273 874 dummodo
1286 827 1457 874 nonsit
1468 842 1621 873 amor.

245 902 490 958 Invenies,
520 902 744 965 quamvis
770 919 867 949 non
892 910 969 950 est
993 903 1286 950 miserabilis
1311 903 1479 959 index,
1567 906 1624 950 15

308 978 422 1026 Non
448 979 611 1026 minus
637 979 729 1026 hoc
756 979 840 1026 illo
866 979 1024 1035 triste,
1052 980 1186 1043 quod
1212 988 1325 1028 ante
1351 981 1466 1029 dedi
1488 998 1497 1028 :

243 1056 418 1103 Rebus
446 1056 594 1112 idem,
621 1056 767 1103 titulo
793 1056 984 1115 differt;
1019 1064 1070 1105 et
1095 1057 1305 1121 epistola
1328 1058 1406 1105 cui
1433 1058 1496 1106 sit

309 1132 423 1180 Non
450 1134 698 1181 occultato
724 1135 921 1182 nomine
946 1135 1112 1191 missa,
1140 1136 1304 1183 docet.

242 1209 349 1257 Nec
372 1226 458 1257 vos
484 1211 578 1257 hoc
600 1211 764 1267 vultis,
793 1212 879 1259 sed
906 1228 996 1259 nec
1024 1212 1285 1276 prohibere
1310 1212 1517 1276 potestis
1539 1231 1549 1270 3

309 1286 559 1351 Musaque
585 1289 646 1335 ad
672 1289 851 1336 invitos
878 1290 1097 1337 officiosa
1120 1291 1270 1338 venit.

1562 1294 1626 1338 20

242 1363 495 1428 Quicquid
514 1365 563 1412 id
583 1372 674 1421 est,
693 1366 910 1429 adjunge
930 1367 1054 1414 meis
1077 1366 1237 1415 :snihil
1262 1367 1470 1430 impedit
1494 1374 1625 1414 ortos

308 1440 513 1499 Exsule,
542 1443 748 1489 servatis
773 1443 983 1506 legibus,
1010 1444 1132 1491 urbe
1157 1443 1266 1491 frui.

242 1517 389 1573 Quod
413 1526 606 1567 metuas
632 1536 731 1567 non
756 1528 860 1568 est:
890 1520 1076 1568 Antoni
1102 1521 1288 1585 scripta
1312 1521 1570 1582 leguntur3

308 1595 500 1644 Doctus
526 1604 575 1644 et
599 1599 648 1644 in
672 1606 870 1662 promtu
897 1598 1078 1646 scrinia
1104 1598 1289 1645 Brutus
1315 1598 1481 1645 habet.

284 1701 314 1730 8.
330 1699 399 1737 Ite,·
420 1706 504 1740 patet
524 1703 612 1732 castis
633 1704 763 1733 versibus
785 1704 837 1733 ille
859 1705 899 1733 Io—

241 1749 321 1790 cus.]
348 1750 469 1780 Locum
495 1750 577 1782 hune
604 1750 752 1793 intelligit
776 1753 902 1784 Merula

241 1799 280 1829 de
307 1799 374 1841 ipsa
400 1799 521 1830 Roma:
555 1800 610 1831 sed
639 1801 714 1842 quia
739 1802 899 1843 praecedit,

243 1847 372 1878 Publica
396 1860 453 1878 non
477 1850 592 1879 audent
613 1851 695 1880 inter
714 1858 902 1882 monumenta

242 1898 353 1931 venire,
370 1906 514 1939 caperem
535 1897 574 1928 de
594 1898 750 1940 Apollinis
764 1900 901 1931 Palatini

242 1946 358 1987 templo
378 1952 410 1976 et
433 1946 642 1983 Bibliotheca,
668 1947 700 1978 in
723 1959 816 1990 quam
841 1960 902 1980 non

243 1995 360 2026 audent
390 1995 494 2027 venire
524 1996 659 2028 Nasonis
688 1997 804 2029 libelli:
835 1998 904 2030 vide

241 2045 335 2075 Tn'st.
349 2044 461 2076 lib.iii.
480 2045 529 2076 El.
543 2046 563 2076 i.
580 2052 611 2077 et
627 2045 713 2077 alibi.
747 2047 862 2078 chr.

289 2096 339 2126 12.
367 2096 463 2137 Qum]
502 2095 583 2127 Ubi:
614 2096 710 2139 idque
735 2098 904 2139 elegantis-

244 2144 320 2176 sime
334 2145 449 2176 dicitur
464 2145 503 2177 de
518 2151 600 2177 statu
616 2146 648 2177 in
663 2147 740 2177 loco.
779 2148 871 2179 Cxor.

288 2195 337 2225 13.
365 2195 446 2229 Quid
468 2196 619 2237 veniant]
656 2196 706 2227 Ita
726 2202 758 2227 et
779 2197 906 2229 Graecos

242 2244 345 2275 dicere
368 2245 399 2275 τὶ
409 2242 484 2276 ἀντὶ
504 2246 573 2281 τοῦ,
591 2244 687 2281 διατὶ,
702 2247 815 2277 Sextus
831 2247 904 2277 Em-

243 2293 302 2335 pir.
332 2293 438 2331 tradit,
469 2293 525 2324 lib.
549 2294 569 2326 i.
602 2294 712 2336 Pyrrh.
740 2296 901 2338 Hypotyp.

243 2353 312 2384 cap.
348 2343 397 2374 19.
435 2342 488 2374 ubi
525 2342 677 2375 videndus
712 2349 759 2375 est
795 2345 902 2376 Fabri-

245 2392 325 2424 cius.

289 2443 339 2472 15.
359 2441 500 2476 Quamvis
520 2453 579 2472 non
604 2444 640 2473 sit
665 2444 839 2473 miserabilis
857 2445 903 2473 1⁸71-

244 2490 326 2530 ἀει]
356 2490 497 2525 Quamvis
522 2502 578 2521 non
600 2498 638 2522 est
662 2491 802 2533 plerique
817 2497 903 2523 vete-

245 2550 312 2570 res:
343 2550 432 2571 versu
459 2540 607 2582 proximo,
634 2551 688 2582 pro
717 2541 768 2571 hoc
796 2540 901 2571 malim

243 2589 334 2625 hic-,si
351 2599 405 2631 per
421 2589 565 2630 antiquos
580 2589 675 2621 liceat
690 2590 823 2621 codices.
849 2591 901 2621 In-

242 2638 348 2669 venies
369 2637 417 2669 his
443 2638 475 2669 in
500 2638 586 2669 libris
609 2649 670 2670 non
692 2639 795 2670 minus
816 2639 901 2670 triste

242 2686 308 2721 illo,
325 2687 408 2728 quod
418 2687 484 2729 jam
502 2694 574 2718 ante
588 2688 672 2719 dedi.
708 2688 825 2719 mes.

289 2735 337 2766 16.
355 2735 440 2770 Quod
461 2742 531 2766 aute
556 2737 651 2776 dedi]
680 2737 863 2779 Metaphora
885 2748 901 2767 a

969 1702 1160 1738 mulieribus,
1182 1713 1252 1744 quae
1277 1701 1356 1733 filios
1381 1708 1572 1744 genuerunt:
1597 1702 1628 1733 in

968 1751 1099 1794 epistola
1122 1751 1313 1794 Hypsipyles
1333 1751 1373 1782 ad
1391 1752 1411 1783 J
1415 1761 1550 1788 asonem,
1569 1752 1625 1782 121

969 1806 999 1832 et
1015 1812 1051 1843 sq
1064 1814 1071 1831 :

1014 1850 1098 1881 Felix
1122 1853 1153 1881 in
1174 1861 1296 1881 numero
1314 1861 1425 1891 quoque
1449 1861 1538 1888 sum,·
1560 1862 1628 1891 pro-

1057 1901 1170 1941 lemque
1181 1901 1348 1941 gemellam,

1016 1949 1151 1991 Pignora
1166 1949 1285 1979 Lucina
1299 1948 1504 1990 binasuvente
1520 1950 1598 1979 dedi·

1018 1999 1067 2028 17.
1090 1998 1189 2028 Rebus
1215 1997 1318 2038 idem]
1347 1996 1465 2028 Eadem
1492 2002 1539 2027 est
1563 2007 1628 2027 ma-

972 2046 1050 2078 teria
1069 2047 1161 2089 hujus
1181 2046 1293 2089 operis,
1310 2057 1378 2088 quae
1403 2052 1450 2077 est
1470 2046 1509 2077 de
1522 2047 1630 2077 Tristi-

971 2097 1040 2128 bus.
1094 2097 1195 2127 Titulo
1223 2097 1338 2138 differt.
1373 2095 1488 2127 Differt
1515 2096 1630 2127 indice.

976 2145 1013 2176 Ec
1037 2147 1156 2186 epistola
1177 2148 1227 2177 cui
1247 2147 1295 2177 sit.
1323 2145 1437 2176 Differt
1456 2145 1549 2176 etiam
1571 2145 1629 2176 hoc

972 2205 1049 2237 opus
1072 2196 1110 2226 ab
1132 2205 1167 2226 eo
1189 2195 1228 2225 de
1251 2194 1413 2231 Tristibus,
1430 2194 1577 2236 quoniam
1598 2194 1630 2225 in

971 2244 1040 2279 hoc,
1058 2244 1098 2275 ad
1121 2254 1214 2286 quem
1235 2243 1350 2286 scripta
1373 2243 1413 2274 sit
1435 2243 1576 2286 epistola,
1592 2244 1630 2274 ti-

972 2293 1055 2325 tulus
1076 2294 1186 2325 docet:
1211 2293 1243 2324 id
1256 2304 1328 2325 vero
1347 2293 1379 2324 111
1397 2303 1489 2335 opere
1503 2293 1542 2324 de
1564 2292 1631 2323 Tri-

971 2343 1069 2374 stibus
1085 2342 1298 2385 supprimitur.

1016 2393 1065 2422 19.
1092 2392 1155 2423 Nec
1180 2403 1227 2423 vos
1250 2392 1302 2422 hoc
1325 2391 1446 2432 vultis]
1483 2391 1551 2422 Nec
1575 2401 1629 2422 vos

972 2440 1065 2471 vultis
1095 2446 1197 2472 vestra
1234 2441 1357 2472 nomina
1389 2441 1421 2472 in
1450 2440 1508 2471 hoc
1537 2450 1629 2482 opere

971 2490 1054 2531 poni,
1071 2496 1195 2532 propter
1211 2489 1346 2532 Augusti
1358 2495 1486 2521 metum.

1012 2540 1066 2570 22.
1080 2540 1211 2571 Servatis
1224 2540 1364 2581 legibus]
1384 2540 1456 2570 Non
1466 2539 1628 2570 scribendo

970 2587 1105 2619 lasciva:
1131 2588 1163 2619 id
1188 2599 1227 2620 ne
1255 2588 1400 2624 facerem,
1418 2588 1538 2630 legibus
1556 2598 1628 2619 cau-

969 2644 1035 2669 tum
1052 2638 1122 2669 fuit.

1013 2689 1066 2718 23.
1090 2688 1245 2719 Antonius
1274 2694 1366 2719 antea
1395 2687 1453 2719 fuit
1477 2686 1630 2718 Triumvir

970 2747 1041 2768 cum
1066 2737 1219 2778 Augusto,
1245 2737 1317 2768 dein
1344 2736 1511 2768 acerrimus
1539 2735 1630 2777 hujus
