1760 3172
353 169 444 211 EX
477 168 688 210 PONTO
722 167 841 209 LIB.
877 167 967 209 ΙΙΙ.
1001 167 1193 210 EPIST.
1225 170 1334 213 VII.

1450 172 1535 213 473

155 283 413 332 Hactenus
438 283 719 331 admonitus
744 283 948 330 memori
973 284 1192 331 concede
1217 292 1394 349 poetae,

223 361 386 409 Ponat
407 368 463 426 ut
486 361 536 408 in
560 361 742 408 chartis
767 360 967 407 nomina
991 376 1107 407 cara
1130 362 1250 409 suis.
1496 406 1501 422 ,-

153 438 321 503 Turpe
341 439 434 487 erit
449 426 717 494 ambobus,
740 439 887 500 longo
912 437 1031 484 mihi
1056 438 1311 501 proximus
1336 456 1444 495 usu,

223 516 277 563 Si
302 516 438 563 nulla
459 516 571 563 libri
595 522 733 579 parte
758 515 923 577 legare
948 514 1062 561 mei.

156 593 235 641 Ne
251 600 418 641 tamen
433 592 528 641 iste
544 600 705 640 metus
722 609 922 640 somnos
933 592 1267 657 tibi-rumpere
1282 593 1455 655 possit,
1473 597 1535 642 55

224 670 338 718 Non
362 671 508 727 ultra,
536 686 688 734 quam
711 670 801 725 vis,
824 670 1070 717 officiosus
1096 686 1207 717 ero:

155 748 328 811 Teque
351 755 534 811 tegam,
556 748 641 811 qui
666 747 749 803 sis,
772 747 866 794 nisi
888 763 1042 810 quum
1067 746 1350 810 permiseris
1376 747 1499 811 ipse.

224 826 445 889 Cogetur
468 842 613 873 nemo
637 841 816 875 munus
840 825 1024 872 habere
1049 840 1230 872 meum.

154 902 230 950 Tu
255 903 420 960 modo,
441 919 591 967 quem
616 909 813 968 poteras
840 902 918 950 vel
944 907 1114 965 aperte
1138 907 1276 949 tutus
1302 917 1483 957 amare,

224 980 277 1029 Si
302 997 380 1030 res
401 989 478 1030 est
502 998 686 1046 anceps
711 981 823 1038 ista,
849 981 1063 1028 latenter
1087 995 1214 1026 ama.

1474 982 1538 1026 60

549 1233 983 1282 EPISTOLA
1029 1232 1149 1280 VII.

727 1356 966 1399 AMICIS.

156 1445 354 1493 VERBA
381 1443 502 1491 mihi
527 1443 712 1492 desunt
736 1443 912 1491 eadem
936 1449 1039 1490 tam
1064 1457 1198 1505 saepe
1224 1443 1432 1505 roganti,

221 1521 439 1585 Jamque
464 1522 621 1585 pudet
644 1537 795 1569 vanas
820 1521 918 1568 fine
943 1536 1110 1568 carere
1135 1535 1327 1583 preces.

155 1598 329 1647 Taedia
352 1598 596 1647 consimili
620 1598 726 1646 fieri
751 1598 813 1645 de
839 1597 1055 1645 carmine
1080 1596 1234 1651 vobis,

224 1676 461 1739 Quidque
486 1682 671 1739 petam,
699 1681 908 1722 cunctos
934 1673 1197 1721 edidicisse
1223 1689 1346 1721 reor.

160 1753 347 1801 Nostra
367 1753 488 1817 quid
512 1752 744 1816 adportet
763 1752 867 1815 jam
892 1751 1048 1798 nostis
1069 1750 1296 1813 epistola,
1316 1750 1542 1814 quamvis

226 1831 418 1879 Charta
441 1829 506 1878 sit
529 1846 559 1878 a
580 1829 756 1876 vinclis
781 1845 879 1876 non
903 1828 1149 1876 labefacta
1174 1827 1292 1874 suis.
1513 1831 1542 1875 6

160 1907 292 1971 Ergo
317 1914 537 1956 mutetur
561 1907 732 1970 scripti
759 1906 1008 1953 sententia
1031 1904 1201 1960 nostri,

225 1985 273 2033 N
277 2002 306 2034 e
330 1985 479 2033 toties
504 1991 692 2040 contra,
721 2000 872 2048 quam
896 1983 1025 2048 rapit
1049 1981 1223 2037 amniS,
1251 1996 1378 2029 eam.

158 2095 244 2131 saris,
262 2096 394 2134 judicis,
417 2093 548 2125 solemni
577 2091 818 2135 permutatione,

158 2143 282 2175 codices
294 2143 412 2186 scripti.

200 2194 253 2225 50.
271 2193 416 2224 Ter-rebar
435 2192 553 2233 titulo]
580 2191 664 2230 Quia
680 2202 741 2222 non
763 2202 818 2222 au-

157 2241 272 2273 debam
288 2241 390 2273 facere
406 2240 596 2273 mentionem
611 2241 672 2271 mei
687 2240 820 2272 nominis

158 2291 191 2322 in
206 2290 284 2321 meis
298 2289 425 2322 libellis.

201 2340 254 2371 53.
287 2339 460 2381 Ambobus]
498 2339 539 2370 Et
575 2337 632 2369 tibi
666 2342 698 2368 et
732 2337 820 2369 mihi.

163 2389 321 2420 Proximus
338 2390 413 2420 mihi
429 2390 515 2430 longo
533 2399 602 2418 usu.
636 2387 667 2418 Si
688 2393 722 2418 tu
744 2387 820 2418 mihi

159 2438 345 2480 conjunctus
368 2437 464 2479 longa
486 2435 710 2468 consuetudine
732 2441 764 2467 et
787 2447 819 2467 a·

161 2497 255 2518 more.
301 2486 471 2518 Proximus.
492 2486 531 2517 In
554 2485 662 2516 multis
681 2491 820 2516 veterum

160 2537 319 2577 cognitus,·
346 2541 513 2578 utrumque
544 2540 674 2567 rectum.
714 2534 819 2565 ΗΕΙΝ-

161 2595 244 2616 ειυς.

204 2635 258 2664 58.
287 2633 419 2676 Cogetur
448 2633 560 2673 πεπτω]
597 2633 635 2663 In
666 2631 821 2663 nerninem

160 2681 293 2714 invitum
329 2693 366 2714 ac
404 2687 629 2725 repugnantem
665 2681 821 2712 conferam

162 2741 286 2762 munus.
308 2732 414 2762 PoNT.
462 2731 577 2762 Munus
597 2731 701 2761 habere
716 2740 821 2759 meum.

885 2092 965 2124 Poni
980 2091 1012 2122 in
1028 2090 1105 2122 meis
1120 2090 1272 2121 versibus.

926 2142 960 2172 2.
978 2141 1053 2171 Fine
1074 2140 1204 2180 carere]
1231 2140 1403 2181 Nunquam
1425 2139 1465 2170 ad
1481 2139 1547 2170 exi-

885 2194 951 2220 tum
985 2195 1017 2220 et
1046 2190 1137 2220 finem
1165 2187 1305 2230 perduci,
1334 2188 1390 2219 sed
1425 2199 1547 2230 semper

885 2238 968 2269 idem
983 2237 1113 2280 precari.

929 2288 960 2318 3.
978 2287 1025 2317 De
1046 2287 1191 2316 consimili
1211 2285 1369 2325 carmina]
1396 2285 1545 2326 Ejusdem

886 2345 1007 2377 semper
1022 2335 1177 2365 materiae:
1202 2344 1274 2364 nam
1295 2334 1405 2364 eadem
1421 2344 1469 2363 res
1488 2344 1545 2364 sae-

887 2384 957 2426 pius
971 2384 1091 2420 iterata,
1105 2388 1136 2414 et
1147 2383 1239 2414 toties
1250 2382 1407 2413 inculcata
1417 2382 1546 2413 taedium

887 2434 998 2464 adfert.
1035 2434 1138 2463 Pom.

931 2483 961 2513 6.
998 2482 1140 2516 Quamvis
1171 2481 1283 2511 Charta
1321 2481 1357 2510 sit
1387 2492 1406 2510 a
1440 2480 1546 2510 vinclis

888 2543 946 2562 non
972 2531 1120 2572 labefacta
1143 2529 1230 2569 suis.]
1256 2528 1418 2565 Quamvis,
1435 2528 1547 2569 inquit,

888 2580 1006 2616 charta,
1024 2580 1076 2610 ubi
1092 2579 1159 2609 haec
1176 2579 1291 2620 scripta
1307 2583 1391 2613 sunt,
1409 2578 1545 2608 nondum

889 2630 927 2660 sit
943 2640 961 2660 a
976 2629 1063 2659 vobis
1080 2628 1212 2664 reclusa,
1230 2633 1261 2658 et
1283 2627 1347 2658 suis
1366 2626 1463 2658 solitis
1478 2627 1545 2658 vin-

890 2678 968 2709 culis
982 2678 1093 2708 soluta.

934 2727 965 2756 7.
983 2726 1094 2765 scripti
1113 2727 1259 2756 sententio
1280 2724 1400 2764 nosti-12]
1419 2724 1547 2756 Institu-
