1760 3172
421 179 727 222 TRISTIUM
759 179 879 220 LIB.
913 179 994 220 IV.
1028 180 1206 222 ELEG.
1240 181 1303 222 X.
1465 182 1549 223 305

175 296 356 351 Quum,
383 296 530 342 maris
557 294 739 342 Euxini
764 294 954 358 positos
980 295 1042 341 ad
1067 295 1202 350 laeva,
1229 295 1448 343 Tomitas

241 372 473 426 Quaerere
499 388 578 419 me
602 372 705 418 laesi
730 371 967 435 principis
992 372 1064 419 ira
1080 372 1243 434 jubet.

175 448 342 496 Causa
365 465 504 504 meae,
531 448 724 496 cunctis
751 448 957 494 nimium
983 464 1184 511 quoque
1210 456 1339 504 nota,
1361 449 1513 495 ruinae

240 525 430 573 Indicio
454 542 552 572 non
578 531 655 572 est
678 524 992 571 testificanda
1015 541 1125 572 meo
1459 529 1550 572 lOO

174 601 307 656 Quid
343 602 549 650 referam
583 601 921 664 comitumque
948 602 1102 658 nefaS,
1129 601 1439 665 famulosque
1463 619 1547 649 no-

238 678 358 743 Ipsa
381 681 536 728 multa
559 679 648 726 tuli
673 696 770 726 non
794 679 977 726 leviora
1001 679 1132 741 fuga.
1318 681 1510 740 [centes
1529 681 1546 726 ἲ

173 756 439 820 Indignata
462 757 602 804 malis
627 773 766 804 mens
792 764 869 804 est
888 757 1227 812 succumbere,
1251 772 1406 819 seque

240 834 482 882 Praestitit
503 835 737 882 invictam
760 834 946 880 viribus
972 850 1062 880 usa
1087 834 1188 880 suis
1209 851 1218 881 :

175 911 478 975 Oblitusque
502 919 647 974 togae,
674 912 937 975 ductaeque
962 928 1050 975 per
1075 911 1174 959 otia
1197 911 1326 967 vitae,
1458 915 1547 959 105

238 987 443 1036 Insolita
466 989 576 1053 cepi
600 988 836 1053 temporis
863 1005 999 1036 arma
1022 1004 1170 1035 manu
1190 1005 1200 1035 ε

173 1064 368 1129 Totque
392 1066 483 1113 tuli
506 1073 636 1114 terra
659 1082 804 1113 casus
829 1066 1123 1129 pelagoque,
1152 1072 1274 1128 quot
1299 1065 1425 1112 inter

244 1142 509 1190 Occultum
533 1143 688 1191 stellae
715 1142 1140 1206 conspicuumque
1165 1143 1349 1205 polum.

174 1218 330 1267 Tacta
353 1219 472 1266 mihi
497 1221 714 1276 tandem,
742 1220 901 1282 longis
927 1220 1171 1267 erroribus
1195 1227 1322 1276 acto,

239 1295 269 1342 J
274 1303 424 1344 uncta
447 1297 742 1360 pharetratis
771 1296 1008 1344 Sarmatis
1034 1312 1118 1343 ora
1144 1296 1316 1343 Getis:
1461 1299 1552 1343 110

175 1372 272 1421 Hic
298 1390 406 1437 ego,
429 1375 650 1422 finitimis
676 1375 900 1438 quamvis
925 1374 1258 1421 circumsoner
1284 1373 1448 1430 armis,

239 1450 435 1508 Tristia,
463 1468 562 1515 quo
588 1469 808 1516 possum,
835 1452 1053 1499 carmine
1078 1451 1179 1498 fata
1202 1451 1338 1498 levo:

174 1526 334 1584 Quod,
348 1529 573 1591 quamvis
594 1545 738 1576 nemo
763 1536 854 1585 est,
876 1529 1019 1591 cujus
1039 1527 1277 1575 referatur
1302 1527 1364 1574 ad
1390 1543 1548 1583 aures,

241 1605 325 1653 Sic
348 1612 515 1654 tamen
540 1607 747 1654 absumo
773 1606 1070 1669 decipioque
1095 1605 1244 1653 diem.

176 1681 323 1744 Ergo,
350 1684 484 1746 quod
506 1684 632 1739 vivo,
659 1684 895 1746 durisque
916 1682 1166 1730 laboribus
1191 1682 1351 1738 obsto,
1462 1685 1551 1728 115

242 1760 289 1806 N
294 1777 350 1807 ec
375 1777 453 1808 me
479 1761 701 1809 sollicitae
726 1761 875 1809 taedia
898 1760 1023 1808 lucis
1048 1760 1249 1815 habent,

177 1837 365 1894 Gratia,
394 1837 557 1895 Musa,
585 1839 704 1887 tibi:
744 1855 857 1886 nam
882 1846 937 1885 tu
963 1837 1140 1884 solatia
1163 1836 1384 1899 praebes3

240 1907 315 1961 Tu
341 1930 470 1961 curae
494 1915 708 1978 requies,
735 1923 787 1962 tu
812 1915 1059 1962 medicina
1082 1913 1227 1969 mali;

176 2076 308 2119 spatium
319 2078 483 2120 Olympias
492 2078 611 2110 dictum
626 2079 702 2109 fuit:
718 2079 833 2110 Noster
899 2077 1028 2120 tempori
1051 2077 1172 2113 cedere,
1188 2082 1220 2108 et
1243 2076 1418 2108 necessitati
1440 2085 1557 2118 parere,

174 2132 279 2157 autem
294 2127 499 2169 Olympiadas
521 2127 626 2159 lustris
645 2134 749 2169 aequat
768 2128 833 2158 Ro·
899 2133 934 2158 ut
949 2128 1049 2158 virum
1065 2128 1174 2158 fortem
1186 2127 1287 2158 decet.

174 2186 344 2212 manorum,
367 2175 411 2207 ita
437 2182 471 2207 ut
493 2176 757 2218 quinquennalem
784 2177 832 2208 lu·
945 2178 1015 2208 108.
1033 2177 1193 2207 Occultum
1215 2175 1343 2216 potuum]
1372 2175 1432 2205 Per
1454 2175 1557 2205 occul-

174 2223 283 2255 dorum
302 2225 515 2257 celebritatem
538 2225 759 2268 quinquenniis
779 2237 833 2257 ex·
898 2233 964 2258 tum
988 2226 1107 2269 polum,
1134 2225 1332 2256 Australem:
1358 2234 1411 2266 per
1438 2224 1558 2265 conspi-

174 2273 252 2304 actis
278 2274 343 2304 fieri
365 2274 483 2311 credat,
506 2275 638 2316 ideoque
662 2275 833 2306 secundum
901 2286 994 2306 cuum
1019 2285 1102 2310 vero,
1128 2273 1416 2316 Septemtrionalem
1442 2272 1556 2303 intelli-

175 2322 258 2353 hunc
280 2323 383 2354 locum
403 2323 513 2354 decem
536 2324 741 2366 Olympiades
760 2335 832 2355 con-
901 2324 964 2365 git3
980 2323 1142 2364 Virgilius,
1159 2323 1306 2363 Georgi
1321 2322 1402 2352 242:

174 2370 281 2402 ficiant
300 2372 338 2402 L.
354 2382 459 2403 annos.
497 2372 610 2404 Confer
631 2384 725 2415 supra
745 2372 786 2404 iv.
803 2374 834 2404 8.
945 2374 1006 2404 Hic
1022 2380 1119 2403 vertex
1134 2375 1214 2403 uobis
1229 2383 1337 2411 semper
1351 2372 1481 2401 sublimis
1492 2382 1503 2407 ‚·
1527 2377 1557 2400 at

177 2421 229 2450 33.
262 2420 411 2452 HARLES.
987 2423 1076 2452 illum

222 2470 292 2500 105.
310 2469 483 2511 oblitusque
504 2470 590 2510 mei.]
618 2470 701 2513 Togae
718 2471 834 2506 Riche-
946 2471 1006 2502 Sub
1025 2472 1148 2510 pedibus
1163 2470 1237 2511 Styx
1256 2476 1325 2500 atra
1343 2469 1430 2504 videt,
1445 2478 1558 2498 manes-

175 2517 288 2549 lianus.
311 2518 430 2550 HmNs.
487 2519 528 2549 Et
557 2518 672 2550 oblitus
698 2519 834 2562 pristinae
987 2531 1041 2560 que
1054 2520 1211 2560 profundi.
1424 2517 1516 2547 MER-

176 2577 254 2598 meae
279 2568 523 2609 tranquillitatis,
549 2574 730 2610 naturaeque
758 2580 835 2600 meae
950 2569 1020 2599 116.
1035 2568 1127 2599 Lucis
1141 2566 1300 2606 sollicitae.]
1320 2565 1414 2601 vitaz,
1427 2576 1496 2606 quae
1510 2575 1560 2596 me

177 2617 346 2654 tenerioris,
362 2623 393 2648 et
408 2618 479 2649 vitae
497 2618 631 2649 molliter
646 2624 737 2649 actae.
905 2617 1070 2648 sollicitum
1087 2623 1117 2648 ct
1129 2616 1254 2647 anxium
1272 2614 1383 2645 reddit.
1416 2615 1509 2644 Mna.

224 2667 295 2697 106.
322 2666 392 2707 Cepi
420 2679 503 2698 arma
541 2667 706 2708 temporis]
745 2667 835 2709 Coepi

223 2715 321 2746 VOL.
337 2716 381 2746 II.
1035 2717 1058 2745 X
