1760 3172
400 193 706 236 TRISTIUM
739 192 858 233 LIB.
892 192 947 233 V.
979 192 1158 235 ELEG.
1192 194 1310 235 XII.
1457 197 1539 237 341

166 311 399 373 Denique
422 325 519 356 non
543 324 716 372 parvas
741 307 903 355 animo
927 307 1014 355 dat
1037 308 1194 370 gloria
1217 309 1371 366 vires;

233 386 298 434 Et
321 386 550 434 foecunda
572 385 692 432 facit
715 391 917 448 pectora
940 384 1100 431 laudis
1125 401 1276 432 amor.

169 463 394 511 Nominis
419 470 470 511 et
492 463 636 510 famae
661 462 911 525 quondam
936 461 1126 524 fulgore
1149 462 1394 518 trahebar,

234 541 367 588 Dum
391 541 504 588 tulit
527 549 767 588 antennas
793 555 911 587 aura
935 539 1155 587 secunda
1179 556 1331 587 meas.
1477 545 1539 587 40

169 617 281 665 Non
307 619 431 667 adeo
456 626 533 666 est
555 619 683 666 bene
708 634 854 673 nunc,
882 624 937 664 ut
961 617 1025 665 sit
1050 617 1169 664 mihi
1194 618 1348 680 gloria
1367 634 1495 665 curae
1516 636 1524 666 :

235 695 287 741 Si
311 695 473 750 liceat,
500 696 622 742 nulli
647 695 876 758 cognitus
903 711 1013 742 esse
1036 695 1199 742 velim.

167 772 260 828 An,
288 773 405 835 quia
427 780 684 819 cesserunt
708 772 866 836 primo
890 773 1018 819 bene
1043 772 1279 828 carmina,
1307 772 1485 819 suades

235 835 767 930 Scriberef‘successus
792 856 1053 911 utsequar
1078 848 1184 912 ipse
1209 850 1380 897 meos?

169 925 317 982 Pace,
344 943 535 982 novem,
561 934 725 974 vestra
747 926 895 974 liceat
918 926 1121 981 dixisse,
1151 926 1370 981 Sorores,
1480 929 1541 972 45

232 1002 335 1050 Vos
359 1004 478 1051 estis
503 1010 682 1051 nostrae
707 1004 924 1051 maxima
948 1019 1099 1050 causa
1122 1002 1269 1066 fugae.

171 1079 340 1143 thue
364 1080 504 1128 dedit
521 1081 684 1144 justas
708 1081 835 1129 tauri
859 1081 1121 1129 fabricator
1146 1081 1306 1136 aheni,

237 1156 320 1204 Sic
344 1174 436 1220 ego
461 1158 524 1205 do
549 1174 719 1222 poenas
746 1160 934 1206 artibus
960 1159 1066 1223 ipse
1092 1158 1231 1206 meis.

171 1233 254 1280 Nil
278 1234 398 1282 mihi
422 1235 661 1283 debuerat
683 1251 796 1283 cum
821 1236 1043 1284 versibus
1070 1235 1280 1299 amplius
1305 1249 1413 1281 esse
1433 1251 1442 1289 ;

235 1311 337 1358 Sed
360 1310 581 1374 fugerem
605 1312 781 1360 merito
806 1312 1072 1375 naufragus
1097 1328 1242 1359 omne
1266 1311 1460 1359 fretum.
1484 1313 1545 1357 50

169 1386 235 1434 At
258 1394 395 1451 puto,
423 1388 464 1435 si
489 1389 693 1437 demens
719 1389 938 1436 studium
963 1389 1110 1437 fatale
1136 1395 1396 1443 retentem,

236 1464 332 1512 Hic
357 1465 476 1512 mihi
501 1466 742 1530 praebebit
766 1467 995 1514 carminis
1022 1482 1157 1514 arma
1179 1467 1345 1513 locus:

171 1543 285 1590 Non
301 1543 425 1590 liber
438 1543 519 1591 hic
539 1544 685 1599 ullus,
703 1560 801 1591 non
817 1545 901 1608 qui
917 1544 1037 1591 mihi
1058 1544 1340 1591 commodet
1361 1558 1544 1596 aurem,

233 1620 501 1684 Verbaque
525 1622 805 1684 significent
829 1622 949 1685 quid
975 1638 1085 1668 mea
1109 1621 1252 1676 norit,
1280 1620 1436 1667 adest.

171 1697 353 1745 Omnia
375 1698 614 1746 barbariae
639 1699 750 1746 loca
774 1706 905 1754 sunt,
932 1698 1166 1760 vocisque
1192 1697 1375 1751 ferinae,
1486 1697 1546 1741 55

238 1775 421 1822 Omnia
444 1782 560 1822 sunt
587 1775 752 1822 Getici
778 1776 925 1838 plena
948 1775 1123 1822 timore
1149 1774 1282 1821 soni:

172 1852 288 1916 Ipse
312 1851 431 1899 mihi
454 1852 622 1899 videor
641 1854 744 1915 jam
770 1852 1015 1899 dedicisse
1044 1851 1245 1907 Latine3

234 1928 348 1977 Jam
372 1929 524 1976 didici
552 1930 731 1977 Getice
760 1929 1136 1991 Sarmaticeque
1160 1927 1313 1990 loqui.

172 2006 279 2054 Nec
304 2013 487 2062 tamen,
514 2013 569 2053 ut
592 2023 761 2055 verum
786 2007 940 2053 fatear
965 2006 1072 2062 tibi,
1101 2012 1269 2051 nostra
1295 2004 1450 2051 teneri

237 2083 281 2129 A
305 2084 648 2146 componendo
672 2084 889 2131 carmine
916 2082 1065 2130 Musa
1089 2088 1269 2147 potest.
1487 2083 1549 2126 60

213 2282 266 2312 44.
301 2281 483 2322 Successus]
525 2281 609 2318 Quia
637 2282 712 2312 mihi
743 2283 825 2312 male
894 2281 1014 2311 idonea.
1056 2279 1158 2309 Poxr.
1192 2278 1357 2308 Retcntem.
1386 2276 1550 2316 Repetam.

168 2330 328 2361 successit.
937 2330 993 2360 Est
1012 2328 1162 2370 prolepsis
1180 2326 1307 2362 ironica,
1330 2331 1363 2356 ut
1386 2325 1550 2367 Yerpoort.

213 2380 265 2410 47.
298 2379 392 2409 Tauri
410 2379 583 2421 fabricator
614 2380 729 2420 aheni]
767 2380 827 2411 Pe·
890 2380 956 2421 jam
979 2378 1085 2420 pulcre
1108 2376 1237 2411 monuit,
1257 2382 1288 2407 et
1307 2387 1391 2406 arma
1412 2375 1554 2404 carminis

171 2428 277 2460 tillus:
302 2427 341 2458 de
357 2438 418 2469 quo
429 2428 496 2470 jam
511 2429 629 2460 dietum
645 2434 701 2460 est.
733 2430 826 2459 Mra.
895 2435 967 2459 sunt
991 2427 1207 2462 instrumenta,
1229 2425 1299 2456 libri
1325 2432 1356 2455 et
1381 2424 1442 2454 alia
1464 2423 1552 2464 adju-

213 2478 265 2509 49.
288 2477 346 2508 Nil
368 2478 440 2508 mihi
461 2479 630 2520 debuerat]
662 2478 828 2509 Prudentis
895 2483 1001 2508 menta
1028 2474 1172 2506 carminis
1200 2474 1373 2511 scribendi;
1402 2473 1473 2502 inde
1503 2484 1552 2502 ar-

171 2526 255 2557 enim
274 2536 336 2556 non
354 2531 412 2562 est,
434 2526 474 2557 ad
494 2527 526 2557 id
542 2527 652 2564 redire,
667 2526 749 2557 unde
774 2526 827 2557 de·
897 2529 1034 2561 murium,
1049 2525 1101 2555 ubi
1121 2525 1191 2555 libri
1206 2529 1404 2566 reponuntur.
1424 2522 1505 2552 Plin.
1522 2522 1553 2551 ii.

173 2575 350 2606 nimentum
365 2575 530 2617 acceperit.
895 2585 944 2617 ep.
974 2575 1023 2605 17.
1046 2574 1198 2615 Idemque
1216 2574 1377 2615 Yerpoort.
1397 2572 1462 2613 jam
1484 2571 1551 2601 lau-

214 2627 266 2656 51.
290 2625 430 2655 Studium
447 2625 577 2666 fatale]
614 2625 646 2655 Si
673 2624 828 2666 regrediar
896 2624 983 2654 darat
1006 2623 1117 2664 virgil.
1145 2623 1217 2653 AEu.
1243 2622 1264 2652 i.
1293 2622 1363 2652 187.
1391 2621 1550 2662 agrestium

171 2673 212 2704 ad
223 2673 357 2704 studium
368 2683 483 2710 meum,
497 2673 580 2715 quod
593 2673 668 2703 mihi
679 2673 741 2703 sato
752 2684 827 2714 quo·
895 2684 989 2708 arma,
1015 2673 1045 2704 h.
1062 2683 1088 2702 e.
1116 2672 1308 2713 agricultura²
1336 2671 1551 2701 instrumenta.

172 2722 246 2753 dam
268 2721 384 2758 nocuit,
408 2722 565 2753 inveniam
591 2733 675 2753 arma
698 2722 827 2753 carmini
896 2722 1047 2752 HARLES.
