1760 3172
419 187 729 229 TRISTIUM
762 187 882 228 LIB.
917 186 998 228 IV.
1033 187 1212 229 ELEG.
1246 189 1310 229 II.

1479 190 1564 231 277

174 300 296 349 Haec
321 318 414 365 ego
440 303 720 358 submotus,
748 318 848 365 qua
875 318 1097 365 possum,
1126 311 1292 351 mente
1317 304 1525 352 videbo:

240 378 415 443 Erepti
441 379 583 426 nobis
603 380 687 442 jus
713 379 865 426 habet
889 380 972 426 illa
996 379 1109 426 1001.

173 454 267 502 1113
290 472 379 519 per
402 456 670 503 immensas
697 456 940 519 spatiatur
964 455 1122 503 libera
1146 462 1332 513 terras3

240 532 299 579 In
324 533 506 580 coelum
531 532 681 580 celeri
707 531 931 596 pervenit
956 531 1041 579 illa
1064 532 1209 595 fuga:

1500 538 1564 581 60

172 608 267 656 Illa
290 626 428 658 meos
453 611 622 657 oculos
648 609 864 656 mediam
890 609 1096 657 deducit
1121 610 1171 656 in
1196 610 1386 666 urbem,

241 686 496 735 Immunes
521 688 645 734 tanti
671 704 762 735 nec
790 687 908 734 sinit
932 703 1042 734 esse
1068 687 1215 743 boni3

174 763 501 827 Invenietque
525 766 671 821 viam,
700 781 801 828 qua
825 781 996 812 currus
1019 770 1216 827 spectet
1241 764 1456 812 eburnos
1476 783 1484 812 :

243 841 326 888 Sic
352 849 487 889 certe
512 843 561 888 in
587 842 750 905 patria
774 857 862 904 per
886 842 1035 888 breve
1061 847 1260 903 tempus
1287 857 1386 888 ero.

172 917 305 966 Vera
327 926 495 966 tamen
519 920 733 983 populus
759 919 926 982 capiet
951 919 1242 981 spectacula
1266 918 1403 975 felix,
1502 922 1563 966 65

241 994 480 1059 Laetaque
506 997 599 1044 erit
620 1013 840 1060 praesens
866 1013 981 1043 cum
1006 997 1134 1043 duce
1161 997 1309 1043 turba
1333 1013 1450 1044 suo:

174 1071 243 1119 At
267 1072 386 1119 mihi
411 1073 618 1136 fingenti
643 1080 853 1131 tantum,
882 1075 1132 1136 longeque
1157 1081 1364 1129 remoto,

239 1150 458 1197 Auribus
480 1152 560 1198 hic
586 1151 773 1198 fructus
800 1151 1153 1216 percipiendus
1180 1152 1299 1208 erit3

174 1225 344 1289 Atque
369 1229 541 1291 procul
568 1228 708 1275 Latio
733 1229 984 1276 diversum
1009 1228 1190 1275 missus
1217 1228 1266 1275 in
1288 1228 1460 1275 orbem

243 1302 343 1357 Qui
368 1312 535 1352 narrat
559 1305 756 1369 cupido,
784 1305 867 1351 vix
893 1305 1001 1361 erit,
1031 1305 1128 1352 ista
1151 1304 1300 1353 mihi:

1505 1309 1568 1352 70

176 1379 227 1427 Is
266 1396 468 1444 quoque
496 1383 599 1445 jam
635 1398 800 1430 serum
836 1382 1015 1430 referet
1040 1389 1361 1446 veteremque
1395 1384 1568 1430 trium-

243 1456 355 1511 Quo
379 1465 547 1506 tamen
574 1459 776 1506 audiero
795 1466 1036 1524 tempore,
1054 1460 1200 1507 laetus
1227 1476 1328 1508 ero.
1359 1461 1564 1524 [phum;

176 1534 271 1582 Illa
295 1535 402 1582 dies
427 1535 607 1592 veniet,
630 1553 743 1584 mea
768 1553 867 1599 qua
891 1537 1121 1599 lugubria
1146 1553 1344 1601 ponam,

245 1612 516 1676 Causaque
541 1614 732 1678 privata
756 1615 961 1678 publica
985 1615 1142 1677 major
1167 1615 1274 1662 erit.

175 1767 244 1787 voc.
261 1756 367 1788 multis
395 1756 543 1788 Heinsius
571 1757 706 1789 illustrat
733 1770 838 1790 exem—

176 1806 248 1848 plis,
277 1805 330 1837 alii
366 1808 453 1842 vitta,
481 1808 590 1842 malm,
621 1814 710 1844 mota,
747 1810 837 1844 rictu,

166 1858 294 1896 juncta,
310 1862 390 1892 uota,
401 1867 462 1897 quo
478 1856 590 1886 ultimo
606 1857 760 1887 vocabulo
775 1857 840 1888 Au-

177 1910 269 1946 gusto
288 1905 433 1936 adulatus
457 1905 576 1942 fuisset,
593 1906 647 1947 qui
667 1917 750 1948 saepe
768 1907 840 1938 Jovi

177 1954 308 1985 dederat
335 1955 468 1985 laurum.
509 1955 658 1986 HAnLEs.
718 1956 840 1986 Lam-ea

177 2010 254 2034 vota.
287 2004 325 2033 In
348 2003 529 2045 capitolium
552 2015 647 2045 quum
671 2009 751 2034 esset
766 2016 840 2035 ven-

178 2059 256 2089 tum,
266 2052 434 2094 imperator
444 2053 541 2084 victor
552 2053 623 2084 Diis
635 2053 752 2095 gratias
765 2065 837 2084 con—

177 2103 275 2144 ceptis
301 2101 401 2133 verbis
429 2103 554 2143 agebat.
597 2102 678 2133 Tum
703 2102 838 2133 victimae

178 2151 390 2187 caedebantur,
421 2157 452 2182 et
482 2162 595 2182 corona
630 2162 736 2188 aurea,
767 2163 838 2182 011111

178 2200 320 2242 pretiosis
342 2201 500 2231 manubiis
525 2206 556 2231 et
578 2201 685 2244 spoliis
716 2201 837 2243 opimis,

177 2250 249 2281 Jovi
277 2251 470 2287 sacrabatur,
498 2256 530 2281 et
559 2251 591 2281 in
626 2250 743 2291 gremio
772 2251 839 2292 ejus

178 2299 403 2341 deponebatur,
431 2300 480 2330 vel
508 2299 632 2341 templis
661 2298 837 2330 dicabatur.

182 2349 288 2380 Pom.

222 2398 276 2429 60.
305 2397 422 2440 Fugam]
461 2397 618 2436 Quoniam
654 2399 841 2438 invenietque

906 1762 983 1790 viam
1014 1760 1084 1800 (ubi
1117 1765 1222 1790 tamen
1252 1758 1381 1799 quidam
1408 1758 1479 1790 libri
1509 1761 1570 1790 inv.

905 1811 1023 1839 [citimus
1050 1809 1176 1843 habeut,
1198 1813 1230 1838 et
1254 1807 1404 1838 Heinsius
1426 1810 1571 1838 1111611191-

905 1869 960 1898 que
975 1860 1090 1889 aditum
1108 1857 1243 1887 scribere
1257 1856 1367 1898 jubet)
1384 1867 1454 1887 mox
1469 1857 1573 1898 sequi-

906 1912 966 1943 tur,
983 1909 1094 1937 Burni.
1108 1917 1180 1937 cum
1194 1906 1263 1936 cod,
1279 1906 1425 1937 Leidensi
1442 1911 1473 1936 et
1489 1907 1571 1936 mul-

906 1955 945 1986 tis
964 1955 1154 1986 editionibus
1175 1954 1402 1996 antiquioribus
1418 1953 1574 1996 rescripsit

898 2005 1004 2046 juga:
1029 2005 1113 2046 quod
1139 2005 1249 2035 vocab.
1270 2015 1324 2046 pro
1348 2004 1439 2035 celeri
1462 2003 1573 2035 itinere

906 2055 1021 2096 passim
1044 2053 1180 2095 ponitur.
1228 2053 1288 2083 Ille
1308 2053 1416 2084 laudat
1431 2054 1572 2084 Gronov.

907 2102 946 2133 ad
962 2104 1073 2134 Senec.
1086 2103 1217 2143 Thyest.
1230 2103 1306 2132 629.
1316 2102 1411 2132 Herc.
1422 2102 1487 2132 OEt.
1502 2102 1573 2131 140.

906 2152 991 2182 Serv.
1002 2151 1040 2182 ad
1054 2151 1141 2192 Virg.
1152 2151 1172 2182 i.
1187 2152 1303 2191 Georg.
1315 2152 1390 2180 286.
1422 2152 1571 2181 HAHLES.

951 2202 1003 2231 69.
1027 2200 1063 2231 In
1093 2202 1188 2230 orbem
1215 2199 1393 2240 diversum]
1434 2199 1472 2229 In
1496 2199 1571 2240 Scy-

906 2249 1004 2280 thiam
1026 2251 1133 2291 procul
1153 2249 1286 2291 positam
1307 2250 1346 2279 ab
1363 2248 1466 2283 Italia,
1484 2247 1573 2289 quasi

908 2309 945 2329 ea
961 2299 998 2330 sit
1015 2299 1094 2329 alter
1110 2298 1201 2329 orbis.

953 2348 1004 2377 73.
1022 2347 1084 2377 Illa
1101 2350 1161 2378 <lies
1180 2347 1302 2387 venien]
1330 2345 1437 2376 Scribe
1453 2347 1572 2377 veniat:

909 2402 955 2427 est
969 2397 1051 2427 enim
1067 2396 1213 2438 optantis.
1247 2396 1363 2426 mes.

1043 2789 1102 2819 Ta
