1760 3172
225 186 309 229 11ss

632 186 683 227 Ρ.
717 185 932 228 OVIDII
967 184 1250 228 NASONIS

231 300 303 348 Ut
327 300 488 364 possis
513 300 680 348 odisse
704 307 856 356 tuam,
880 299 1014 356 Pari,
1039 300 1212 348 funera
1235 300 1440 349 fratrum

298 377 557 424 Debueras
583 377 740 424 oculis
765 376 1085 424 substituisse
1112 377 1228 424 tuis.

228 453 383 500 Plura
405 454 731 516 loquebatur;
773 453 1026 517 placidum
1051 454 1254 516 puerilis
1282 453 1445 516 imago
1523 458 1619 502 575

298 529 542 578 Destituit
567 546 824 577 somnum:
866 530 906 576 si
932 529 1079 576 modo
1105 546 1307 577 somnus
1333 538 1455 578 erat.

230 605 363 660 Quid
389 606 600 654 faciam?
639 607 804 655 media
833 606 995 654 navim
1023 606 1288 654 Palinurus
1314 607 1363 654 in
1387 608 1520 654 unda

298 682 515 731 Deserit.
555 685 750 746 ignotas
773 700 924 746 cogor
949 683 1071 731 inire
1096 684 1216 731 viaS.

233 758 474 823 Quisquis
500 776 637 807 amas
659 761 793 823 (loca
817 760 923 807 sola
946 760 1150 821 nocent)
1171 761 1281 808 loca
1304 761 1409 808 sola
1433 767 1621 808 caveto.

296 834 408 889 Quo
432 836 597 899 fugis?
635 837 684 883 in
707 837 894 901 populo
921 836 1072 884 tutior
1096 852 1206 884 esse
1232 847 1392 900 poteS.

1528 840 1624 884 580

233 910 348 959 Non
374 913 463 959 tibi
489 913 697 961 secretis
724 914 934 975 (augent
959 920 1154 960 secreta
1176 912 1387 973 furores)

299 988 392 1036 Est
417 1006 542 1053 opus
566 1007 575 1037 :
616 989 802 1037 auxilio
827 990 974 1036 turba
997 988 1162 1035 futura
1185 989 1275 1036 tibi
1300 996 1394 1037 est.

230 1063 406 1112 Tristis
433 1066 546 1122 eris,
575 1066 616 1113 si
642 1067 776 1113 solus
803 1066 928 1114 eris:
964 1066 1281 1129 dominaeque
1306 1066 1494 1114 relictae

298 1140 431 1190 Ante
455 1144 626 1190 oculos
651 1143 804 1191 facies
831 1144 999 1199 stabit,
1027 1150 1083 1190 ut
1107 1144 1231 1207 ipsa,
1257 1151 1386 1191 tuos.
1530 1146 1625 1191 584

231 1216 440 1265 Tristior
464 1219 651 1267 idcirco
677 1236 778 1267 11οΧ
804 1227 896 1276 est,
925 1235 1077 1282 quam
1102 1227 1329 1285 tempora
1352 1219 1559 1268 Phoebi:

301 1293 425 1348 Quae
451 1296 637 1344 relevet
661 1297 842 1352 luctUS‚
870 1296 1018 1343 turba
1042 1296 1225 1343 sodalis
1252 1297 1411 1344 abest.

232 1368 342 1417 Nec
368 1369 484 1433 fuge
509 1372 814 1435 colloquium
837 1388 846 1419 :
888 1388 980 1419 nec
1007 1372 1072 1419 sit
1096 1373 1185 1420 tibi
1204 1374 1361 1436 janua
1383 1374 1580 1421 clausa:

297 1446 407 1494 Nec
431 1449 651 1496 tenebris
676 1449 843 1496 vultus
868 1449 1050 1497 flebilis
1077 1451 1206 1498 abde
1230 1458 1360 1498 tuos.

233 1521 443 1587 Semper
467 1525 596 1574 habe
622 1525 868 1588 Pyladen,
896 1527 982 1589 qui
1007 1528 1291 1575 consoletur
1317 1527 1548 1576 Oresten.

298 1599 394 1647 Hic
421 1618 622 1665 quoque
648 1602 878 1649 amicitiae
905 1619 1002 1650 non
1026 1604 1147 1651 levis
1174 1621 1292 1651 usus
1319 1604 1426 1652 erit.

1528 1606 1625 1652 590

230 1675 363 1730 Quid
389 1678 483 1725 nisi
509 1686 713 1727 secretae
739 1681 974 1728 laeserunt
999 1681 1238 1744 Phyllida
1262 1681 1431 1729 silvae?

297 1753 450 1803 Certa
470 1756 607 1804 necis
632 1773 811 1805 caussa
835 1765 912 1805 est
933 1775 942 1805 :
984 1757 1276 1805 incomitata
1299 1757 1407 1805 fuit.

231 1829 360 1887 Ibat,
387 1839 443 1879 ut
465 1832 642 1881 Edono
668 1834 885 1882 referens
911 1835 1163 1883 trieterica
1189 1835 1392 1883 Baccho

293 1906 373 1955 Ire
398 1909 525 1957 solet
547 1910 669 1958 fusis
694 1912 906 1960 barbara
928 1913 1075 1959 turba
1100 1911 1273 1959 comis.

225 2044 298 2076 Art.
325 2045 400 2077 Am.
424 2048 501 2078 541.
527 2047 610 2080 hanc
634 2059 707 2080 vero
732 2060 794 2080 non
822 2060 888 2081 esse

224 2093 325 2125 levem
350 2095 593 2128 sollicitudinem
616 2097 707 2129 docet
732 2098 890 2129 Lucianus

222 2143 258 2173 in
272 2144 396 2181 Toxari,
409 2156 481 2187 pag.
498 2146 571 2178 624.
614 2147 769 2178 Μάλιστα
786 2147 817 2178 δὲ
833 2148 890 2178 αὒ-

224 2194 295 2230 τὸν,
323 2194 403 2232 ἠνία
426 2195 574 2239 θυγατήρ
604 2196 701 2235 αὐτ-ἠ,
729 2196 891 2238 ἐπίγαμος

221 2241 284 2281 ἤδη
298 2244 351 2274 καὶ
363 2244 624 2283 ὀκτωκαιδεκάτις
635 2246 727 2277 οὖσα.
771 2246 886 2277 Burin.

266 2293 343 2323 573.
363 2293 487 2334 Posses]
507 2295 602 2326 Possis
617 2296 725 2326 iidem.
768 2296 887 2327 Hm-s.

265 2343 342 2373 574.
370 2344 561 2375 substituisse
585 2345 672 2386 ruia]
701 2346 796 2387 Lege,
820 2357 887 2385 pro-

218 2393 359 2429 posuisse.
406 2392 576 2434 Vulgatam
593 2401 698 2425 tamen
719 2394 886 2425 lectionem

219 2450 280 2470 non
311 2440 438 2473 damno.
485 2442 667 2474 sustinuisse
692 2443 778 2474 aliud
807 2443 884 2484 quid

218 2488 428 2529 significaret3
458 2491 497 2524 de
525 2503 587 2533 quo
615 2492 687 2524 vide
714 2492 753 2523 acl
783 2493 883 2534 Epist.

220 2538 286 2568 viii.
309 2540 362 2570 56.
388 2541 471 2582 quod
492 2541 542 2572 hic
565 2542 688 2573 admitti
708 2548 812 2584 posset
835 2549 882 2573 ta-

223 2597 305 2623 men,
325 2595 359 2620 ut
379 2591 499 2622 scilicet
522 2591 668 2623 Paridem
693 2592 883 2634 ignaviorem

220 2634 362 2673 inducat,
388 2640 441 2680 qui
462 2640 622 2672 debuisset
641 2641 755 2672 audere
779 2652 883 2673 coram

220 2686 358 2726 aspicere
373 2689 481 2721 funera
495 2690 637 2722 fratrum.
655 2691 709 2722 sed
722 2691 882 2732 vulgatam

218 2734 312 2766 etiam
327 2737 458 2775 retineo,
475 2739 533 2770 etsi
549 2740 747 2782 singulariter
762 2740 881 2773 dietum

1523 1914 1619 1959 594

957 2050 1009 2081 sit.
1055 2050 1172 2081 Brun.

1000 2101 1076 2131 589.
1102 2099 1221 2139 Semper
1236 2100 1308 2130 habe
1326 2099 1466 2140 Pyladen
1482 2098 1622 2139 aliquem,

957 2150 1007 2189 qui
1036 2155 1121 2179 curet
1150 2148 1302 2188 Orestem]
1347 2147 1409 2182 Qui
1442 2153 1470 2178 te
1501 2149 1620 2178 comite-

960 2206 1011 2228 tur
1033 2198 1160 2229 volebat
1186 2197 1350 2228 Francius.
1380 2196 1435 2227 sed
1466 2207 1523 2227 nec
1550 2196 1619 2228 vul-

954 2254 1028 2288 gata
1051 2247 1142 2278 facile
1167 2247 1355 2290 spernenda.
1404 2242 1543 2288 Pyladen
1559 2247 1619 2276 ali-

955 2309 1050 2338 quem,
1075 2303 1109 2327 ut
1136 2297 1215 2328 infra
1240 2297 1316 2327 741.
1346 2297 1456 2336 aliquis
1487 2295 1624 2326 Calchas.

955 2353 986 2377 et
1004 2347 1080 2381 Quis
1095 2346 1243 2385 Cephalus
1264 2345 1283 2376 i.
1298 2345 1404 2375 Amor.
1422 2344 1485 2375 xiii.
1500 2345 1552 2375 39.
1568 2343 1622 2375 ubi

955 2395 1025 2426 vide
1051 2406 1160 2426 curare
1186 2400 1291 2425 autem
1317 2394 1412 2425 etiam
1441 2403 1501 2424 11011
1524 2392 1622 2424 inele-
1674 2436 1681 2439 ι

952 2453 1074 2484 gauter,
1117 2455 1171 2485 pro
1208 2453 1298 2474 curas
1335 2443 1453 2478 levare,
1485 2442 1623 2474 reficere.

953 2493 1054 2524 Cicer.
1080 2493 1199 2535 Philip.
1224 2492 1269 2524 ix.
1296 2494 1326 2523 3.
1383 2492 1493 2522 Multis
1519 2493 1567 2522 illi
1588 2494 1619 2521 in

952 2544 1085 2579 urbibus,
1101 2544 1253 2583 reficiendi
1266 2554 1294 2573 se
1308 2549 1335 2573 et
1348 2543 1478 2573 cur-muli
1491 2548 1618 2581 potestas

941 2593 1025 2634 fuit.
1041 2598 1071 2623 et
1088 2592 1244 2634 proprium
1264 2602 1330 2623 esse
1352 2590 1542 2623 medicorum
1566 2601 1620 2621 no-

952 2647 1018 2672 tum
1034 2647 1093 2671 est.
1141 2642 1259 2672 Brun.

1008 2691 1084 2721 593.
1123 2690 1191 2720 Ibat
1228 2696 1264 2719 ut
1298 2688 1458 2729 AE‹1‹min.]
1502 2688 1621 2718 Edoni«)

951 2740 1069 2781 scripti,
1103 2739 1164 2775 vel,
1202 2740 1308 2770 Aonio.
1343 2737 1427 2780 quod
1463 2736 1618 2779 posterius
