1760 3172
343 162 653 206 TRISTIUM
685 162 806 204 LIB.
842 162 933 203 III.
968 162 1148 204 ELEG.
1182 162 1318 204 XIV.

1449 162 1534 204 265

144 278 237 326 Est
259 279 377 342 fuga
400 278 537 326 dicta
561 279 697 335 mihi,
726 295 824 326 non
850 284 928 326 est
950 278 1070 340 fuga
1094 278 1231 325 dieta
1253 278 1453 334 libellis,

210 355 308 410 Qui
332 355 519 402 domini
544 371 743 419 poenam
770 372 867 402 non
895 370 1118 401 meruere
1145 355 1266 418 pati.
1479 358 1537 402 lO

145 431 293 496 Saepe
317 448 407 496 per
431 439 683 479 extremas
711 432 949 496 profugus
975 438 1119 494 pater
1145 432 1343 478 exsulat
1369 447 1508 489 oras3

211 508 350 556 Urbe
376 515 544 556 tamen
569 509 699 556 natis
724 508 913 555 exsulis
940 523 1051 555 esse
1076 508 1211 555 licet.

142 584 364 633 Palladis
390 586 637 650 exemplo,
665 586 727 633 de
753 601 833 632 me
859 586 964 632 sine
989 591 1148 650 matre
1174 591 1342 632 ereata

210 663 449 710 Carmina
464 670 602 729 sunt3
628 664 783 727 'stirps
800 664 906 732 haee
925 662 1291 726 progeniesque
1312 678 1424 709 mea
1442 670 1534 711 est.

144 738 289 787 Hanc
319 740 410 787 tibi
444 740 740 787 commendo
762 758 772 788 :

345 824 501 873 rente,

798 734 943 803 squae,
976 755 1075 802 quo
1108 739 1266 801 magis
1300 740 1420 786 orba
1451 755 1537 803 pa-

1483 820 1540 864 15

212 893 322 942 Hoc
349 894 439 942 tibi
464 894 615 941 tutori
642 895 837 941 sarcina
861 896 1017 958 major
1042 895 1150 942 erit.

142 970 267 1018 Tres
292 971 413 1018 mihi
440 978 558 1018 sunt
583 971 688 1018 nati
715 972 945 1033 contagia
969 978 1138 1018 nostra
1163 971 1321 1018 secuti
1343 988 1351 1018 :

212 1047 413 1096 Caetera
436 1048 513 1096 fae
540 1064 670 1096 curae
697 1049 762 1096 sit
786 1048 877 1095 tibi
899 1050 1046 1096 turba
1073 1048 1267 1112 palam:

146 1124 278 1172 Sunt
296 1141 499 1188 quoque
519 1132 722 1173 mutatae
744 1133 819 1173 ter
839 1125 1062 1189 quinque
1083 1125 1333 1172 volumina
1352 1124 1537 1179 formae,

212 1201 452 1250 Carmina
475 1203 538 1250 de
564 1202 751 1250 domini
777 1203 950 1250 funere
975 1209 1118 1266 rapta
1144 1202 1248 1249 sui:
1477 1206 1541 1248 20

142 1278 274 1326 Illud
300 1296 426 1343 opus
452 1280 630 1344 potuit,
659 1280 699 1327 si
726 1297 825 1328 non
851 1281 986 1345 prius
1013 1281 1122 1344 ipse
1148 1281 1406 1344 perissem,

192 1356 411 1404 Certius
438 1373 467 1404 a
492 1373 688 1404 summa
712 1374 893 1404 nomen
918 1358 1104 1405 habere
1129 1373 1281 1403 manu
1306 1373 1314 1403 :

142 1432 190 1480 N
196 1450 291 1481 unc
313 1434 648 1482 incorrectum
674 1436 847 1499 populi
873 1435 1100 1498 pervenit
1125 1435 1175 1480 in
1200 1449 1312 1490 ora3

208 1509 268 1557 In
293 1511 467 1574 populi
493 1511 770 1574 quidquam
796 1511 838 1559 si
862 1519 1032 1559 tamen
1057 1528 1141 1559 ore
1166 1526 1333 1558 meum
1359 1518 1452 1558 est.

142 1586 252 1634 Hoc
278 1603 496 1651 quoque,
524 1589 694 1635 neseio
721 1577 860 1652 quid,
888 1589 1069 1635 nostris
1096 1588 1292 1652 adpone
1318 1587 1517 1643 libellis,

208 1664 419 1712 Diverso
444 1665 652 1712 missum
679 1667 814 1739 quod
840 1666 932 1713 tibi
959 1667 1020 1714 ab
1046 1666 1165 1713 orbe
1190 1664 1341 1712 venit.
1475 1668 1538 1712 26

142 1740 290 1796 Quod
312 1741 621 1805 quicumque
642 1739 791 1805 leget,
811 1743 852 1790 si
872 1743 984 1806 quis
1004 1743 1156 1805 leget,
1157 1727 1388 1791 ›aestimet
1406 1749 1539 1798 ante,

211 1818 566 1882 Compositum
593 1835 694 1882 quo
721 1820 786 1867 sit
811 1826 1054 1884 tempore,
1083 1814 1286 1883 quoque
1310 1819 1450 1876 loco;

140 1971 276 2004 lectione
294 1971 389 2003 unius
412 1972 530 2004 codicis
548 1974 682 2004 virorum
706 1974 806 2005 Hein-

140 2022 204 2054 sius
233 2021 457 2059 emendaturus
482 2028 559 2059 erat,
589 2025 730 2054 bonorum
757 2024 806 2054 vel

137 2073 279 2111 piorum„
316 2070 466 2102 HAnLEs.

186 2121 216 2151 8.
247 2121 358 2151 Retine
388 2132 493 2151 nomen
515 2123 548 2151 in
575 2123 649 2152 urbe
679 2122 803 2162 mentm]

143 2170 257 2211 Corpus
271 2170 369 2212 major
384 2181 455 2212 pars
467 2176 627 2210 veterum;
652 2177 760 2212 argute
776 2177 807 2202 et

140 2229 230 2250 vere:
261 2218 305 2249 sic
335 2219 393 2249 lib.
423 2219 455 2250 ii.
484 2219 523 2250 de
554 2220 677 2262 seriptis
701 2219 807 2261 Virgi-

142 2268 248 2304 lianis‚
264 2278 327 2298 ver.
344 2268 407 2298 533
423 2280 429 2297 z

187 2317 252 2347 Nec
268 2317 383 2357 legitur
395 2328 466 2356 pars
487 2318 554 2348 ulla
573 2319 669 2360 magis
687 2320 723 2349 de
744 2329 808 2349 cor-

268 2376 339 2404 pore
355 2372 425 2402 toto,

233 2413 331 2448 Quum
345 2425 402 2444 non
418 2415 811 2458 legiiimofoederejunctus

273 2474 366 2494 umor.

190 2513 240 2543 13.
265 2512 405 2543 Palladis
429 2515 585 2555 exempla]
619 2514 723 2545 Tertio
751 2515 808 2545 Fa-

145 2568 274 2598 storum,
290 2572 354 2593 ver.
370 2562 445 2592 841:

187 2611 251 2641 Aut
262 2612 333 2651 quia
343 2612 378 2641 de
388 2610 587 2652 capitisfertu
595 2623 620 2648 r,
632 2614 695 2643 sine
707 2619 810 2647 matre,

274 2661 397 2699 paterni

235 2708 360 2746 Vertice,
371 2720 435 2741 cum
453 2711 554 2751 clypeo
567 2711 738 2751 prosiluisse
750 2722 811 2746 suo,

875 1974 958 2005 unde
980 1980 1011 2005 et
1033 1973 1166 2016 ἀμάτωρ
1184 1972 1305 2004 Graecis
1327 1972 1433 2011 dicta3
1466 1973 1541 2014 quia

875 2023 1036 2065 Sapientia
1051 2023 1145 2054 solius
1158 2022 1221 2053 Dei
1235 2033 1348 2053 munus
1365 2022 1415 2058 sit,
1430 2027 1543 2054 etcum

873 2074 1036 2115 voluptate
1046 2072 1182 2114 corporis
1193 2083 1255 2103 non
1263 2072 1423 2103 consistat.
1440 2074 1544 2109 Quam

874 2125 912 2153 ob
941 2134 1079 2159 causam,
1109 2123 1220 2153 Musas
1249 2133 1374 2163 quoque
1407 2122 1543 2163 virgines

875 2172 966 2203 finxit
981 2171 1165 2212 antiquitas.
1214 2171 1318 2201 PoxT.

922 2222 972 2251 17.
1001 2221 1071 2251 Tres
1086 2221 1240 2250 miliisunt
1257 2219 1350 2258 until]
1375 2219 1450 2249 Tres
1468 2218 1538 2248 illos

877 2271 916 2302 de
931 2271 1007 2301 Arte
1023 2270 1148 2301 amandi
1163 2269 1259 2299 libros
1274 2268 1440 2310 significat.
1466 2268 1544 2298 Fra-
1558 2285 1564 2287 -

878 2327 947 2357 tres,
968 2331 1048 2351 unus
1069 2319 1267 2350 Gallicanus.
1316 2318 1463 2359 Coniugia
1491 2330 1543 2347 im-

877 2376 950 2399 stra.
996 2369 1112 2398 Nostra
1134 2367 1234 2397 mala:
1269 2377 1341 2397 nain
1368 2372 1399 2396 et
1421 2366 1479 2407 ipsi
1505 2377 1541 2397 ex

879 2419 955 2448 urbe
971 2416 1063 2459 ejecti
1081 2422 1163 2447 sunt.

927 2468 975 2498 19.
990 2466 1217 2506 Suntquoque]
1234 2466 1316 2506 Lege
1328 2465 1414 2501 Sinc;
1433 2475 1544 2506 nempe

878 2527 959 2547 curae
977 2514 1044 2545 tibi.
1091 2515 1211 2544 mes.

922 2565 974 2594 20.
992 2565 1038 2594 De
1053 2562 1314 2605 dombzifunere]
1338 2563 1447 2594 Subita
1461 2562 1543 2593 enim

878 2613 1067 2654 relegatione
1098 2624 1176 2654 opus
1206 2612 1286 2643 illud
1308 2612 1545 2644 inemendatum

881 2662 1028 2693 emissum
1044 2667 1101 2693 est.
