1760 3172
232 168 318 210 240

622 167 672 208 Ρ.
707 166 922 208 OVIDII
971 167 1253 210 NASONIS

235 283 294 329 Id
321 297 524 345 quoque
548 281 589 328 si
615 281 813 336 scisses,
841 282 976 329 salvo
999 282 1215 331 fruerere
1241 283 1416 338 sodali,

301 359 625 422 Consilioque
650 358 805 406 forem
831 375 1022 422 sospes,
1049 359 1224 415 amice,
1251 368 1353 407 tuo.

234 437 337 484 Sed
357 451 470 483 mea
486 451 566 482 me
589 435 637 481 in
657 450 855 498 poenam
877 435 1108 482 nimirum
1130 435 1232 482 fata
1250 436 1541 492 trahebant;
1570 437 1628 482 15

299 518 462 560 (Anne
487 513 631 559 bonae
657 512 899 558 claudunt
922 512 1149 559 utilitatis
1173 512 1282 559 iter.

234 590 348 638 Sive
373 589 559 637 malum
584 588 723 651 potui
749 594 918 635 tamen
942 588 1035 634 hoc
1060 587 1216 635 vitare
1240 587 1491 643 cavendo3

300 667 401 715 Seu
426 666 550 713 ratio
575 665 729 713 fatum
754 665 951 712 vincere
976 664 1112 711 nulla
1135 665 1292 711 valet:

231 743 307 790 Tu
331 751 514 797 tamen,
542 758 570 789 o
596 741 740 789 nobis
767 757 862 788 usu
881 740 1200 804 junctissime
1226 741 1390 802 longo,

297 819 423 867 Pars
448 818 682 866 desiderii
707 818 928 865 maxima
951 833 1096 880 paene
1123 817 1237 872 mei,
1561 819 1626 862 20

233 897 312 944 Sis
340 911 527 944 memor
544 913 566 958 ᾗ·
595 901 661 950 et,
691 895 730 942 si
758 911 883 957 quas
909 894 1027 941 fecit
1052 893 1142 941 tibi
1169 893 1328 956 gratia
1349 893 1496 949 vires,

300 973 418 1020 Illas
443 988 533 1036 pro
547 963 701 1019 ¹'nobis
727 972 984 1035 experiare
1010 987 1156 1033 rogo:

233 1049 464 1097 Numinis
490 1055 546 1113 ut
569 1048 674 1094 laesi
700 1048 787 1094 fiat
812 1048 1116 1095 mansuetior
1141 1047 1226 1101 ira,

299 1110 603 1187 Mutato‘due
629 1124 789 1170 minor
815 1124 879 1171 sit
905 1140 1017 1171 mea
1040 1139 1188 1186 poena
1209 1123 1346 1170 loco!

232 1202 394 1264 quue
420 1201 503 1256 ita,
532 1201 573 1246 si
599 1201 789 1247 nullum
811 1201 975 1247 scelus
1002 1208 1079 1248 est
1105 1201 1154 1246 in
1179 1207 1381 1263 pectore
1407 1206 1602 1256 nostr03

296 1277 706 1340 Principiumque
732 1276 829 1324 mei
854 1276 1073 1323 criminis
1100 1291 1234 1323 error
1258 1276 1426 1322 habet.
1555 1278 1619 1323 26

232 1355 340 1402 Nec
358 1355 480 1410 leve,
505 1369 596 1400 nec
618 1360 783 1399 tutum
808 1340 1019 1417 esnhuo
1039 1352 1138 1399 sint
1155 1368 1282 1407 mea,
1300 1352 1481 1414 dicere,
1503 1369 1622 1401 casu

299 1431 509 1478 Lumina
532 1430 716 1477 funesti
743 1428 947 1478 conscia
969 1429 1103 1477 facta
1126 1430 1258 1477 mali.

232 1508 483 1571 Mensque
509 1506 811 1563 reformidat,
837 1507 989 1555 veluti
1015 1523 1106 1554 sua
1128 1507 1347 1562 vulnera,
1375 1514 1574 1571 tempus

298 1584 428 1631 Illud
445 1579 486 1656 ;J
498 1590 549 1631 et
573 1583 829 1631 admonitu
855 1583 910 1631 fit
934 1599 1088 1631 novus
1115 1583 1222 1646 ipse
1247 1583 1401 1629 dolor.
1556 1585 1621 1630 30

451 1678 461 1698 Δ

273 1818 322 1849 17.
369 1818 479 1849 Tamen
520 1819 600 1859 hoa]
649 1820 801 1861 Suspecta
841 1826 888 1851 est

226 1867 356 1898 Heinsio
389 1867 531 1910 repetitio
564 1874 677 1903 tamen,
710 1874 741 1899 et
776 1869 886 1899 Burm.

225 1916 362 1958 corrigit,
377 1923 495 1947 tuntum
518 1918 624 1947 vicar-e.
670 1917 826 1958 Equidem
843 1917 886 1948 nil

225 1971 390 1997 mutarem.
436 1967 524 1996 Sens.
564 1966 632 1997 Tuo
647 1966 775 1997 consilio
791 1967 885 1998 sorem

225 2025 331 2057 sospes
342 2016 423 2056 (ver.
441 2015 508 2055 14.)
522 2021 577 2046 aut
591 2025 648 2056 ego
664 2020 770 2046 tamen
784 2015 885 2057 provi-

224 2063 331 2094 dentia
351 2070 382 2094 et
406 2063 529 2094 cautius
551 2063 672 2105 agendo
690 2063 769 2094 illud
787 2063 884 2095 vitare

224 2113 310 2154 potui
344 2112 520 2153 [eleganter
548 2123 602 2154 pro
629 2112 800 2152 potuissem]
833 2118 886 2142 aut

225 2161 313 2192 nulla
335 2161 501 2203 prudentia
526 2162 605 2191 valet
628 2161 725 2191 fatum
749 2161 886 2192 vincere.

225 2209 299 2240 Vim
314 2220 467 2251 usumque
483 2211 540 2241 τοῦ
559 2211 655 2241 calere
667 2210 758 2240 docet
771 2210 886 2241 Cellar.

224 2259 256 2290 in
283 2259 493 2290 Antibarbaro
517 2270 548 2301 p.
576 2260 648 2290 188.
685 2259 768 2290 Ienae
794 2259 886 2290 1745.

226 2308 375 2339 Hanus.

271 2358 322 2388 18.
337 2357 393 2387 Seu
410 2356 629 2398 ratiofatum]
649 2356 696 2386 Ex
712 2356 886 2387 Stoicorum

224 2405 391 2441 sententia,
408 2405 521 2436 Fatum
545 2415 612 2436 esse
635 2404 816 2436 inevitabile
838 2405 886 2435 di-

226 2454 280 2485 cit.
326 2454 377 2485 De
388 2453 417 2485 vi
430 2460 545 2490 autem,
559 2461 590 2485 et
602 2453 671 2485 Fati
687 2454 883 2491 necessitate,

227 2503 298 2534 vide
315 2502 399 2533 Gell.
414 2503 470 2533 lib.
484 2502 525 2533 vi.

268 2553 320 2582 21.
348 2551 399 2588 Et,
414 2554 437 2582 si
455 2563 527 2592 quas
540 2552 622 2592 fecit
647 2553 700 2582 tibi
719 2553 822 2593 gratia
841 2554 883 2582 vi-

225 2601 298 2641 res.]
324 2600 356 2631 Si
381 2601 456 2642 quid
478 2601 564 2632 vales
586 2602 687 2642 gratia
711 2600 794 2643 apud
815 2601 885 2632 Cae-

225 2660 335 2681 sarem.
379 2650 614 2681 Mem-Vires.
657 2650 885 2681 Auctoritatem

225 2709 296 2729 cum
306 2703 458 2740 potestate
465 2698 598 2741 juvandi
607 2699 734 2730 amicos.
757 2699 885 2729 Bsnsu.

999 1821 1050 1851 26.
1068 1820 1108 1850 V.
1124 1820 1213 1860 Eleg.
1234 1818 1369 1861 praeced.
1383 1829 1412 1848 v-
1427 1819 1480 1849 52.
1495 1818 1527 1849 ii.
1545 1819 1621 1850 207.

957 1868 1206 1909 Principiumque
1249 1878 1311 1898 non
1350 1872 1504 1898 mutasem
1546 1877 1619 1898 cum

955 1917 1097 1953 Heinsio,
1137 1917 1190 1959 qui
1230 1918 1476 1957 pra-cipuumque
1517 1916 1618 1948 mah't.

956 1967 1039 1998 Nam
1054 1966 1225 2008 Augustus,
1242 1966 1378 1996 obscena
1395 1965 1535 1996 carmina
1550 1976 1618 1997 esse

955 2015 1055 2046 exsilii
1071 2025 1227 2051 caussam,
1241 2014 1438 2056 potissimum
1458 2013 1597 2046 edixerat
1609 2026 1619 2054 ς

956 2071 987 2095 at
1004 2064 1148 2100 Ovidius,
1165 2065 1218 2106 qui
1238 2074 1380 2095 caussam
1402 2070 1531 2095 noverat
1551 2075 1616 2096 me-

953 2114 1072 2150 liorem,
1081 2123 1212 2144 errorem
1221 2113 1382 2155 (quisquis
1389 2112 1441 2143 ille
1452 2112 1526 2153 suit)
1534 2114 1618 2155 prin-

954 2163 1071 2205 cipium
1086 2163 1179 2193 fuisse
1194 2162 1332 2193 criminis
1345 2162 1500 2192 adfirmat.
1538 2163 1617 2194 Ver·

954 2222 1006 2242 sus
1021 2221 1110 2253 seqq.
1125 2218 1156 2242 et
1172 2211 1264 2242 Pont.
1284 2212 1306 2241 i.
1325 2211 1355 2241 6.
1371 2211 1424 2241 21.
1443 2211 1543 2252 magis
1559 2211 1617 2244 hoc

955 2260 1149 2291 confirmant.
1195 2260 1344 2290 Harmas.

997 2309 1050 2340 29.
1076 2309 1201 2349 Tempus
1216 2308 1324 2349 illud]
1351 2308 1423 2345 Quo
1436 2309 1617 2349 Augustum

955 2358 1031 2393 laesi,
1047 2358 1177 2400 ejusque
1191 2357 1268 2387 iram
1281 2357 1313 2387 in
1325 2367 1375 2388 me
1389 2357 1556 2388 concitavi.

999 2407 1051 2437 30.
1070 2406 1189 2449 Dolor-J
1218 2406 1304 2437 Bene
1317 2405 1396 2437 dixit
1411 2407 1507 2442 dolor,
1518 2416 1617 2448 quum

953 2455 1175 2486 antecederent
1220 2456 1368 2492 vulnera,·
1407 2460 1439 2485 at
1476 2454 1616 2496 quinque

953 2504 1044 2534 codd.
1059 2505 1167 2544 pudor.
1214 2507 1233 2520 “
1247 2503 1339 2540 Quod
1355 2503 1380 2534 si
1402 2502 1614 2539 admittamus,

953 2552 1055 2594 inquit
1068 2552 1227 2589 Heinsius,
1243 2563 1377 2594 sequens
1389 2551 1544 2583 distichon
1558 2552 1616 2583 erit

953 2599 1132 2637 delendum,
1155 2601 1237 2643 quod
1257 2612 1319 2632 non
1339 2611 1401 2632 uno
1424 2600 1548 2632 nomine
1568 2607 1616 2632 est

953 2650 1164 2691 suspectum.”
1210 2650 1273 2681 Sed
1296 2660 1399 2691 neque
1419 2649 1613 2685 Burmannu,

955 2709 1055 2740 neque
1070 2698 1145 2730 mihi
1161 2699 1205 2730 ita
1219 2698 1350 2731 videtur.
1395 2698 1543 2729 HAnLes.
