1760 3172
216 184 300 226 438
603 185 653 227 Ρ.
686 185 898 228 OVIDII
934 186 1210 229 NASONIS

220 300 394 347 Redde
419 301 604 356 vicem3
645 308 709 356 et,
738 302 972 364 quoniam
999 303 1132 364 regio
1158 302 1345 350 felicior
1371 303 1464 350 ista
1491 312 1583 357 cst,

290 377 391 424 {llic
419 393 494 424 me
521 377 723 425 memori
750 386 950 441 pectore
975 395 1172 442 semper
1198 380 1341 427 habe.

621 693 1054 741 EPISTOLA
1106 694 1199 741 XI.

815 827 1000 869 RUFO.

218 928 333 975 Hoc
361 928 466 983 tibi,
490 927 637 984 Rufe,
658 928 794 976 brevi
819 936 1140 992 properatum
1165 937 1388 992 tempore
1414 931 1565 977 mittit.

282 1005 434 1061 Naso,
462 1022 634 1069 parum
659 1005 832 1053 faustae
858 1007 1083 1053 conditor
1109 1006 1260 1062 Artis,
1286 1023 1438 1070 opus:

216 1083 302 1139 Ut,
330 1099 616 1147 quanquam
640 1084 785 1146 longe
811 1090 916 1130 toto
943 1100 1112 1130 sumus
1138 1083 1256 1131 orbe
1282 1084 1472 1138 remoti,

281 1159 419 1207 Scire
445 1167 611 1207 tamen
637 1160 798 1224 possis
824 1177 912 1207 nos
938 1160 1223 1208 meminisse
1249 1160 1337 1207 tui.

215 1236 442 1284 Nominis
468 1244 581 1285 ante
606 1238 702 1285 mei
721 1238 922 1286 venient
946 1238 1127 1286 oblivia
1152 1237 1310 1293 nobis,
1569 1242 1595 1285 5

279 1313 491 1362 Pectore
516 1331 667 1378 quam
692 1316 852 1379 pietas
879 1316 944 1363 sit
966 1323 1052 1363 tua
1075 1317 1220 1380 pulsa
1243 1331 1369 1362 meo.

213 1389 278 1437 Et
301 1391 438 1455 prius
463 1392 590 1440 hanc
617 1393 832 1440 animam
859 1409 1039 1441 vacuas
1064 1393 1332 1441 reddemus
1357 1391 1407 1438 in
1433 1408 1592 1448 auras,

279 1467 441 1522 Quam
465 1469 553 1516 fiat
576 1470 736 1517 meriti
762 1469 919 1532 gratia
942 1486 1068 1518 vana
1092 1469 1181 1517 tui.

212 1545 412 1594 Grande
422 1563 544 1594 voco
561 1548 805 1612 lacrymas
822 1548 1068 1604 meritum,
1082 1547 1264 1611 quibus
1280 1562 1364 1595 ora
1379 1546 1591 1609 rigabas,

277 1621 444 1676 Quum
469 1639 581 1671 mea
604 1633 839 1673 concreto
865 1625 1000 1673 sicca
1023 1625 1191 1672 dolore
1216 1623 1392 1671 forent.
1537 1627 1594 1670 lO

211 1700 412 1748 Grande
433 1717 556 1749 voco
582 1702 827 1758 meritum,
855 1710 1044 1750 moestae
1071 1701 1248 1749 solatia
1272 1700 1468 1756 mentis,

276 1776 443 1831 Quum
467 1779 652 1842 pariter
676 1779 818 1826 nobis
843 1780 928 1827 illa
951 1779 1142 1843 tibique
1167 1779 1328 1825 dares.

211 1855 400 1918 Sponte
416 1855 635 1919 quidem,
653 1874 741 1921 per
757 1874 911 1921 seque
932 1874 1044 1905 mea
1058 1864 1135 1904 est
1152 1854 1417 1903 laudabilis
1437 1871 1561 1901 uxor
1579 1874 1588 1912 3

275 1931 546 1980 Admonitu
572 1934 744 1982 melior
767 1936 822 1983 fit
847 1942 1013 1983 tamen
1038 1936 1123 1982 illa
1142 1941 1244 1981 tuo.

211 2008 444 2072 Namque
463 2010 597 2072 quod
620 2010 915 2060 Hermiones
934 2012 1114 2060 Castor
1140 2010 1246 2066 fuit,
1270 2008 1456 2057 Hector
1478 2009 1588 2066 Iuli,

277 2085 385 2133 Hoc
411 2102 504 2149 ego
529 2094 579 2134 te
604 2088 741 2135 laetor
762 2089 987 2152 conjugis
1013 2105 1124 2136 esse
1149 2103 1289 2135 meae.
1534 2090 1590 2133 16

206 2283 360 2319 credibili,
374 2284 511 2316 medium
527 2286 660 2327 spatium
673 2289 864 2320 transvolans
936 2292 987 2322 Fit
1007 2296 1118 2325 melior.
1166 2296 1322 2328 Redditur
1351 2297 1451 2338 magis
1478 2297 1591 2339 pudica

207 2331 238 2384 in
263 2332 361 2363 Getas
379 2334 475 2365 venis.
520 2334 565 2366 At
591 2336 770 2369 Burmanno
796 2339 864 2380 jure
933 2341 990 2372 hoc
1028 2348 1163 2385 tempore
1201 2356 1263 2387 quo
1306 2348 1345 2378 ab
1386 2347 1460 2377 urbe
1498 2347 1589 2377 absu-

207 2380 303 2412 1nvito
318 2394 324 2411 :
348 2382 402 2423 qui
418 2383 522 2419 docet,
540 2387 630 2420 visus,
643 2388 865 2428 missusjizssus
932 2401 1010 2422 mus.

207 2430 320 2472 saepius
335 2432 493 2464 confundi.
531 2434 678 2466 mnus.
978 2441 1028 2471 15.
1047 2442 1182 2483 Namque
1200 2446 1275 2484 quod
1303 2445 1462 2476 Hermione
1485 2446 1588 2475 (fastm-

920 2488 1019 2530 [μὴ]
1044 2492 1211 2524 Hermione
1232 2493 1295 2524 filia
1310 2493 1368 2524 suit
1383 2493 1523 2529 Helenae,
1540 2505 1587 2525 so-

252 2530 301 2561 ll.
323 2530 433 2562 Moeszae
452 2533 560 2563 solatia
584 2534 718 2575 mentis]
745 2534 862 2567 Conso·
931 2539 1004 2570 roris
1019 2540 1165 2572 Castoris.
1202 2543 1313 2573 Castor
1328 2554 1400 2580 ergo
1415 2544 1588 2574 avunculus

207 2577 336 2610 lationes
357 2585 426 2611 tuas
445 2580 601 2613 adhibitas
622 2585 813 2615 conturbata:
831 2591 862 2616 et
930 2587 987 2618 fuit
1003 2589 1196 2622 Hermiones.
1236 2592 1347 2623 Hector
1369 2592 1446 2623 Iulo.
1470 2593 1587 2623 Hector

204 2635 407 2660 consternata*
429 2632 525 2662 menti
545 2641 621 2662 meae
642 2639 765 2674 propter
784 2635 862 2666 rele-
929 2637 1020 2669 frater
1056 2639 1114 2670 fuit
1151 2641 1288 2677 Creusae,
1327 2642 1430 2672 uxoris
1464 2642 1584 2676 AEneae,

205 2677 370 2717 gationem.
928 2689 1101 2718 avunculus
1122 2689 1261 2724 Ascanii,
1292 2690 1345 2730 qui
1374 2690 1469 2721 etiam
1496 2690 1584 2720 Iulus

252 2727 299 2758 14.
324 2729 487 2759 Admonitu
514 2730 594 2770 tum]
626 2732 693 2762 Tuo
724 2732 859 2764 consilio.
929 2734 1104 2776 adpellatus
1120 2737 1188 2767 fuit.
