1760 3172
251 203 307 242 44
634 202 681 241 Ρ.
717 201 931 243 OVIDII
965 201 1244 244 NASONIS

252 314 506 369 Quantum
531 317 579 362 in
605 323 669 371 te,
691 315 903 371 Theseu,
929 317 1151 364 volucres
1178 317 1394 364 Ariadna
1419 320 1630 365 marinas

318 391 478 447 pavit,
506 392 554 438 in
579 393 745 454 ignoto
771 393 876 439 sola
900 393 1071 440 relicta
1094 395 1219 441 loco.

1566 400 1630 442 36

251 467 446 524 Quaere,
473 484 647 515 novem
672 484 758 515 cur
783 469 881 516 isse
906 470 1008 516 vias
1033 470 1242 526 dicatur,
1269 479 1319 517 et
1343 472 1455 518 audi

317 544 572 608 Depositis
598 546 743 592 silvas
771 546 1006 610 Phyllida
1029 547 1176 594 flesse
1201 548 1371 594 comis,

250 620 318 668 At
340 621 521 668 famam
545 622 743 685 pietatis
769 622 946 678 habet3
988 629 1153 670 tamen
1181 623 1361 686 hospes
1387 631 1437 670 et
1460 641 1630 671 ensem

319 697 554 755 Praebuit,
581 705 632 746 et
655 715 883 746 caussam
908 699 1095 755 mortis,
1122 699 1301 755 Elissa,
1328 707 1443 748 tuae.

1566 704 1630 747 40

250 773 383 828 Quid
407 791 492 822 vos
518 775 802 838 perdiderit,
829 775 1026 822 dicam?
1063 775 1290 823 nescistis
1316 792 1496 823 amare.

316 851 487 898 Defuit
512 868 588 899 ars
613 853 768 899 vobis.
807 860 911 900 arte
936 859 1176 916 perennat
1199 868 1350 899 amor.

251 926 397 974 Nunc
423 944 623 991 quoque
649 928 922 976 nescirent:
963 929 1052 975 sed
1076 945 1156 976 me
1178 929 1429 992 Cytherea
1451 929 1629 976 docere

313 1003 344 1050 J
349 1004 500 1052 ussit:
540 1012 590 1051 et
614 1012 728 1052 ante
753 1006 921 1052 oculos
947 1005 1169 1052 constitit
1192 1006 1301 1068 ipsa
1325 1021 1477 1052 meos.

247 1079 375 1127 Turn
398 1082 534 1137 mihi,
563 1081 697 1136 Quid
721 1083 929 1135 miserae,
956 1082 1099 1138 dixit,
1127 1098 1349 1129 meruere
1374 1082 1585 1146 puellae?

312 1156 542 1204 Traditur
565 1158 765 1205 armatis
789 1159 966 1220 vulgus
990 1159 1177 1206 inerme
1201 1159 1331 1206 viris.

1565 1161 1628 1204 46

248 1233 365 1281 Illos
391 1235 603 1282 artifices
628 1236 811 1299 gemini
836 1235 998 1283 fecere
1021 1235 1202 1283 libelli:

313 1309 436 1357 Haec
461 1327 661 1374 quoque
686 1328 799 1375 pars
826 1312 1023 1359 monitis
1050 1313 1320 1359 erudienda
1343 1313 1457 1359 tuis.

247 1387 435 1434 Probra
458 1388 779 1453 Therapnaeae
805 1389 890 1452 qui
915 1390 1115 1437 dixerat
1138 1396 1252 1436 ante
1277 1389 1480 1444 maritae,

310 1464 435 1512 Mox
461 1466 642 1514 cecinit
665 1467 836 1514 laudes
862 1467 1172 1530 prosperiore
1196 1466 1319 1529 lyra.

286 1608 340 1638 37.
367 1607 485 1645 Quaere,
500 1620 601 1640 novem
620 1621 676 1640 cur
696 1612 748 1640 isse
765 1611 841 1641 vices
855 1611 902 1640 ‹ii-

243 1663 341 1693 ratur,
357 1664 385 1688 et
404 1658 505 1698 audi]
532 1658 668 1690 Remed.
685 1658 793 1689 Amor.
810 1661 862 1690 55.

291 1707 410 1737 Viaisset
428 1707 557 1748 Phyllis,
570 1710 594 1739 si
613 1720 659 1739 me
671 1708 758 1750 foret
773 1720 826 1739 usa
841 1720 901 1739 ma-

372 1758 480 1797 gistm,

331 1805 370 1834 Et
391 1816 444 1844 per
467 1808 543 1846 quod
569 1808 677 1842 novies,
698 1808 801 1847 saepius
825 1808 901 1843 isset,

370 1855 441 1885 iter.

244 1909 276 1933 et
289 1908 399 1944 postea
413 1904 486 1934 599.

286 1951 385 1982 Limes
403 1959 469 1982 erat
493 1955 600 1989 tenuis,
617 1952 707 1994 langii
725 1954 902 1984 subnubilus

368 2001 486 2037 umbrd,

330 2050 396 2084 Quo
418 2051 491 2080 tulit
513 2052 567 2080 itta
583 2061 649 2081 suos
669 2053 708 2081 ud
729 2063 810 2082 mare
829 2063 901 2092 saepe

368 2100 466 2138 pedes.

288 2148 375 2177 Nona
388 2149 538 2178 terebatur
554 2150 664 2179 miserm
679 2151 737 2180 via.

220 2185 229 2198 ¹
243 2196 366 2227 Alludit
381 2197 420 2228 ad
436 2197 538 2228 vicum
555 2196 587 2228 in
601 2198 747 2234 Thracia,
763 2199 815 2239 qui
829 2199 899 2230 inde

241 2246 344 2277 dictus
359 2245 452 2277 ἐννέα
467 2245 584 2288 δρόμοι,
604 2252 711 2288 postea
725 2247 898 2289 Amphipo-

242 2295 299 2334 lis3
322 2295 411 2337 cujus
426 2295 605 2337 Geographi
621 2296 736 2337 passim
751 2297 899 2327 memine-

241 2350 324 2376 runt.
359 2344 398 2375 de
425 2343 542 2385 origine
572 2345 705 2376 nominis
728 2346 795 2388 jam
824 2346 901 2378 dixi.

242 2393 416 2425 Coluthus:

283 2441 444 2479 Φὺλλιδος
489 2440 692 2474 ἀντέλλοντα
727 2443 899 2486 φιλήνορος

325 2490 432 2533 ἔδρακε
449 2490 586 2532 τύμβον,

285 2541 350 2571 Καὶ
363 2539 480 2581 δρόμον
503 2539 720 2572 ἐννεάκυκλον
734 2539 900 2581 ἀλήμονος

326 2587 382 2619 εἶδε
398 2588 559 2619 κελεύθου.

240 2643 272 2667 et
287 2647 355 2678 quae
371 2643 553 2677 sequuntur.
598 2637 742 2678 Hyginus
754 2638 827 2668 Fab.
843 2637 897 2668 lix.

240 2687 279 2718 de
295 2685 439 2727 Phyllide
455 2693 486 2716 et
500 2687 754 2728 Demophoonte:
774 2687 834 2721 Qui
849 2689 897 2718 die

241 2735 400 2766 constitum
420 2747 484 2764 cnm
508 2748 563 2765 mvn
583 2738 715 2770 venissel.
733 2738 786 2766 illa
804 2748 834 2766 eo
849 2738 896 2767 die

1565 1468 1629 1511 50

966 1611 1082 1641 dicitur
1096 1612 1193 1640 novies
1207 1611 1246 1640 ad
1261 1610 1348 1639 littus
1360 1611 1538 1644 cucurrisse,
1552 1611 1629 1649 quod

968 1670 1002 1690 ex
1025 1670 1060 1690 ea
1082 1657 1233 1696 ἐννέαδος
1258 1658 1362 1689 Groece
1383 1659 1567 1698 appellatur.
1597 1664 1627 1688 et

967 1708 1012 1739 sic
1026 1709 1113 1739 locus
1129 1708 1154 1739 is
1165 1708 1261 1739 etiam
1271 1707 1428 1749 Hesychio
1440 1707 1628 1749 appellatur,

968 1768 1039 1788 cum
1050 1756 1120 1788 aliis
1132 1756 1227 1788 ἐννέα
1237 1756 1304 1788 ὅδοι
1318 1757 1451 1793 dicatur,
1463 1762 1497 1787 ut
1504 1757 1570 1798 jam
1584 1758 1627 1787 vi—

968 1806 1083 1838 dimus.
1110 1812 1205 1847 atque
1216 1805 1262 1837 ita
1274 1811 1337 1836 tam
1353 1806 1385 1836 in
1394 1806 1521 1847 Hygino
1533 1817 1627 1848 quam

969 1855 1127 1897 Hesychio
1137 1855 1258 1886 videtur
1268 1855 1494 1896 corrigendum.
1512 1856 1628 1886 HmNs.

1011 1905 1065 1935 49.
1092 1905 1208 1934 Probra
1235 1904 1431 1943 Therapnoeae,
1454 1904 1534 1944 δια]
1560 1906 1627 1935 Ste-

967 1953 1123 1984 sichorum
1148 1959 1271 1995 poetam
1294 1953 1448 1994 designat,
1465 1964 1557 1994 quem
1583 1955 1626 1985 fe-

967 2008 1049 2038 runt,
1073 2013 1168 2044 quum
1197 2002 1385 2033 maledicum
1414 2001 1447 2032 in
1472 2003 1627 2034 Helenam

966 2062 1092 2082 carmen
1121 2058 1152 2083 et
1181 2051 1440 2082 contumeliosum
1470 2053 1626 2095 conscrip-

966 2101 1066 2137 sisset,
1095 2101 1215 2132 tamdiu
1241 2100 1340 2131 oculis
1369 2106 1496 2142 captum
1522 2101 1626 2137 fuisse,

967 2150 1069 2191 quoad
1085 2161 1139 2192 per
1151 2149 1303 2180 somnium
1316 2150 1505 2180 Palinodiam
1518 2161 1625 2181 recan-

967 2200 1051 2235 tarit,
1069 2200 1159 2242 cujus
1174 2199 1302 2240 quidem
1314 2198 1438 2230 initium
1453 2199 1537 2240 apud
1553 2200 1625 2231 Pla-

966 2252 1071 2279 tonem
1094 2248 1196 2292 legere
1220 2253 1278 2282 est.
1293 2248 1325 2277 in
1343 2248 1464 2277 Phaedr.
1487 2247 1543 2278 sed
1561 2259 1624 2279 rem

967 2298 1020 2328 alii
1031 2297 1214 2329 fabulosius.
1241 2297 1363 2328 Claruit
1375 2302 1479 2327 autem
1490 2307 1509 2327 a
1520 2298 1625 2328 xxxvii

967 2347 1097 2389 Olymp.
1122 2347 1162 2377 ad
1188 2346 1230 2376 lvi
1257 2356 1367 2387 usque,
1389 2356 1451 2387 qua
1474 2346 1628 2384 decessit3

967 2396 1049 2427 unde
1065 2395 1239 2437 colligimus
1253 2395 1341 2425 illum
1357 2395 1396 2425 ad
1411 2405 1563 2425 summam
1577 2406 1625 2426 se-

966 2450 1123 2476 nectutem
1144 2444 1333 2486 pervenisse.
1380 2444 1566 2475 Catanensis
1587 2455 1625 2476 ne

966 2494 1058 2525 fuerit
1079 2504 1119 2524 an
1134 2492 1339 2529 Himerensis,
1360 2492 1441 2523 inter
1461 2493 1626 2535 scriptores

967 2542 1153 2584 ambigitur3
1185 2541 1240 2573 sed
1254 2542 1326 2584 suit
1355 2548 1415 2572 tota
1442 2544 1475 2572 in
1506 2542 1625 2573 Graecia

965 2603 1075 2621 summo
1086 2598 1207 2631 propter
1222 2593 1373 2632 ingenium
1391 2592 1498 2621 honore
1520 2598 1548 2621 ct
1574 2604 1623 2622 rm-

967 2642 1054 2671 mine.
1100 2641 1169 2674 Cic.
1186 2640 1217 2671 in
1234 2641 1323 2671 Verr.
1340 2643 1376 2671 de
1391 2641 1504 2682 Signis.
1544 2642 1624 2673 Lau-

964 2689 1017 2720 dat
1037 2700 1161 2731 quoque
1186 2689 1312 2720 Aristot.
1336 2689 1366 2720 in
1383 2690 1544 2721 Rhetoric.
1568 2690 1621 2721 ubi

964 2738 1139 2779 Apologum
1164 2738 1247 2770 illius
1270 2737 1390 2770 inducit
1407 2739 1447 2770 de
1470 2750 1550 2780 equo
1566 2739 1621 2770 ho-
