1760 3172
250 165 335 207 464

637 165 687 205 Ρ.
723 163 936 205 OVIDII
970 163 1251 205 NASONIS

250 282 450 328 Cretera
474 281 701 328 certatim
728 281 791 327 de
816 296 995 342 magno
1022 280 1207 343 scripta
1231 280 1483 343 triumpho

315 358 429 405 Jam
455 358 648 421 pridem
674 357 844 421 populi
871 356 1097 420 suspicor
1121 373 1204 403 ore
1230 357 1343 419 legi.

250 436 344 482 Illa
363 435 490 482 bibit
515 435 705 490 sitiens,
734 435 890 483 lector
910 451 1021 482 mea
1045 435 1226 498 pocula
1250 436 1426 499 plenus
1446 452 1454 482 :
1580 438 1641 482 55

317 513 410 559 Illa
435 529 607 560 recens
634 519 751 576 pota
776 520 868 567 est,
891 520 1061 560 nostra
1085 513 1302 576 tepescit
1326 529 1471 576 aqua.

249 590 363 638 Non
390 606 482 653 ego
508 589 714 646 cessavi,
739 606 830 637 nec
857 589 977 637 fecit
1003 590 1180 637 inertia
1205 606 1369 637 serum
1391 608 1399 637 :

317 667 512 714 Ultima
537 684 614 715 me
636 667 762 714 vasti
791 667 1005 714 sustinet
1030 683 1116 714 ora
1140 667 1266 715 freti.

250 745 384 792 Dum
406 745 540 792 venit
560 744 657 791 huc
674 760 855 799 rumor,
879 751 1245 807 properataque
1265 744 1485 791 carmina
1499 743 1640 800 fiunt,

316 822 571 885 Factaque
597 828 716 868 eunt
741 821 803 868 ad
829 837 930 877 vos,
961 837 1118 867 annus
1145 822 1309 869 abisse
1334 828 1517 885 potest.
1578 823 1642 867 60

251 899 361 947 Nec
382 899 642 946 minimum
668 898 832 954 refert,
854 899 1042 946 intacta
1067 899 1252 946 rosaria
1277 899 1480 963 primus,

317 976 396 1023 An
422 993 532 1024 sera
556 993 732 1040 carpas
759 993 901 1040 paene
928 977 1102 1024 relicta
1126 993 1290 1024 mann.

252 1054 386 1109 Quid
412 1055 608 1111 mirum,
637 1055 778 1102 lectis
806 1055 1050 1103 exhausto
1076 1055 1279 1102 floribus
1305 1055 1464 1108 horto,

320 1131 373 1178 Si
400 1132 528 1179 duce
555 1148 655 1178 non
680 1131 812 1178 facta
836 1139 915 1179 est
939 1132 1090 1195 digna
1115 1147 1298 1179 corona
1321 1131 1446 1178 suo?

254 1209 525 1272 Deprecor,
547 1209 653 1256 haec
675 1216 843 1256 vatum
869 1218 1043 1257 contra
1068 1227 1158 1258 sua
1182 1209 1402 1257 carmina
1426 1225 1488 1275 ne
1510 1209 1622 1272 quis

318 1285 468 1333 Dicta
489 1293 662 1350 putet:
694 1303 783 1350 pro
810 1302 864 1333 se
891 1286 1042 1335 Musa
1066 1288 1234 1335 locuta
1258 1303 1369 1334 mea
1393 1294 1485 1334 est.
1581 1289 1642 1334 66

253 1363 382 1410 Sunt
406 1363 527 1410 mihi
552 1358 810 1411 vobiscum
837 1364 1121 1412 communia
1146 1381 1302 1420 sacra,
1330 1371 1508 1428 poetae,

316 1441 376 1488 In
399 1449 564 1489 vestro
589 1442 784 1490 miseris
802 1443 851 1509 si
876 1443 995 1491 licet
1020 1460 1131 1491 esse
1157 1443 1324 1490 choro.

248 1519 537 1583 Magnaque
562 1537 676 1584 pars
702 1522 878 1568 animae
904 1538 1101 1569 mecum
1132 1520 1345 1575 vixistis,
1375 1519 1549 1566 amici:

315 1597 425 1645 Hac
450 1614 543 1660 ego
570 1616 666 1646 non
693 1600 872 1647 absens
897 1616 983 1647 vos
1011 1615 1215 1663 quoque
1241 1605 1382 1662 parte
1413 1598 1538 1645 colo.
1579 1600 1642 1643 70

294 1843 345 1872 55.
363 1841 453 1882 Illa]
472 1841 600 1873 Scilicet
615 1843 755 1874 carmina
771 1844 914 1875 aliorum.

252 1890 483 1922 Lectorsitiens.
502 1893 616 1923 Lector
627 1892 819 1923 desiderans.
847 1894 915 1923 Ple-

252 1951 320 1970 nus.
356 1941 429 1971 Jam
455 1946 560 1971 satur:
591 1948 623 1972 et
648 1942 717 1973 ideo
743 1942 915 1973 fastidiens.

256 1990 324 2019 Mea
349 1991 466 2029 pocula.
499 1991 640 2022 Subaudi
666 1994 750 2028 bibit,
777 1992 834 2023 hoc
857 1998 915 2028 est,

253 2038 330 2080 legit
345 2050 449 2070 meum
466 2050 600 2071 carmen.

297 2089 348 2119 56.
366 2089 477 2119 Nostra
494 2090 641 2130 tepescit]
662 2090 794 2121 Carmen
811 2102 915 2121 meum

252 2147 353 2167 serum
382 2137 499 2168 nullam
530 2138 658 2169 habebit
686 2140 819 2180 gratiam
848 2146 917 2181 post

253 2186 384 2216 aliorum
400 2187 539 2218 carmina
555 2188 640 2229 prius
656 2188 836 2230 composita.

296 2236 348 2266 62.
362 2236 435 2266 Sera
450 2237 571 2277 martin]
589 2237 688 2267 Manu
701 2237 791 2268 tarda
807 2238 844 2268 ad
861 2238 915 2269 de-

253 2285 426 2327 cerpendos
456 2285 632 2328 hujusmodi
666 2288 765 2317 fiores.
817 2288 915 2325 Quasi

253 2334 347 2371 dicat,
364 2346 421 2376 ego
437 2336 543 2377 scripsi
564 2342 747 2377 postremus,
763 2343 914 2378 tanquam

253 2384 307 2425 qui
323 2385 446 2415 relictas
461 2395 545 2415 rosas
561 2385 692 2426 colligit.
726 2386 819 2416 Rosa:
833 2387 915 2416 enim

253 2444 323 2474 quae
352 2434 450 2475 primo
480 2435 636 2475 leguntur,
662 2434 736 2476 quia
761 2435 915 2476 pulchrio-

253 2493 301 2512 res
317 2482 506 2523 deliguntur,
523 2483 621 2524 magis
635 2483 804 2520 delectant,
822 2495 916 2525 quam

253 2531 342 2561 aliae:
369 2531 412 2562 sic
438 2542 510 2572 ergo
540 2531 593 2573 qui
624 2532 722 2574 primo
753 2533 915 2563 materiam

253 2580 401 2622 triumphi
425 2580 560 2611 Caesaris
585 2580 790 2623 descripsere,
818 2581 917 2623 magis

254 2630 392 2671 placent,
408 2641 502 2671 quam
518 2640 588 2671 ego.

298 2681 351 2710 65.
372 2680 521 2719 Deprecor·
537 2681 596 2710 lucc
614 2681 743 2721 mentm]
759 2682 808 2712 Ne
826 2687 918 2723 poeta

255 2727 397 2759 videatur
412 2734 542 2770 questus
558 2729 596 2760 de
612 2729 722 2771 poetis,
739 2729 792 2771 qui
810 2730 916 2772 hujus-

982 1843 1065 1874 modi
1092 1853 1217 1884 quoque
1239 1842 1429 1884 triumphum
1448 1840 1643 1883 scripserant,

981 1893 1032 1923 hic
1049 1904 1082 1923 se
1100 1897 1242 1923 excusat.

1025 1943 1076 1973 66.
1098 1943 1156 1972 Pro
1177 1942 1232 1982 se.]
1258 1941 1317 1971 Pro
1340 1940 1476 1971 utilitate
1500 1949 1567 1974 sua,
1583 1948 1644 1969 non

982 1998 1015 2023 ut
1033 1992 1170 2033 aliquem
1186 1992 1356 2034 culparem.

1027 2042 1079 2072 67.
1097 2042 1272 2072 Communia
1295 2040 1408 2080 sacrm]
1436 2038 1518 2075 Quia
1545 2043 1644 2080 poetae

982 2102 1090 2123 omnes
1119 2096 1190 2122 sunt
1216 2090 1330 2121 Phoebi
1357 2089 1546 2124 sacerdotes,
1572 2087 1644 2119 ideo

983 2141 1050 2182 ejus
1063 2151 1151 2171 sacra
1168 2146 1239 2170 sunt
1254 2139 1316 2170 illis
1331 2149 1403 2170 cum
1417 2137 1530 2169 Ovidio
1550 2136 1645 2168 etiam

983 2196 1075 2232 poeta
1090 2200 1278 2220 communia.

1027 2241 1080 2270 69.
1100 2240 1213 2281 Magna
1228 2249 1298 2277 pars
1308 2237 1428 2277 unrici]
1447 2236 1551 2267 Amici
1563 2235 1645 2266 enim

983 2288 1144 2329 eleganter
1166 2298 1248 2318 nunc
1272 2297 1355 2328 pars,
1375 2296 1456 2317 nunc
1480 2284 1645 2315 dimidium

983 2339 1094 2367 animm
1111 2336 1281 2367 amicorum
1297 2346 1364 2366 esse
1380 2335 1537 2365 dicuntur.

1027 2387 1078 2416 70.
1098 2386 1165 2416 Hac
1185 2397 1237 2427 ego
1259 2397 1304 2416 ros
1325 2386 1425 2415 almus
1440 2395 1520 2414 nunc
1536 2394 1646 2424 quoque

980 2442 1067 2475 purte
1095 2436 1188 2476 c0l‹›.]
1227 2435 1407 2476 Elegantior
1435 2433 1533 2463 multo
1570 2431 1646 2462 mihi

983 2485 1105 2516 videtur
1134 2483 1400 2515 Francofurtcnsis
1437 2482 1508 2513 libri
1540 2482 1645 2518 lectio,

987 2535 1053 2566 Hac
1068 2546 1180 2575 quoque
1194 2546 1249 2565 non
1267 2536 1366 2564 absens
1378 2544 1424 2563 vos
1435 2544 1487 2573 ego
1500 2539 1587 2571 parte
1598 2543 1644 2562 co-

986 2585 1030 2621 Ia›,·
1054 2584 1113 2614 nisi
1127 2584 1210 2625 quod
1227 2582 1420 2625 transpositis
1436 2582 1564 2612 vocibus
1579 2592 1645 2612 ma-

986 2634 1050 2669 lim,
1064 2634 1131 2664 Hac
1142 2646 1192 2674 ego
1206 2645 1261 2664 non
1273 2634 1372 2664 absens
1386 2637 1647 2672 vosquoqueparte

986 2685 1070 2720 ωλι),-
1088 2683 1191 2713 anima
1209 2693 1268 2713 non
1292 2683 1413 2717 absens,
1430 2681 1484 2712 sed
1499 2690 1645 2722 praesens,

988 2732 1060 2762 licet
1076 2742 1199 2773 corpore
1215 2731 1325 2767 absim,
1343 2742 1397 2762 vos
1412 2730 1490 2761 colo.
1526 2730 1645 2760 chx.
