1760 3172
326 201 418 242 EX
450 199 662 242 PONTO
697 199 817 240 LIB.
852 198 934 241 IV.
965 198 1156 240 EPIST.
1189 200 1280 242 IX.

1413 204 1497 244 507

116 315 241 363 Haec
265 316 412 363 modo
438 322 486 362 te
511 315 696 379 populo
722 315 1013 362 reddentem
1031 316 1145 377 jura
1168 316 1372 371 videbit,

182 393 250 440 Et
273 410 327 441 se
352 392 556 440 secretis
580 392 735 454 finget
758 393 935 439 adesse
960 392 1097 438 locis.

118 471 266 518 Nunc
290 471 424 534 longi
448 470 635 518 reditus
661 470 817 517 hastae
843 484 1123 532 supponere
1148 468 1287 515 lustri
1434 473 1496 516 45

184 549 385 605 Cernet,
412 555 463 596 et
487 555 668 596 exacta
691 555 871 594 cuncta
894 547 1058 593 locare
1082 545 1196 592 fide.

118 624 267 672 Nunc
290 625 452 673 facere
476 625 527 671 in
551 624 715 672 medio
740 623 1008 671 facundum
1032 622 1184 669 verba
1207 629 1396 678 senam,

184 701 396 750 Publica
421 709 728 765 quaerentem
755 701 874 765 quid
900 689 1039 764 petat
1062 699 1263 747 utilitas.

119 778 166 826 N
171 795 285 835 unc,
308 796 398 843 pro
426 778 728 834 Caesaribus,
749 778 955 841 Superis
981 777 1249 823 decernere
1274 783 1456 838 grates,

183 856 375 904 Albave
400 855 677 919 opimorum
702 855 829 902 colla
852 854 995 901 ferire
1019 853 1186 899 boum.

1436 856 1500 901 50

118 932 288 996 Atque
312 933 518 989 utinam,
541 949 694 996 quum
710 933 814 995 jam
839 930 989 978 fueris
1011 929 1204 993 potiora
1227 937 1476 993 precatus,

188 1010 259 1057 Ut
281 1011 401 1058 mihi
425 1011 650 1074 placetur
674 1009 890 1057 numinis
915 1008 1002 1063 ira,
1029 1007 1198 1070 roges!

123 1088 306 1151 Surgat
330 1089 392 1136 ad
416 1088 545 1136 hanc
569 1104 742 1135 vocem
766 1088 916 1151 plena
940 1086 1051 1149 pius
1076 1085 1204 1148 ignis
1229 1086 1291 1132 ab
1317 1102 1415 1141 ara,

188 1165 391 1229 Detque
415 1166 601 1213 bonum
625 1172 739 1212 voto
761 1164 957 1211 lucidus
983 1178 1129 1209 omen
1154 1178 1300 1226 apex.

121 1242 335 1299 Interea,
364 1259 465 1306 qua
488 1249 630 1307 parte
654 1243 786 1297 licet,
813 1257 876 1289 ne
901 1247 1085 1287 cuncta
1109 1255 1387 1302 queramur,
1438 1242 1500 1287 55

189 1319 286 1367 Hic
312 1336 513 1383 quoque
537 1327 587 1367 te
611 1319 792 1367 festum
817 1319 1020 1367 consule
1044 1325 1242 1381 tempus
1264 1333 1424 1379 agam.

120 1396 293 1444 Altera
315 1397 514 1454 laetitiae,
542 1413 634 1445 nec
659 1398 842 1445 cedens
868 1412 1019 1444 causa
1041 1395 1207 1459 priori,

191 1474 464 1521 Successor
487 1474 615 1522 tanti
639 1474 789 1522 frater
813 1473 1027 1529 honoris,
1054 1472 1163 1520 erit.

122 1550 250 1598 Nam
276 1551 368 1598 tibi
392 1551 586 1598 finitum
612 1568 821 1608 summo,
850 1551 1095 1606 Graeciae,
1122 1548 1374 1597 decembri

189 1627 476 1692 Imperium,
503 1628 533 1675 J
538 1629 619 1676 ani
644 1629 854 1693 suscipit
878 1629 961 1676 ille
985 1628 1082 1675 die.

1441 1628 1504 1672 60

121 1705 348 1769 Quaeque
372 1713 450 1754 est
472 1706 523 1754 in
546 1707 686 1755 vobis
711 1708 887 1772 pietas,
915 1708 1106 1755 alterna
1129 1704 1297 1753 feretis

191 1783 402 1841 Gaudia,
430 1792 484 1832 tu
509 1785 672 1834 fratris
697 1786 932 1843 fascibus,
959 1787 1041 1834 ille
1066 1786 1181 1833 tuis.

126 1859 211 1907 Sic
236 1868 290 1908 tu
315 1862 392 1910 bis
416 1863 567 1911 fueris
593 1865 783 1921 consul,
811 1865 887 1912 bis
908 1865 1081 1912 consul
1107 1870 1157 1912 et
1180 1863 1279 1918 ille,

191 1938 352 2003 Inque
377 1941 526 1989 domo
550 1942 714 1989 bimus
740 1942 1074 2007 conspicietur
1098 1942 1271 1988 honor.

168 2062 221 2093 45.
232 2062 361 2094 Reditus
374 2064 490 2104 lustri]
503 2065 678 2096 Proventus
692 2065 783 2106 quin-

125 2111 315 2152 quennales:
346 2123 419 2143 nam
444 2114 612 2155 vectigalia
638 2115 784 2146 locaban—

124 2164 174 2189 tur
190 2159 229 2190 ad
245 2160 504 2202 quinquennium.
538 2163 707 2203 Supponere
720 2165 783 2194 has-

127 2215 174 2239 tae.
199 2210 316 2241 Locare
331 2210 364 2240 in
379 2210 506 2252 publica
521 2213 678 2243 auctione.

172 2259 223 2288 46.
241 2258 458 2300 E.ractafide.]
477 2261 567 2291 Bona
582 2260 655 2292 fide.

170 2309 223 2339 49.
246 2308 368 2348 Superis
390 2311 547 2340 decernere
570 2310 698 2352 grates]
719 2310 786 2341 De-

127 2367 251 2388 cernere
267 2358 520 2400 supplicationes,
536 2359 568 2389 in
584 2360 697 2400 quibus
715 2369 785 2400 gra-

128 2407 179 2437 tiae
200 2406 272 2438 Diis
294 2408 468 2448 agebantur
491 2409 530 2439 ob
546 2409 705 2440 victoriam
729 2409 786 2439 ali-

128 2466 234 2498 quam.

171 2506 224 2536 54.
240 2505 378 2536 Lucidus
387 2506 487 2546 apex]
501 2506 573 2547 Ipse
588 2504 668 2547 ignis
683 2505 786 2536 clarus

128 2559 161 2585 et
183 2565 278 2596 purus
305 2554 337 2584 in
365 2554 454 2596 apice
481 2561 512 2586 et
541 2554 723 2586 cacumine:
752 2553 785 2584 id

129 2603 212 2634 enim
228 2604 363 2634 maxime
380 2604 600 2635 observabant.

173 2655 227 2684 55.-
257 2653 326 2688 Qua
349 2660 438 2693 parte
465 2654 561 2694 licet]
594 2654 665 2690 Quo
695 2652 787 2682 modo

130 2712 268 2743 possum,
284 2701 343 2732 hoc
367 2708 425 2737 est,
440 2707 556 2737 mente,
573 2702 648 2743 quia
663 2710 787 2742 corpore

132 2760 195 2780 non
223 2749 297 2781 licet
325 2750 434 2782 adesse
462 2756 523 2782 tuae
552 2760 686 2792 pompae.
742 2749 789 2780 Ne

850 2072 961 2096 cuncta
980 2074 1152 2107 queramur.
1182 2063 1233 2093 Ne
1251 2061 1373 2102 singula
1387 2071 1508 2103 pompae

851 2115 943 2157 hujus
971 2113 1151 2156 spectacula
1175 2122 1247 2143 cum
1271 2112 1397 2152 querela
1425 2121 1508 2141 com-

851 2173 1032 2194 memorem.
1078 2162 1140 2192 Vel
1159 2161 1263 2196 etiam,
1280 2160 1329 2190 Ne
1346 2160 1386 2190 ad
1406 2160 1511 2190 omnia

852 2211 952 2242 maesti
968 2221 1004 2242 ac
1020 2209 1141 2252 queruli
1154 2209 1261 2239 simus.

896 2262 950 2292 59.
981 2261 1099 2290 Summo
1125 2258 1296 2298 decembri]
1326 2258 1453 2288 Summa
1478 2262 1511 2288 et

853 2314 991 2340 extrema
1006 2314 1093 2350 parte
1108 2307 1293 2338 decembris.

897 2360 948 2389 60.
965 2356 1156 2397 Imperium]
1183 2355 1400 2386 Consulatum.
1434 2354 1510 2384 Jani

854 2410 912 2437 die.
936 2405 1088 2437 Kalendis
1102 2404 1255 2436 Januarii.
1288 2403 1360 2434 Ille.
1381 2401 1509 2434 Scilicet

855 2456 948 2486 frater
964 2461 1046 2485 tuus.

895 2505 947 2534 64.
960 2503 1058 2533 Binus
1072 2503 1268 2541 conspicietur
1277 2500 1395 2540 honora]
1408 2499 1508 2530 Immo

853 2555 956 2589 bimus,
972 2552 997 2582 si
1020 2551 1095 2592 quid
1112 2550 1201 2581 video
1214 2562 1222 2588 ;
1245 2549 1328 2591 quod
1350 2549 1510 2579 confirmat

854 2601 1177 2642 Rottendorphianus:
1201 2600 1376 2630 sententiam
1402 2599 1508 2628 bimam

854 2657 946 2682 vocat
969 2650 1091 2685 Cicero,
1116 2649 1171 2679 lib.
1195 2648 1240 2678 iii.
1262 2648 1359 2689 Epist.
1378 2647 1444 2677 viii.
1468 2647 1508 2678 ad

855 2700 993 2742 Appium
1008 2699 1047 2729 de
1066 2697 1209 2739 regendis
1223 2708 1277 2738 per
1291 2696 1416 2727 eosdem
1431 2707 1510 2737 prae-

855 2750 955 2780 sectos
966 2759 1020 2791 per
1028 2747 1187 2779 biennium
1201 2745 1378 2789 provinciis.
1393 2745 1511 2777 Hiems.
