1760 3172
216 195 300 237 522

611 193 661 234 Ρ.
695 191 805 235 OVI
814 192 908 234 DII
941 193 1219 236 NASONIS

220 310 284 357 Et
308 325 418 357 mea
444 307 593 356 Musa
618 315 799 372 potest,
826 309 1024 372 proprio
1049 309 1296 373 deprensa
1319 310 1497 363 colore,

285 386 501 449 Insignis
525 386 654 433 vitiis
680 385 883 433 forsitan
908 402 1019 433 esse
1043 386 1162 433 suis.

215 463 339 510 Tam
365 462 494 509 mala
512 461 773 509 Thersiten
798 462 1093 525 prohibebat
1116 462 1273 510 forma
1296 463 1465 518 latere,

1543 465 1598 508 15

283 540 446 594 Quam
470 539 678 603 pulchra
703 537 886 585 Nireus
912 538 1296 602 conspiciendus
1322 547 1440 587 erat.

219 616 327 663 Nec
351 623 401 663 te
422 615 602 670 mirari,
631 614 671 661 si
697 614 797 661 sint
819 614 1010 670 vitiosa,
1038 615 1237 663 decebit

285 693 533 749 Carmina,
561 708 673 756 quae
698 691 876 740 faciam
901 709 1041 756 paene
1066 700 1215 756 poeta
1239 693 1411 740 Getes.

216 770 295 817 Ah
321 770 501 834 pudet!
539 776 591 816 et
616 769 795 816 Getico
821 768 996 833 scripsi
1023 785 1250 816 sermone
1276 769 1516 823 libellum,

285 847 586 909 Structaque
606 853 720 893 sunt
740 846 919 893 nostris
938 847 1151 894 barbara
1164 847 1314 894 verba
1333 846 1508 893 modis.
1537 849 1600 892 20

218 923 285 971 Et
308 924 490 988 placui,
518 931 710 987 gratare
735 923 874 979 mihi,
903 924 1134 988 coepique
1159 932 1319 988 poetae

284 1001 421 1048 Inter
445 1001 739 1049 inhumanos
765 1017 946 1048 nomen
971 1001 1154 1048 habere
1181 1001 1354 1048 GetaS.

218 1076 483 1125 Materiam
508 1077 720 1140 quaeris?
756 1078 928 1125 laudes
953 1078 1016 1125 de
1043 1077 1242 1126 Caesare
1267 1077 1400 1125 dixi:

283 1154 472 1218 Adjuta
495 1162 571 1202 est
594 1155 786 1202 novitas
811 1155 1013 1202 numine
1037 1162 1207 1202 nostra
1233 1154 1345 1202 Dei.
1379 1200 1390 1213 ,

219 1231 350 1279 Nam
375 1231 528 1295 patris
548 1231 762 1294 Augusti
780 1232 927 1280 docui
952 1234 1161 1281 mortale
1184 1232 1338 1280 fuisse

1541 1233 1604 1277 25

285 1308 509 1372 Corpus;
549 1308 599 1355 in
624 1309 852 1357 aetherias
878 1326 1064 1357 numen
1089 1310 1251 1357 abisse
1276 1309 1477 1356 domos:

219 1384 345 1434 Esse
371 1401 541 1450 parem
559 1386 739 1434 virtute
764 1387 909 1451 patri,
932 1387 1017 1451 qui
1041 1387 1192 1434 fraena
1216 1393 1418 1434 coactus

288 1463 434 1527 Saepe
460 1464 673 1513 recusati
700 1465 890 1528 ceperit
914 1465 1135 1529 imperii:

217 1666 324 1706 dignas
356 1664 510 1696 Novimus.
565 1667 652 1704 Quas
681 1667 880 1708 cognovimus

217 1725 284 1745 esse
308 1714 418 1755 dignas
442 1725 478 1745 eo
502 1714 577 1751 viro,
600 1716 690 1757 cujus
717 1717 826 1748 laudes
850 1723 881 1747 et

218 1768 307 1804 gesta
322 1763 480 1794 describis.

265 1813 314 1842 13.
338 1812 378 1842 Et
399 1823 463 1842 mea
485 1813 576 1843 Musa
595 1814 716 1854 potest]
741 1813 830 1844 Sicut
847 1819 881 1844 tu

219 1861 414 1903 cognosceris
429 1861 576 1892 carminis
591 1861 807 1902 magnitudine
816 1873 824 1900 3
838 1861 883 1893 ita

218 1916 250 1941 et
269 1920 326 1951 ego
340 1921 466 1952 possum
480 1911 623 1951 cognosci
642 1910 766 1953 propria
779 1910 881 1951 quali-

218 1963 283 1989 tate
313 1959 468 1995 carminis,
493 1959 617 1990 obnoxii
646 1959 754 1990 multis
781 1958 881 1998 vitiis3

221 2008 268 2039 vel
284 2008 344 2038 mei
360 2008 463 2039 luctus
476 2008 604 2039 indicio.

267 2058 315 2088 16.
340 2057 439 2092 Quam
451 2059 578 2097 pulchra
600 2057 741 2098 Nireus]
768 2057 882 2089 Nireus

220 2106 372 2149 Charopis
403 2107 484 2138 filius
518 2106 578 2137 fuit
610 2113 641 2137 et
670 2107 812 2148 AglaieS,
844 2118 881 2138 ex

220 2158 313 2197 Syme
328 2155 430 2186 insula
446 2156 486 2187 ad
500 2156 619 2186 bellum
633 2155 801 2198 Trojanum
813 2166 883 2197 pro-

220 2204 331 2235 fectus.
376 2207 478 2242 Quem
491 2204 628 2235 omnium
639 2204 883 2246 pulcherrimum

221 2253 314 2285 fuisse
330 2253 440 2284 scribit
455 2253 622 2290 Homerus,
637 2253 692 2284 lib.
707 2253 739 2284 ii.
756 2253 883 2284 Iliados.

269 2303 318 2333 18.
344 2302 416 2336 Qua:
428 2303 552 2344 faciam
563 2314 648 2342 poene
659 2308 746 2343 poeta
762 2302 881 2343 Getes-J

221 2354 301 2389 Quae
324 2362 381 2393 ego
404 2352 493 2393 quasi
515 2359 607 2395 poeta
627 2353 777 2384 barbarus
800 2362 883 2383 com-

222 2411 320 2442 pono:
347 2411 419 2431 nam
439 2401 548 2442 lingua
563 2402 677 2433 Getica
697 2412 780 2432 nunc
800 2402 882 2444 coepi

222 2450 362 2480 carmina
376 2460 570 2493 componere.

270 2499 318 2529 19.
352 2499 456 2530 Getico
483 2511 624 2536 sermone,
647 2500 723 2540 δια]
761 2499 884 2541 Lingua

223 2547 380 2588 Scythica.

267 2598 319 2627 20.
343 2596 422 2627 Sunt
442 2597 586 2638 struem]
606 2597 685 2628 Sunt
705 2597 885 2640 composita.

226 2645 344 2676 Nostris
358 2648 460 2677 modis.
483 2646 631 2678 Numeris
643 2647 756 2688 quibus
771 2648 885 2678 utimur

226 2695 257 2725 iu
270 2694 460 2726 carminibus
471 2695 599 2727 Latinis.
639 2695 775 2726 Barbara
788 2697 885 2726 verba.

230 2743 331 2774 Verba
347 2743 468 2775 Getica.

989 1668 1042 1698 24.
1068 1666 1180 1696 Nostra
1202 1664 1344 1704 novitas]
1380 1664 1529 1694 Nostrum
1554 1673 1610 1694 no-

948 1727 1020 1748 vum
1032 1715 1188 1747 scribendi
1203 1725 1317 1756 genus:
1345 1714 1402 1744 hoc
1418 1723 1531 1754 genere
1544 1723 1607 1743 ser-

947 1766 1056 1796 monis.
1080 1765 1214 1795 Numine
1230 1765 1299 1794 Dei.
1323 1762 1462 1794 Numine
1478 1762 1610 1793 Caesaris

947 1815 1093 1856 Augusti.
1109 1815 1202 1844 Man.
1219 1814 1336 1853 Acljuta
1349 1819 1401 1848 est,
1412 1812 1469 1842 ἃς.
1494 1811 1531 1841 In
1546 1811 1606 1842 hoc

948 1874 1026 1894 novo
1040 1863 1144 1894 labore
1160 1873 1228 1892 meo
1245 1861 1304 1892 fuit
1318 1861 1393 1891 mihi
1409 1871 1525 1891 numen
1540 1860 1610 1892 Cae-

949 1914 1024 1944 saris
1039 1924 1093 1954 pro
1106 1911 1255 1954 Apolline
1270 1918 1301 1943 et
1316 1910 1469 1952 Calliope.
1492 1910 1596 1940 Poxr.

993 1963 1044 1993 25.
1070 1963 1175 1992 Patris
1194 1960 1353 2002 Augusti]
1379 1959 1515 2001 Augusti
1539 1959 1608 1990 Cae-

949 2011 1035 2047 saris,
1050 2010 1145 2053 patris
1160 2009 1280 2051 patriae.

992 2061 1044 2090 26.
1070 2058 1216 2098 Numen]
1239 2057 1386 2088 Animam
1395 2056 1530 2098 Augusti
1542 2056 1611 2087 Cae-

949 2108 1026 2140 saris
1038 2108 1188 2139 defuncti.

993 2158 1045 2187 27.
1071 2157 1139 2188 Esse
1158 2168 1259 2196 parem
1278 2159 1392 2187 virtute
1406 2155 1517 2196 patri]
1544 2155 1610 2186 Do-

950 2206 1000 2237 cui
1013 2206 1120 2242 etiam,
1136 2206 1248 2236 virtute
1265 2215 1327 2235 non
1350 2203 1524 2234 inferiorem
1544 2214 1612 2235 esse

950 2255 1108 2286 Tiberium
1124 2254 1204 2297 patri
1219 2253 1335 2285 Caesari
1350 2253 1504 2294 Augusto.
1551 2253 1612 2287 Qut

940 2303 1047 2345 sraena
1062 2310 1195 2345 rogatus.
1227 2302 1291 2340 Qui
1305 2301 1447 2333 Tiberius
1460 2301 1514 2332 diu
1528 2312 1611 2332 sum-

951 2363 1034 2383 mam
1049 2351 1170 2394 imperii
1183 2351 1350 2387 recusavit,
1362 2356 1397 2382 ut
1413 2350 1504 2382 docet
1513 2351 1611 2382 Tran-

951 2401 1079 2443 quillus.
1114 2401 1222 2432 Fraeua
1237 2409 1367 2443 rogatus.
1392 2401 1519 2431 Coactus
1533 2411 1611 2442 prae-

951 2456 1012 2481 stat
1035 2461 1107 2482 cum
1128 2451 1235 2482 codice
1256 2449 1404 2492 Scaligeri
1416 2461 1425 2487 ;
1447 2449 1614 2480 Suetonius

951 2499 990 2530 de
1013 2499 1156 2531 Tiberio:
1183 2500 1314 2531 Tandem
1338 2501 1422 2540 quasi
1443 2505 1560 2530 coactus
1584 2506 1612 2529 et

951 2560 1074 2588 querens
1103 2551 1237 2579 miseram
1264 2556 1292 2579 et
1328 2559 1473 2579 onerosum
1503 2549 1614 2587 imponi

951 2599 1006 2628 sibi
1054 2601 1236 2635 servitutem,
1289 2600 1397 2637 recepit
1442 2599 1610 2637 imperinm.

951 2647 1093 2678 Adeatur
1122 2648 1214 2679 etiam
1243 2647 1370 2678 Tacitus
1399 2645 1569 2676 Annalium
1592 2645 1613 2675 i.

953 2697 1068 2727 Ham-s.
