1760 3172
395 158 704 202 TRISTIUM
736 158 856 200 LIB.
891 157 982 200 III.
1016 158 1196 200 ELEG.
1230 159 1322 200 IX.

1471 158 1555 200 247

164 274 434 339 Quumque
458 276 638 331 locum,
666 289 932 337 moresque
967 273 1239 329 hominum,
1268 274 1550 336 cultusque,

362 367 657 414 sonumque,

231 429 513 485 Cernimus,
541 436 592 476 et
616 428 738 492 quid
764 428 873 483 sim,
902 427 1024 490 quid
1049 427 1328 490 fuerimque
1355 428 1517 484 subit;

162 505 352 554 Tantus
378 522 515 553 amor
539 505 676 553 necis
701 511 792 560 est,
821 520 1000 567 querar
1025 512 1092 572 ut>
1105 504 1168 551 de
1196 504 1410 551 Caesaris
1437 504 1522 559 ira,

230 583 380 638 Quod
404 600 503 631 non
529 583 742 631 offensas
767 582 986 629 vindicet
1010 597 1128 628 ense
1155 597 1287 628 suaS.

163 659 246 714 At,
274 660 510 723 quoniam
536 660 690 707 semel
717 666 795 706 est
819 658 932 705 odio
959 645 1170 705 civiliter
1195 674 1331 712 usus,

231 736 428 785 Mutato
455 737 607 784 levior
631 737 696 784 sit
720 736 838 798 fuga
862 743 1035 783 nostra
1058 736 1183 782 loco.

606 1065 960 1113 ELEGIA
1010 1065 1104 1112 IX.

166 1205 274 1254 Hic
316 1223 519 1270 quoque
563 1214 680 1254 sunt
720 1207 870 1269 igitur
911 1206 1094 1260 Graiae,
1137 1206 1248 1269 quis
1299 1205 1559 1253 crederet?

231 1283 370 1332 Inter
395 1284 677 1332 inhumanae
703 1285 904 1331 nomina
927 1283 1196 1331 barbariae:

1369 1282 1556 1343 [urbest

164 1360 279 1408 Huc
305 1378 506 1425 quoque
533 1361 712 1409 Mileto
738 1361 876 1409 missi
901 1377 1079 1408 venere
1100 1360 1281 1415 coloni,

231 1437 393 1501 Inque
420 1438 563 1486 Getis
592 1438 768 1486 Graias
795 1438 1098 1484 constituere
1125 1438 1314 1484 domos

165 1514 267 1563 Sed
291 1522 434 1562 vetus
461 1515 576 1562 huic
602 1531 799 1570 nomen,
829 1515 1093 1578 positaque
1119 1513 1375 1577 antiquius
1403 1514 1539 1569 urbe,

233 1591 446 1639 Constat
469 1593 531 1639 ab
557 1591 765 1654 Absyrti
791 1591 929 1638 caede
956 1591 1126 1646 fuisse,
1154 1591 1281 1637 loco.
1530 1592 1559 1635 (3

166 1667 298 1716 Nam
322 1676 444 1724 rate,
473 1684 585 1731 quae
607 1684 726 1715 cura
750 1667 993 1731 pugnacis
1019 1666 1152 1714 facta
1179 1667 1435 1721 Minervae,

232 1745 332 1793 Per
355 1762 454 1793 non
478 1752 694 1793 tentatas
720 1746 881 1809 prima
905 1744 1125 1793 cucurrit
1150 1761 1323 1808 aquas,

207 1880 259 1910 40.
285 1879 372 1914 Quod
397 1891 457 1909 non
478 1879 613 1921 offensas,
629 1879 705 1920 δια]
734 1880 828 1917 Quod

163 1938 226 1959 non
249 1928 328 1959 ferro
349 1939 398 1959 me
414 1928 642 1965 interficiendo,
659 1929 829 1960 ulciscatur

163 1976 302 2019 injurias.

208 2027 261 2058 41.
288 2027 455 2067 Civiliter.]
482 2028 538 2058 Me
560 2026 684 2068 legibus
699 2028 830 2070 punien-

164 2075 216 2111 do,
228 2086 289 2106 non
302 2076 333 2107 vi
346 2081 378 2107 et
393 2076 487 2107 armis
499 2088 506 2106 ε
522 2076 576 2107 sed
588 2082 623 2107 ut
634 2077 735 2108 civem
747 2084 829 2108 trae-

165 2124 223 2155 tari
239 2124 357 2156 decuit.

207 2175 258 2204 42.
283 2174 374 2217 Fuga
387 2174 519 2215 nostra]
547 2174 700 2206 Exsilium
714 2186 830 2206 meum.

211 2273 239 2302 l.
257 2272 319 2303 Hic
330 2272 468 2313 quoque]
495 2272 556 2303 Hic
569 2272 663 2304 etiam
676 2273 708 2304 in
719 2273 832 2304 Getica

165 2331 229 2357 ora,
244 2327 317 2352 sunt
339 2322 432 2353 urbes
456 2322 572 2358 Graiae,
588 2333 648 2354 non
672 2323 779 2363 lingua
801 2328 832 2353 et

165 2370 313 2407 moribus,
329 2371 383 2402 sed
403 2371 532 2413 origine.
578 2372 637 2403 Pro
658 2375 766 2414 igitur,
783 2384 832 2403 us-

165 2432 253 2461 quam
268 2421 359 2452 multi
374 2428 570 2464 receperunt.

209 2471 240 2500 3.
264 2470 336 2501 Huc
347 2482 458 2511 quoque
474 2471 608 2512 Mileto]
635 2471 754 2502 Milesii
768 2472 828 2502 To-

165 2529 239 2549 mon
261 2529 384 2560 quoque
405 2525 544 2556 tenuere,
566 2520 829 2562 quemadmodum

166 2567 262 2598 etiam
283 2568 472 2610 Istropolim,
488 2575 542 2599 aut
564 2569 829 2611 quemadmodum

167 2616 237 2646 aliae
272 2626 396 2657 quoque
425 2617 556 2648 Graeciae
588 2617 718 2648 coloniae
756 2617 831 2648 litus

166 2664 317 2695 Geticum
337 2670 475 2696 tenuere.
521 2666 593 2697 Fuit
614 2673 720 2697 autem
735 2666 830 2696 Mile-

167 2719 218 2744 tus
241 2715 315 2745 urbs
336 2715 495 2756 quondam
518 2716 614 2746 Ioniae
634 2715 739 2751 totius,
755 2715 831 2746 belli

869 1911 872 1914 ,
896 1879 1046 1922 pacisque
1076 1879 1194 1911 artibus
1223 1878 1380 1921 princeps,
1405 1888 1423 1908 a
1450 1876 1563 1907 Mileto

897 1929 1068 1971 adpellata.

940 1981 971 2009 5.
995 1979 1051 2009 Sed
1071 1984 1155 2008 retus
1175 1978 1244 2008 huie
1268 1988 1383 2012 nomen,
1398 1975 1475 2016 &c.]
1502 1975 1563 2005 Hic

897 2033 1002 2070 aperte
1018 2027 1184 2069 significat,
1200 2027 1309 2058 Tomon
1324 2026 1429 2056 locum
1446 2035 1462 2055 a
1479 2025 1564 2055 caede

898 2077 1028 2118 Absyrti
1044 2076 1253 2108 nominatum:
1272 2075 1326 2106 ubi
1340 2075 1448 2105 urbem
1459 2081 1565 2116 postea

898 2126 1065 2157 condidere
1087 2125 1217 2161 Milesii,
1235 2130 1355 2156 servato
1380 2122 1488 2165 prioris
1511 2134 1565 2153 no-

898 2175 980 2206 mine
997 2175 1068 2206 loci.

943 2225 971 2254 7.
999 2225 1072 2259 Quae
1087 2235 1161 2255 cur-[1
1178 2223 1355 2264 pugnacis]
1383 2223 1463 2259 Quae
1479 2222 1566 2263 Argo

898 2274 990 2304 navis
1006 2274 1090 2304 facta
1106 2268 1225 2303 cui-aet
1242 2271 1341 2302 tutela
1356 2270 1498 2301 Palladis
1515 2281 1564 2301 ar-

898 2328 1004 2358 matae,
1021 2332 1115 2363 quam
1130 2321 1248 2362 pictam
1265 2319 1384 2350 habuit.
1428 2319 1496 2350 Aut
1518 2320 1565 2350 in-

899 2371 1036 2412 geniose,
1047 2370 1176 2405 curiose,
1189 2374 1220 2399 et
1232 2369 1330 2410 perite
1342 2368 1458 2398 factam
1474 2368 1567 2399 intel-

897 2420 971 2460 lige.
1001 2419 1147 2460 Hyginus
1163 2417 1258 2449 etiam
1276 2417 1377 2453 docet,
1393 2427 1463 2448 eam
1479 2417 1566 2458 Argo

899 2479 916 2499 a
932 2468 1093 2499 celeritate
1110 2467 1221 2498 Graece
1238 2466 1447 2508 adpellatam5
1463 2465 1514 2496 vel
1528 2466 1567 2496 ab

898 2518 984 2558 Argo
999 2518 1066 2559 ejus
1078 2516 1250 2547 inventore.

943 2568 973 2597 8.
998 2567 1059 2597 Per
1083 2578 1138 2597 non
1165 2564 1321 2604 tentatas]
1346 2563 1484 2595 Primam
1507 2574 1564 2595 na—

900 2627 970 2647 vem
994 2627 1064 2647 eam
1088 2616 1183 2646 fuisse
1211 2615 1264 2650 ait,
1288 2615 1320 2645 in
1345 2624 1440 2654 quarn
1464 2613 1564 2655 Argo-

901 2672 1003 2696 nauta*
1021 2664 1280 2696 conscenderunt.
1326 2664 1421 2695 Ciof.

1023 2768 1090 2798 R4

1491 584 1556 626 40
1606 559 1640 563 '⁴
