1760 3172
548 171 846 216 REMEDIA
877 171 1138 215 AMORIS.
1485 176 1541 217 91

148 290 415 355 Principiis
440 290 602 337 obsta.
647 305 757 336 sero
781 287 1032 336 medicina
1056 295 1272 352 paratur,

215 368 346 416 Cum
371 367 503 415 mala
526 382 614 431 per
637 366 814 429 longas
840 367 1135 414 convaluere
1160 382 1341 413 moras.

152 446 253 494 Sed
278 460 520 509 propera:
561 459 653 491 nec
678 450 728 491 te
753 450 986 491 venturas
1013 443 1156 490 differ
1180 443 1231 489 in
1256 443 1417 492 horas.

219 521 318 577 Qui
342 537 442 568 non
468 527 546 568 est
568 520 734 576 hodie,
762 536 871 568 cras
897 517 1060 567 minus
1088 527 1233 584 aptus
1260 521 1367 568 erit.
1481 525 1543 570 94

156 599 319 650 Verba
337 599 426 646 dat
442 597 603 645 omnis
624 613 776 653 amor,
794 597 1081 662 reperitque
1100 597 1335 645 alimenta
1354 615 1546 647 moran-

219 676 427 740 Optima
447 675 682 723 vindictae
707 675 937 739 proxima
961 691 1177 738 quaeque
1204 674 1329 723 dies.
1442 677 1545 739 [do.

153 753 383 802 Flumina
406 769 569 817 pauca
592 753 731 801 vides
758 753 820 800 de
846 752 1040 815 magnis
1066 751 1288 799 fontibus
1314 760 1448 802 orta:

220 829 445 878 Plurima
468 831 693 878 collectis
719 829 1116 894 multiplicantur
1140 829 1302 892 aquis.

157 908 210 955 Si
235 908 335 956 cito
361 907 621 964 sensisses,
650 913 894 970 quantum
920 922 1132 971 peccare
1157 922 1374 970 parares,

223 985 340 1033 Non
364 992 560 1048 tegeres
584 984 750 1031 vultus
776 984 977 1040 cortice,
1005 982 1231 1047 Myrrha,
1254 991 1385 1031 tuos.

1461 987 1554 1032 100

156 1062 272 1110 Vidi
297 1079 406 1125 ego,
434 1062 570 1127 quod
596 1061 756 1126 primo
781 1061 944 1109 fuerat
968 1061 1207 1118 sanabile,
1233 1062 1412 1110 vulnus

227 1140 453 1187 Dilatum
478 1140 640 1202 longae
666 1140 850 1187 damna
873 1140 1049 1187 tulisse
1075 1156 1242 1187 morae.

161 1217 279 1274 Sed,
307 1217 426 1281 quia
449 1217 668 1265 delectat
691 1217 902 1265 Veneris
929 1218 1199 1282 decerpere
1224 1218 1388 1274 fiores,

227 1295 456 1343 Dicimus
482 1296 708 1353 adsidue,
738 1296 864 1343 Cras
891 1312 1094 1359 quoque
1119 1296 1206 1343 fiet
1229 1295 1378 1342 idem.

161 1372 361 1421 Interea
383 1372 550 1420 tacitae
577 1379 784 1438 serpunt
808 1373 858 1420 in
883 1373 1074 1421 viscera
1097 1373 1341 1431 flammae;

1466 1375 1557 1420 105

231 1450 298 1498 Et
321 1451 453 1498 mala
477 1451 670 1498 radices
697 1452 843 1498 altius
867 1452 1011 1499 arbor
1037 1451 1155 1515 agit.

166 1528 220 1576 Si
240 1534 407 1576 tamen
433 1529 604 1576 auxilii
630 1528 885 1593 perierunt
909 1536 1138 1593 tempora
1161 1528 1323 1593 primi,

233 1605 299 1653 Et
321 1612 466 1654 vetus
492 1606 542 1653 in
567 1613 715 1670 capto
741 1613 945 1670 pectore
972 1607 1102 1654 sedit
1126 1622 1290 1663 amor;

207 1754 261 1785 93.
286 1753 350 1785 Nec
363 1761 392 1785 te
403 1762 545 1786 venturas
557 1754 648 1796 differ
664 1756 696 1785 in
713 1755 826 1795 horas]

167 1803 278 1846 Profer
292 1804 472 1835 Puteaneus
487 1804 633 1847 optimus.
657 1805 749 1846 longe
765 1804 830 1835 ele-

165 1853 303 1895 gantius.
322 1854 440 1885 Herus.
469 1853 606 1896 Elegans
618 1854 744 1896 quidem
758 1864 832 1885 usus

165 1904 252 1935 verbi
263 1903 411 1946 proferre,
424 1904 479 1935 sed
488 1904 633 1946 exempla
648 1905 687 1935 ab
702 1904 833 1935 Heinsio

169 1952 307 1984 adducta
326 1953 428 1995 magis
443 1954 587 1996 probant,
606 1965 660 1990 res,
676 1959 790 1993 tempus
803 1959 834 1984 et

168 2001 283 2033 similia
302 2003 449 2045 pmferri,
473 2013 568 2044 quam
586 2002 669 2045 ipsos
689 2003 832 2033 homines:

168 2051 293 2094 differ-re
318 2061 390 2082 vero
413 2053 543 2093 aliquem
567 2057 650 2083 recte
675 2051 739 2082 dici
761 2062 835 2082 con-

169 2103 241 2132 s'tat.
264 2100 308 2132 sic
330 2101 386 2132 lib.
408 2101 474 2132 xiii.
498 2102 580 2133 Met.
605 2103 679 2133 519.
707 2103 836 2132 vivacem

170 2150 301 2192 differtis
315 2162 421 2181 anum.
437 2150 553 2181 Justin.
568 2151 624 2181 lib.
640 2151 683 2181 ix.
698 2151 728 2181 6.
761 2150 836 2180 Cum

170 2199 529 2241 variisfrustrationibus
543 2199 601 2230 nori
617 2201 679 2230 sine
695 2201 758 2230 risu
774 2199 837 2240 dff'f-

161 2247 317 2290 ferrefflr.
340 2254 372 2279 et
394 2247 440 2279 ita
465 2248 530 2279 alii.
554 2258 650 2290 quare
674 2248 836 2289 vulgatam

173 2298 235 2328 non
246 2306 370 2328 movere
385 2306 454 2328 sum
471 2307 575 2328 ausus.
620 2298 738 2328 BunM.

216 2347 270 2377 97.
296 2346 441 2377 Flumina
462 2359 572 2389 magna
592 2349 671 2378 vides
688 2348 790 2386 parvis
805 2347 840 2377 de

166 2395 310 2438 fontibus
321 2395 414 2436 orta.]
439 2396 560 2428 Aldina
571 2396 666 2428 lectio
682 2396 795 2427 habet:

220 2445 366 2476 Flumina
377 2456 478 2484 pauca
493 2448 573 2477 vides
589 2448 706 2488 magnis
723 2445 841 2487 deson-

265 2495 344 2524 tibus
357 2499 434 2524 orta.

178 2540 273 2579 Quod
299 2548 362 2573 est:
400 2541 547 2574 Flumina
575 2552 638 2573 non
667 2542 772 2574 statim
803 2543 842 2573 ab

178 2597 247 2623 ortu
271 2602 328 2623 suo
346 2602 463 2634 magna
484 2598 567 2629 sunt,
592 2592 647 2623 sed
670 2593 844 2635 plerunque

180 2647 333 2683 augentur
346 2641 380 2673 in
399 2652 502 2677 cursu.
521 2642 612 2684 aquis
633 2642 844 2684 undecunque

181 2690 330 2733 acceptis.
377 2692 457 2729 Quae
477 2692 571 2723 lectio
586 2692 695 2724 melior
711 2692 843 2728 videtur,

183 2749 219 2771 eo
247 2739 331 2782 quod
360 2741 510 2783 sequitur,
538 2742 677 2772 Plurima
705 2743 844 2773 collectis.

897 1755 957 1786 ccc.
1003 1755 1130 1786 Habent
1153 1755 1236 1785 enim
1261 1754 1459 1785 collationem
1484 1753 1565 1785 inter

898 1815 941 1841 se,
956 1816 1055 1844 pauca
1071 1811 1102 1835 et
1115 1806 1261 1845 plurima.
1307 1805 1434 1834 meL.

942 1855 994 1885 99.
1022 1855 1176 1889 Quantum
1190 1854 1341 1894 peccora]
1360 1854 1460 1890 Forte,
1477 1864 1565 1894 quam

901 1910 933 1934 tu
955 1915 1090 1944 peccare.
1114 1904 1233 1934 mes.
1280 1903 1411 1934 Peccare
1434 1902 1485 1933 hic
1511 1913 1566 1944 pro

900 1959 1030 1995 peccato
1055 1953 1192 1995 ponitur.
1226 1952 1272 1983 ita
1298 1954 1390 1992 ipsum
1415 1963 1515 1982 amare
1539 1958 1566 1982 te

897 2004 1004 2042 pudet,
1033 2001 1164 2040 Quinct.
1192 2002 1284 2033 Decl.
1306 2013 1356 2032 xv.
1382 2002 1413 2032 9.
1436 2000 1500 2032 vid.
1527 2000 1567 2031 ad

902 2052 986 2083 Nuc.
1001 2063 1079 2083 vers.
1094 2054 1126 2082 5.
1171 2051 1288 2082 Eunu.

950 2102 1019 2133 103.
1040 2102 1161 2132 Veneris
1172 2099 1452 2142 decerpereflores.]
1469 2099 1567 2130 Fruc-

904 2157 967 2181 tum
983 2151 1082 2193 prima
1092 2150 1187 2181 editio
1198 2160 1270 2181 cum
1281 2150 1452 2185 Puteaneo,
1466 2148 1568 2189 Regio

904 2207 935 2232 et
951 2205 1082 2242 quatuor
1097 2200 1176 2231 aliis,
1200 2199 1438 2241 multi,f1‘uctus
1453 2198 1569 2239 velflo-

906 2262 976 2281 rem.
1000 2261 1112 2292 parum
1131 2249 1232 2281 refert.
1282 2249 1374 2284 Puto,
1390 2259 1572 2288 praecerpere

905 2311 971 2331 esse
996 2300 1205 2331 scribendum.
1231 2298 1376 2329 nimirum
1400 2303 1569 2339 antequam

907 2349 1086 2381 desinamus
1101 2359 1217 2380 amare.
1261 2348 1379 2378 mes.

954 2400 1025 2430 104.
1053 2399 1128 2430 Cras
1141 2399 1315 2439 qztoquefiet
1331 2396 1434 2437 idem]
1464 2395 1572 2426 Plato-

909 2449 998 2480 nicus
1013 2449 1164 2491 Nigrinus
1180 2448 1263 2491 apud
1282 2448 1457 2478 Luci-anum
1479 2445 1572 2476 disci-

909 2499 992 2541 pulis
1010 2499 1074 2530 suis
1098 2499 1217 2530 solebat
1241 2498 1410 2533 inculcare,
1434 2497 1510 2528 Δεῖν
1535 2495 1572 2526 ἀ-

910 2547 1075 2590 μέλλητον
1090 2549 1171 2580 εἶναι
1187 2549 1250 2586 τὴν
1267 2548 1351 2589 πρὸς
1366 2547 1406 2577 τὰ
1421 2547 1505 2577 καλὰ
1521 2546 1573 2588 ὁρ-

911 2611 992 2640 μην.
1039 2599 1159 2629 Notum
1174 2604 1204 2628 et
1219 2597 1297 2628 illud
1311 2596 1440 2627 Hesiodi
1453 2607 1458 2626 e

957 2647 1023 2679 Αἰεὶ
1053 2647 1077 2678 δ’
1106 2647 1321 2689 ἀμβολιεργὸς
1353 2645 1438 2687 ἀνὴρ
1465 2645 1573 2676 ἄταισι

998 2692 1143 2723 παλαίει.
1413 2689 1531 2720 mes.
