1760 3172
388 169 479 211 EX
514 168 724 211 ΡΟΝΤΟ
759 168 878 209 LIB.
915 168 979 209 II.
1014 169 1205 212 EPIST.
1240 170 1302 212 II.

1449 170 1532 211 401.

562 359 994 407 EPISTOLA
1046 361 1114 408 II.

637 494 1053 542 MESSALLINO.

152 596 280 642 ILLE
307 596 482 649 domus
507 603 683 643 vestrae
706 597 875 659 primis
896 604 1152 659 venerator
1177 598 1238 645 ab
1265 599 1419 655 annis,

216 673 398 720 Pulsus
424 674 485 720 ad
514 672 695 720 Euxini
722 674 858 721 Naso
885 675 1082 722 sinistra
1105 675 1230 731 freti,

150 743 310 798 Mittit
333 752 395 798 ab
420 751 670 798 indomitis
694 752 837 807 hanc,
867 751 1171 808 Messalline,
1199 753 1425 807 salutem,

216 827 378 882 Quam
401 828 574 875 solitus
599 845 816 892 praesens
842 836 917 876 est
942 830 1031 876 tibi
1053 829 1193 886 ferre,
1217 831 1378 878 Getis.

149 904 261 952 Heu
287 905 423 960 mihi,
451 905 492 952 si
516 907 645 953 lecto
665 907 830 952 vultus
857 906 945 953 tibi
970 907 1168 954 nomine
1193 924 1290 954 non
1315 914 1406 963 est,
1496 919 1523 954 o

215 981 312 1036 Qui
338 983 444 1039 fuit,
472 990 523 1030 et
547 984 746 1030 dubitas
773 991 954 1031 caetera
977 984 1257 1048 perlegere!

148 1058 374 1122 Perlege,
402 1076 493 1108 nec
518 1076 714 1108 mecum
738 1061 922 1124 pariter
947 1078 1057 1108 mea
1080 1063 1230 1108 verba
1254 1062 1446 1123 relega:

215 1137 352 1184 Urbe
376 1137 493 1184 licet
514 1145 679 1185 vestra
701 1139 923 1186 versibus
945 1155 1054 1187 esse
1078 1140 1217 1186 meis.

148 1213 264 1260 Non
288 1230 380 1276 ego
404 1215 627 1278 concepi,
652 1215 691 1261 si
718 1214 893 1263 Pelion
920 1216 1051 1263 Ossa
1070 1216 1281 1271 tulisset,

214 1292 364 1339 Clara
387 1308 499 1340 mea
521 1293 658 1355 tangi
683 1293 845 1341 sidera
868 1310 1015 1357 posse
1040 1309 1205 1340 manu.
1468 1296 1523 1338 lt)

148 1368 255 1416 Nec
281 1385 387 1425 nos,
416 1368 655 1416 Enceladi
681 1370 932 1418 dementia
955 1377 1117 1417 castra
1141 1370 1315 1423 secuti,

212 1445 271 1492 In
297 1462 459 1493 rerum
478 1447 703 1493 dominos
729 1447 968 1494 movimus
994 1463 1130 1494 arma
1156 1446 1307 1494 Deos.

147 1522 271 1579 Nec,
295 1524 429 1587 quod
453 1523 661 1587 Tydidae
687 1525 948 1571 temeraria
970 1524 1177 1570 dextera
1201 1523 1334 1579 fecit,

213 1600 433 1648 Numina
457 1608 572 1648 sunt
595 1601 706 1648 telis
731 1601 830 1648 ulla
849 1600 1006 1664 petita
1029 1600 1168 1648 meis.

189 1792 219 1822 2.
238 1790 349 1821 Pulsus
368 1791 407 1821 ad
429 1791 552 1821 sinistra
570 1791 711 1832 Euxini]
739 1791 800 1822 Re-

144 1839 266 1881 legatus
281 1839 312 1870 in
326 1839 457 1870 Pontica
471 1839 607 1881 regione,
618 1851 688 1881 quae
701 1840 802 1881 ingre-

143 1888 302 1920 dientibus
316 1888 347 1919 in
362 1894 449 1930 parte
465 1888 590 1919 sinistra
605 1889 747 1930 adparet.

188 1940 218 1970 8.
243 1938 354 1978 Licet]
380 1938 462 1976 Quia
486 1938 510 1969 si
530 1944 621 1980 poeta
641 1944 687 1969 651
703 1939 802 1975 exsul,

144 1988 211 2030 ejus
234 1988 372 2018 carmina
394 1998 455 2018 non
478 1993 550 2018 sunt
572 1987 710 2028 relegata
731 1998 800 2019 cum

145 2038 209 2075 illo,
227 2043 258 2068 et
276 2037 393 2078 ingenii
417 2037 512 2068 foetus
535 2048 630 2079 poena
648 2037 801 2079 scriptoris

143 2087 252 2129 nequit
267 2086 429 2128 attingere.

187 2137 220 2167 9.
238 2136 308 2166 Non
323 2147 375 2177 ego
388 2136 533 2176 concepi]
560 2136 616 2166 Est
630 2135 704 2166 ordo
717 2148 723 2165 ε
740 2147 799 2166 11011

145 2195 203 2226 ego
220 2184 348 2226 concepi
369 2185 456 2214 clara
479 2184 579 2215 sidera
604 2195 692 2226 posse
713 2185 799 2225 tangi

142 2244 213 2265 mea
240 2243 345 2269 manu,
368 2233 393 2263 si
417 2233 498 2264 Ossa
527 2232 648 2264 tulisset
669 2233 798 2272 Pelion3

143 2284 202 2314 hoe
218 2288 274 2319 est,
284 2282 310 2313 si
325 2283 406 2313 Ossa
415 2293 502 2313 mons
517 2282 675 2314 habuisset
690 2282 798 2313 Pelion

143 2339 279 2364 montem
294 2332 575 2374 superimpositum.

190 2383 239 2413 10.
267 2382 352 2412 Posse
390 2382 503 2423 tangi]
549 2382 641 2412 Posse
681 2381 798 2418 violari,

143 2431 407 2473 quemadmodum
421 2431 546 2462 voluere
563 2430 726 2471 Gigantes.

189 2483 240 2511 ll.
266 2481 328 2512 Nec
350 2492 399 2511 ms
427 2480 598 2520 Enceladi]
624 2480 800 2511 Enceladus

141 2531 244 2561 Terrae
258 2530 341 2560 filius
354 2530 430 2562 fuit:
448 2540 542 2571 quem
553 2529 681 2560 fulmine
691 2530 797 2565 ictum,

143 2580 312 2620 AEtnaeque
340 2578 532 2620 subpositum
559 2577 665 2609 scribit
691 2577 799 2620 Virgil.

143 2628 175 2658 in
191 2627 245 2658 lib.
255 2626 300 2658 iii.
317 2627 527 2658 AEneid.578.

190 2677 240 2706 12.
256 2675 397 2716 Rerum]
413 2676 636 2718 Verpoortenio
651 2675 799 2707 adludere

144 2724 267 2757 videtur
292 2730 384 2766 poeta
407 2724 445 2755 ad
468 2724 530 2755 tria
552 2724 687 2766 Augusti
715 2724 799 2755 bella

189 2775 216 2804 V
221 2774 286 2804 OL.
303 2773 347 2803 ΙΙ.

870 1791 985 1827 civilia,
1001 1796 1031 1822 et
1055 1801 1109 1832 per
1129 1791 1262 1832 primum
1287 1790 1365 1820 illud
1386 1789 1524 1820 indicare

870 1840 987 1871 bellum
1009 1845 1115 1870 contra
1130 1840 1263 1870 Brutum
1285 1844 1316 1870 et
1332 1839 1475 1869 Cassium
1493 1839 1525 1868 in

870 1889 1076 1928 Macedonia3
1099 1899 1152 1931 per
1172 1889 1378 1924 Enceladum,
1396 1889 1524 1918 Sextum

870 1939 1064 1980 Pompeium,
1081 1949 1215 1979 quocum
1238 1937 1271 1968 in
1288 1937 1395 1968 Sicilia
1414 1941 1445 1966 et
1460 1937 1523 1967 Cu-

870 1999 962 2019 mana
972 1999 1024 2019 ora
1034 1988 1216 2018 dimicatum
1227 1993 1273 2017 est
1283 1999 1291 2025 3
1302 1988 1358 2018 sub
1370 1986 1523 2020 Diomede

870 2043 973 2068 autem
1000 2036 1099 2077 Tydei
1126 2036 1200 2071 filio,
1231 2036 1359 2077 (audaci
1389 2041 1421 2066 et
1455 2035 1523 2066 forti

868 2086 960 2117 heroe
975 2087 1006 2116 in
1020 2086 1103 2117 bello
1117 2086 1260 2127 Trojano,
1277 2086 1329 2127 qui
1342 2086 1475 2116 Martem
1493 2091 1523 2115 et

868 2137 1022 2167 Venerem
1043 2146 1097 2177 pro
1112 2135 1251 2176 Trojanis
1265 2140 1441 2177 pugnantes
1455 2135 1523 2164 vul-

868 2185 1001 2225 neravit)
1026 2184 1153 2215 innuere
1171 2185 1220 2214 M.
1244 2183 1427 2219 Antonium,
1448 2183 1525 2213 belli

867 2234 1000 2276 peritum
1021 2234 1143 2269 ducem,
1160 2239 1192 2263 et
1214 2243 1348 2274 quocum
1363 2232 1522 2273 depugna-

867 2290 931 2314 tum
953 2288 999 2313 est
1021 2283 1104 2313 circa
1125 2282 1233 2313 eadem
1250 2282 1335 2323 Epiri
1352 2287 1382 2312 et
1394 2281 1522 2311 AEtoliae

867 2332 1040 2368 litt0ra,ubi
1057 2332 1213 2373 quondam
1227 2330 1396 2362 Diomedes
1412 2341 1521 2371 regna-

867 2387 962 2412 verat.
999 2381 1084 2411 Veli.
1106 2380 1140 2410 ii.
1161 2381 1200 2410 73
1227 2385 1257 2410 et
1283 2381 1334 2410 84.
1379 2379 1521 2410 Indicare

868 2428 960 2471 igitur
974 2430 1096 2460 videtur
1110 2436 1213 2472 poeta,
1230 2440 1262 2460 se
1283 2440 1382 2470 neque
1403 2428 1521 2470 Philip-

866 2479 953 2521 pensi
978 2479 1070 2515 bello,
1101 2489 1202 2520 neque
1230 2478 1396 2514 Siciliensi,
1420 2488 1520 2518 neque

868 2528 1010 2564 Actiaco,
1022 2539 1106 2559 arma
1121 2528 1268 2558 adversus
1281 2527 1457 2568 Augustum
1472 2532 1520 2557 tu-

866 2576 949 2607 lisse.
985 2576 1099 2608 Confer
1120 2576 1212 2607 Trist.
1230 2575 1273 2606 iii.
1293 2577 1324 2606 5.
1340 2576 1392 2606 45.
1438 2574 1520 2605 Mihi

867 2626 993 2667 quidem
1025 2626 1075 2657 vel
1100 2626 1302 2667 Verpoorten,
1333 2624 1382 2655 vel
1418 2623 1521 2665 potius

867 2676 953 2706 Naso
981 2675 1106 2716 ingenio
1142 2675 1383 2717 intemperanter
1406 2674 1521 2705 abusus

866 2724 997 2756 videtur.
1033 2724 1180 2755 HARLEs.

994 2773 1025 2803 D
1042 2784 1061 2803 1)
