1760 3172
174 176 258 217 388

572 173 621 214 Ρ.
655 171 867 214 OVIDII
901 170 1178 213 NASONIS

178 291 284 339 Nec
310 306 436 353 quos
461 288 680 353 piniferis
711 287 898 352 positos
925 287 973 333 in
999 286 1208 333 collibus
1237 286 1402 333 hortos

245 367 452 430 Spectat
478 364 731 412 Flaminiae
760 362 938 410 Clodia
955 363 1134 425 juncta
1155 362 1263 409 viae.

177 445 316 499 Quos
336 460 428 506 ego
449 443 616 490 nescio
637 442 716 489 cui
737 441 883 496 colui,
903 440 1085 503 quibus
1105 439 1212 502 ipse
1238 438 1456 485 solebam
1493 440 1556 484 45

243 521 323 567 Ad
349 528 457 568 sata
480 519 722 573 fontanas,
741 533 832 564 nec
859 516 1028 580 pudet,
1053 515 1235 562 addere
1261 530 1432 577 aquas.

179 597 307 645 Sunt
323 597 405 654 ibi,
424 597 464 643 si
480 596 662 651 vivunt,
681 601 850 641 nostra
865 608 1066 656 quoque
1083 592 1275 639 consita
1290 591 1556 655 quondam,

245 674 346 722 Sed
372 690 469 721 non
496 680 547 721 et
572 680 740 720 nostra
763 686 911 735 poma
935 670 1151 732 legenda
1173 686 1338 716 manU.

180 752 277 798 Pro
303 751 485 814 quibus
511 749 703 797 amissis
731 748 920 795 utinam
945 748 1231 810 contingere
1255 746 1414 810 possit

245 828 341 875 Hic
367 828 543 875 saltem
569 826 776 890 profugo
798 825 944 888 gleba
969 825 1179 872 colenda
1202 824 1347 870 mihi!

1498 824 1562 868 50

180 905 295 969 Ipse
321 920 413 967 ego
439 904 733 968 pendentes,
760 902 909 949 liceat
932 902 1095 958 modo,
1122 917 1243 965 rupe
1269 900 1505 964 capellaS,

246 981 361 1045 Ipse
384 980 532 1028 velim
557 979 735 1026 baculo
761 994 965 1042 pascere
990 978 1135 1025 nixus
1161 995 1304 1026 oves:

180 1058 298 1123 Ipse
323 1074 433 1120 ego,
457 1073 518 1104 ne
545 1055 700 1103 solitis
727 1055 957 1101 insistant
983 1061 1186 1118 pectora
1209 1054 1356 1110 curis,

248 1135 443 1182 Ducam
469 1133 704 1180 ruricolas
731 1133 824 1179 sub
843 1133 967 1195 juga
991 1132 1156 1195 panda
1179 1132 1360 1179 boves:

179 1212 245 1260 Et
267 1212 456 1260 discam
483 1210 648 1257 Getici
674 1226 785 1273 quae
810 1210 972 1257 norint
995 1209 1145 1257 verba
1162 1208 1392 1273 juvenci;
1499 1209 1561 1254 55

245 1289 496 1337 Adsuetas
522 1288 617 1335 illis
644 1287 978 1351 adjiciamque
1003 1287 1191 1334 minas:

180 1367 313 1431 Ipse,
340 1382 489 1413 manu
514 1365 749 1429 capulum
775 1364 933 1429 pressi
959 1364 1241 1411 moderatus
1267 1363 1430 1419 aratri,

247 1442 490 1508 Experiar
514 1448 650 1490 mota
676 1457 909 1505 spargere
931 1457 1102 1489 semen
1126 1440 1304 1488 humo:

223 1658 276 1688 44.
305 1656 438 1697 Gladim]
464 1656 514 1687 Sic
537 1655 717 1687 emendavit
739 1655 841 1687 Hein-

179 1705 253 1742 sius,
269 1716 363 1747 quem
377 1705 460 1741 vide,
484 1716 522 1736 ex
545 1704 739 1741 Sarraviano,
764 1716 840 1747 quo-

182 1765 255 1785 cum
277 1753 430 1785 consentit
449 1753 519 1784 cod.
544 1754 658 1785 Bavar.
702 1754 779 1790 Alii,
796 1754 842 1785 uti

182 1814 306 1846 quoque
335 1803 451 1834 Erfurt.
501 1803 642 1839 Claudia,
675 1814 745 1844 quae
778 1803 842 1833 Mi-

183 1853 301 1895 cyllum
317 1852 409 1883 valde
424 1852 559 1884 vexavit.
606 1853 723 1888 Clodia,
742 1852 845 1893 inquit

181 1902 292 1933 Heins.
303 1901 520 1943 adpellabatur
535 1901 602 1932 haec
611 1901 674 1937 via,
683 1912 738 1943 per
748 1912 842 1942 quam

180 1952 238 1983 iter
260 1950 373 1986 Roma,
390 1951 518 1986 Lucam,
535 1949 702 1980 Pistorium
725 1957 757 1980 et
773 1949 842 1980 Flo-

180 1999 312 2032 rentiam
334 2000 441 2035 fiebat,
458 2005 493 2029 ut
516 2009 553 2030 ex
575 1998 727 2029 Antonini
745 1998 841 2030 Itine-

180 2049 260 2080 rario
285 2048 446 2084 discimus,
473 2048 504 2078 h.
520 2058 548 2078 e.
574 2058 628 2089 per
643 2047 843 2089 Apeninum3

181 2104 217 2130 ut
226 2098 293 2140 jam
308 2103 438 2134 constet,
454 2097 583 2139 quinam
603 2096 727 2139 piniseri
749 2096 844 2127 colles

181 2147 243 2178 sint
271 2145 402 2183 Nasoni,
418 2156 516 2188 quum
542 2145 708 2188 Apeninus
736 2145 844 2186 pinum

182 2195 353 2227 etiamnum
368 2195 651 2237 frequentissimam
671 2194 759 2225 ferat.
794 2194 842 2224 Ac

182 2245 357 2276 Burmann.
373 2243 484 2275 laudat
504 2244 621 2284 Berger
643 2242 682 2274 de
703 2242 843 2273 Publicis

182 2294 394 2325 Romanorum
406 2292 486 2329 Viis,
499 2292 570 2324 libr.
586 2292 632 2323 iii.
645 2293 776 2335 cap.22.
792 2298 840 2322 at-

183 2354 256 2385 que,
274 2342 336 2374 Via
360 2342 484 2378 Clodia,
503 2342 605 2384 inquit
626 2342 797 2373 Burmann.
812 2347 844 2372 et

182 2392 339 2424 Flaminia
362 2403 424 2423 non
443 2392 534 2433 longe
554 2392 593 2423 ab
609 2391 694 2423 Urbe
712 2393 777 2433 jam
795 2390 842 2422 di-

183 2441 314 2473 vortium
332 2441 492 2480 secerant3
516 2451 613 2483 quum
628 2440 781 2472 Flaminia
803 2439 844 2470 ad

184 2491 326 2522 dextram
350 2489 492 2521 tenderet
516 2500 570 2532 per
594 2501 670 2521 saxa
691 2490 784 2521 rubra
805 2489 844 2520 ad

185 2539 360 2578 Narniam;
385 2539 499 2571 Clodia
522 2539 561 2570 ad
576 2539 732 2570 sinistram
748 2539 844 2570 Veios

184 2595 217 2621 et
237 2589 386 2625 Sutrium,
402 2588 447 2620 ita
463 2595 497 2620 ut
520 2588 603 2620 circa
616 2589 712 2620 Veios
728 2588 844 2619 disces-

184 2638 259 2670 sisse
281 2644 407 2680 putem:
431 2638 510 2669 horti
533 2649 606 2680 ergo
623 2638 715 2681 positi
736 2637 843 2669 viden-

185 2694 234 2719 tur
244 2687 338 2719 fuisse
349 2687 428 2719 inter
443 2688 538 2719 Veios
553 2695 585 2719 et
597 2687 742 2723 Romam.
772 2687 843 2718 Fla-

909 1656 1037 1687 miniam
1053 1656 1147 1692 viam,
1162 1666 1180 1686 a
1195 1655 1230 1686 L.
1243 1653 1407 1689 Flaminio,
1423 1653 1568 1690 Censore,

908 1706 1073 1742 munitam,
1111 1703 1296 1736 instauravit
1332 1703 1503 1743 Augustus.
1540 1714 1569 1733 v.

909 1756 1039 1786 Sueton.
1066 1756 1150 1796 Aug.
1178 1765 1208 1785 c.
1234 1755 1289 1785 30.
1338 1753 1376 1783 In
1405 1751 1568 1783 Addendis

911 1806 1018 1836 Burni.
1042 1810 1119 1835 tom.
1146 1805 1186 1835 iv.
1213 1815 1244 1846 p.
1267 1804 1342 1834 262.
1376 1807 1396 1819 ‘¹
1413 1801 1568 1844 Suspicio-

911 1865 995 1890 nem,
1013 1853 1066 1890 ajt,
1084 1864 1179 1895 quam
1205 1852 1300 1883 habui
1324 1851 1362 1883 de
1379 1851 1428 1883 via
1443 1851 1568 1886 Clodia,

912 1902 1035 1943 egregie
1050 1902 1113 1933 vidi
1125 1913 1222 1944 nuper
1232 1901 1443 1932 confirmatam
1455 1910 1474 1930 a
1487 1899 1571 1930 doct.

909 1951 1038 1987 Poleno,
1051 1951 1103 1992 qui
1115 1951 1154 1981 ad
1168 1950 1305 1981 Frontini
1319 1948 1454 1990 Aquaed.
1466 1959 1497 1979 n.
1515 1949 1569 1978 71.

910 2000 1012 2036 docet,
1029 1999 1216 2030 Flaminiam
1233 2009 1251 2030 a
1267 1998 1380 2030 Clodia
1394 1997 1570 2029 discessisse

911 2049 950 2080 ad
964 2049 1112 2084 Tiberim,
1129 2055 1160 2079 et
1183 2047 1270 2079 illam
1295 2047 1335 2078 ad
1358 2047 1485 2077 Rubros
1508 2046 1571 2077 dis-

911 2099 1038 2130 cessisse
1053 2099 1092 2129 ad
1109 2098 1260 2133 dextram,
1270 2097 1350 2128 hanc
1366 2096 1398 2126 in
1413 2096 1570 2127 sinistram

912 2147 953 2178 ad
973 2148 1102 2178 Sextum
1125 2146 1252 2184 abiisse,
1269 2152 1301 2178 et
1314 2146 1358 2177 ibi
1373 2146 1516 2177 Cassiam
1531 2156 1570 2176 ex

901 2197 964 2228 i'lla
975 2207 1029 2239 per
1045 2196 1150 2231 Veios.
1165 2196 1268 2238 Nepe,
1285 2201 1346 2226 etc.
1365 2195 1405 2226 ad
1427 2194 1570 2226 Clusium

910 2245 1092 2282 tetendisse,
1130 2245 1173 2277 ibi
1210 2246 1322 2276 iterum
1357 2244 1476 2276 Clodiae
1511 2244 1570 2275 suit

906 2295 1035 2336 juncta3
1056 2306 1125 2337 quae
1150 2294 1291 2337 pluribus
1315 2293 1491 2325 doctissime
1515 2305 1570 2325 ex-

910 2344 1019 2385 plicat,
1036 2349 1067 2375 et
1094 2343 1192 2375 oculis
1221 2343 1347 2385 subjicit
1375 2343 1497 2385 adjecta
1521 2349 1569 2375 ta-

910 2393 1026 2424 bella.”
1071 2394 1218 2424 HARLES.

953 2444 1007 2473 54.
1035 2443 1096 2473 Sub
1115 2444 1199 2484 juga
1224 2441 1355 2482 panda]
1387 2442 1451 2473 Sub
1476 2452 1571 2473 curva

907 2491 995 2533 juga.

955 2541 1006 2572 57.
1019 2540 1196 2581 Cupulum]
1209 2539 1338 2571 Stivam.
1353 2541 1460 2570 Aratri
1469 2541 1570 2579 pressi.

912 2589 1016 2620 Aratri
1031 2589 1178 2631 depressi.

956 2639 1008 2669 58.
1024 2639 1107 2669 Mora
1125 2638 1237 2678 huma]
1264 2638 1421 2670 Proscissa
1435 2644 1527 2668 terra.
