1760 3172
220 187 278 230 66
617 183 667 225 Ρ.
701 180 915 224 OVIDII
950 179 1231 222 NASONIS

225 302 349 357 Quae
374 299 514 347 vobis
539 299 731 354 dicunt,
759 296 996 344 dixerunt
1020 295 1156 343 mille
1181 295 1379 360 puellis.
1523 297 1621 341 430

1595 296 1617 318 t.

295 375 458 433 Errat‚
486 384 536 424 et
563 377 610 422 in
636 375 772 421 nulla
798 372 918 420 sede
943 379 1164 419 moratur
1189 388 1341 419 arnor.

230 454 438 504 Femina
463 453 585 518 quid
610 452 777 507 faciat,
804 465 919 498 cum
945 450 1010 496 sit
1033 449 1104 495 vir
1130 449 1281 496 levior
1308 449 1443 512 ips2'i3

297 531 526 579 Forsitan
553 538 604 578 et
628 530 796 593 plures
822 527 982 592 possit
1007 527 1191 574 habere
1213 526 1375 573 viros?

229 608 327 655 Vix
354 608 474 655 mihi
500 607 746 662 credetis;
787 605 876 652 sed
900 603 1120 650 credite:
1161 602 1312 665 Troja
1336 609 1574 657 maneret,

296 684 574 748 Praeceptis
602 681 787 730 Priami
815 681 854 728 si
882 680 1008 727 foret
1033 695 1125 727 usa
1149 680 1242 727 sui.

1525 682 1624 725 440

231 762 361 809 Sunt
384 762 469 825 qui
495 760 725 809 mendaci
751 758 918 823 specie
944 765 1233 820 grassentur
1257 756 1455 812 amoris,

296 839 497 903 Perque
524 839 691 886 aditus
717 838 843 885 tales
869 837 1007 882 lucra
1031 834 1269 898 pudenda
1294 842 1484 897 petant.

229 915 277 963 N
283 932 339 964 ec
365 932 508 963 coma
530 932 618 963 vos
642 915 784 962 fallat
807 912 1001 976 liquida
1028 911 1330 959 nitidissima
1354 911 1536 958 nardo:

298 992 407 1040 Nec
432 993 594 1041 brevis
621 993 671 1039 in
696 1008 844 1053 rugas
869 989 1071 1052 cingula
1094 1005 1268 1052 pressa
1292 1005 1423 1036 suas,

231 1069 341 1118 Nec
367 1078 485 1134 toga
509 1069 731 1133 decipiat
755 1069 838 1116 filo
863 1066 1185 1115 tenuissima:
1231 1082 1323 1114 nec
1349 1065 1389 1113 si

1525 1067 1625 1112 445

296 1146 526 1194 Annulus
553 1147 602 1193 in
628 1146 800 1209 digitis
826 1146 951 1194 alter
976 1151 1027 1192 et
1051 1145 1180 1192 alter
1202 1144 1310 1192 erit.

231 1223 460 1272 Forsitan
485 1240 549 1272 ex
574 1225 749 1271 horum
774 1239 980 1270 numero
1007 1221 1317 1269 cultissimus
1344 1221 1427 1268 ille

298 1301 398 1348 Fur
423 1301 511 1358 sit;
552 1308 604 1349 et
628 1309 799 1348 uratur
822 1300 977 1348 vestis
1004 1315 1171 1346 amore
1197 1306 1312 1346 tuae.

232 1376 411 1425 Redde
437 1394 620 1434 meum,
648 1378 868 1424 clamant
894 1375 1121 1440 spoliatae
1147 1391 1281 1439 saepe
1307 1376 1510 1440 puellae:

300 1454 480 1502 Redde
505 1471 689 1510 meum,
716 1460 822 1502 toto
846 1470 968 1502 voce
992 1454 1178 1501 boante
1203 1453 1322 1501 foro.

1527 1456 1628 1500 450

231 1530 357 1588 Has,
383 1531 573 1587 Venus,
601 1548 628 1579 e
653 1531 872 1595 templis,
899 1531 1059 1577 multo
1084 1529 1396 1578 radiantibus
1421 1546 1557 1587 auro,

299 1607 461 1657 Lenta
483 1608 623 1657 vides
648 1608 780 1664 lites,
803 1606 1167 1671 Appiadesque
1194 1607 1333 1656 Deae.

233 1684 364 1732 Sunt
389 1701 593 1749 quoque
617 1702 715 1732 non
739 1684 895 1731 dubia
922 1683 1154 1746 quaedam
1179 1685 1311 1732 mala
1331 1684 1533 1732 nomina
1556 1684 1628 1733 fa-

299 1762 543 1827 Deceptae
569 1778 597 1810 a
621 1762 793 1810 multis
818 1760 1006 1808 crimen
1031 1761 1245 1809 amantis
1270 1762 1472 1810 habent.
1494 1763 1625 1825 [mih

275 1901 352 1932 441.
378 1901 566 1933 Grassantur
581 1903 720 1943 amoris]
750 1902 896 1933 Grassen-

231 1957 284 1981 tur
305 1951 449 1983 meliores
471 1962 543 1983 cum
566 1952 666 1994 primii
691 1951 839 1983 editione.
865 1956 897 1982 et

229 2007 335 2039 petant
351 2000 494 2041 sequenti
510 2011 612 2032 versu.
638 2001 756 2032 mes.
803 2000 897 2032 Gras-

231 2051 294 2079 sari
309 2059 362 2091 pro
382 2048 503 2080 adulari
519 2049 654 2091 positum
670 2050 828 2080 videretur
843 2060 896 2080 an-

233 2097 330 2139 tique,
348 2097 405 2129 nisi
421 2098 622 2140 praecederet.
667 2100 798 2129 Doum.

276 2148 352 2178 443.
378 2147 441 2178 Nec
454 2159 534 2178 coma
550 2149 703 2190 vosfallut
721 2149 835 2189 liquida
850 2151 897 2179 711*-

233 2197 380 2227 fidissima
408 2197 532 2238 nardo]
560 2197 628 2229 Hoc
654 2203 712 2232 est,
738 2205 898 2239 unguento

235 2244 380 2281 nardino,
394 2245 463 2276 sive
480 2245 547 2287 ipsa
564 2246 679 2277 nardus
695 2246 815 2282 foliata,
832 2246 897 2277 sive

234 2294 356 2335 spicata
380 2294 489 2325 fuerit:
529 2295 576 2325 his
609 2295 692 2326 enim
722 2295 898 2327 nominibus

235 2342 319 2384 apud
339 2343 476 2374 Plinium
492 2343 704 2385 distinguitur.
748 2345 875 2376 Micx‘r..

279 2392 353 2422 444.
379 2392 442 2422 Nec
468 2394 562 2423 brevis
591 2395 623 2423 in
652 2405 745 2435 rugus
772 2396 898 2435 cingula

234 2452 332 2481 pressa
347 2441 442 2481 suas]
471 2442 635 2483 Cingulum
652 2444 763 2473 brer-em
778 2443 829 2474 hic
845 2454 898 2475 ex-

235 2495 365 2530 ponunt,
392 2500 462 2531 quae
489 2497 607 2521 vestem
633 2491 732 2533 ipsam
759 2501 842 2523 arcte
866 2503 900 2523 a·

233 2537 376 2579 stringat,
400 2539 568 2581 pluresque
593 2550 686 2581 rugas
709 2540 774 2571 sive
801 2541 901 2582 plicas

233 2585 342 2617 saciat.
368 2593 401 2617 ut
415 2587 455 2618 sit
469 2589 608 2630 cingula,
623 2599 693 2630 quae
709 2588 788 2620 alias
801 2599 896 2631 equo-

232 2644 301 2665 rum
328 2645 364 2666 ac
387 2637 599 2677 jumentorum
623 2638 744 2679 proprie
765 2645 823 2674 est,
843 2650 897 2680 pro

230 2685 354 2725 cingulo
368 2685 432 2716 sive
449 2686 556 2717 cinctu
571 2686 683 2728 posita.
712 2687 825 2718 Solitos
840 2698 896 2719 au-

230 2738 294 2764 tem
332 2734 415 2776 cingi
445 2734 606 2767 Romanos
637 2742 766 2773 veteres,
805 2748 895 2779 argu-

963 1907 1069 1932 mento
1094 1901 1189 1933 etiam
1215 1907 1263 1932 est
1285 1901 1404 1933 dictum
1430 1901 1509 1933 illud
1533 1902 1628 1944 Syllae

964 1951 1004 1981 de
1021 1952 1156 1987 Caesare,
1173 1952 1310 1982 Puerum
1327 1952 1407 1982 male
1421 1951 1627 1994 praecinctum

965 2001 1140 2032 cavendum
1156 2011 1233 2032 esse.
1256 2002 1384 2032 Μιογι.
1431 2001 1504 2031 vid.
1521 2001 1629 2032 Ferra-

964 2051 1054 2086 rium,
1070 2050 1125 2080 lib.
1140 2050 1186 2080 iii.
1203 2050 1241 2081 de
1258 2050 1307 2081 Re
1322 2051 1411 2081 Vest.
1427 2060 1497 2092 cap.
1511 2051 1542 2081 7.
1562 2051 1630 2092 qui,

965 2106 1076 2141 praeter
1101 2099 1263 2136 Ovidium,
1290 2100 1447 2131 neminem
1473 2102 1629 2142 cingulum

965 2147 1081 2179 dixisse
1106 2153 1207 2181 notat.
1252 2149 1378 2180 Servius
1407 2149 1447 2180 ad
1472 2149 1561 2191 Virg.
1586 2150 1630 2182 ix.

966 2197 1099 2229 sline'i'd.
1110 2199 1183 2229 360.
1199 2205 1286 2230 notat
1300 2200 1457 2240 cingulum
1469 2198 1629 2230 hominum

965 2248 1088 2289 generis
1107 2249 1247 2279 neutrius
1265 2259 1344 2284 esse,
1359 2247 1541 2279 animalium
1558 2259 1630 2280 vero

966 2297 1116 2328 feminino
1143 2308 1258 2339 genere
1290 2297 1366 2334 dici,
1395 2298 1447 2327 has
1479 2299 1632 2339 cingulus.

966 2347 1083 2377 Burni.

1011 2397 1086 2426 452.
1112 2397 1316 2436 Appiadesque
1332 2396 1430 2436 Deam]
1457 2397 1574 2428 Nescio
1590 2408 1630 2429 an

967 2456 1028 2476 non
1058 2455 1110 2487 per
1138 2445 1299 2487 Appiades
1330 2445 1426 2481 Deas,
1453 2446 1631 2488 Nymphas,

967 2504 1100 2535 quarum
1127 2500 1239 2525 statua:
1268 2494 1308 2524 ad
1338 2494 1464 2535 Aquam
1490 2495 1630 2537 Appiam

967 2543 1074 2584 positae
1087 2549 1186 2579 erant,
1198 2543 1363 2584 intelligat.
1379 2543 1418 2574 ad
1432 2543 1532 2574 fontes
1546 2544 1630 2574 enim

965 2597 996 2622 et
1009 2602 1160 2633 aquarum
1173 2591 1286 2623 ductus
1298 2598 1409 2623 statuae
1421 2593 1631 2634 ponebantur.

966 2640 1015 2670 Bv
1022 2652 1039 2670 n
1046 2652 1082 2670 M.

1008 2691 1081 2721 453.
1107 2690 1185 2720 Sunt
1200 2702 1312 2731 quoque
1333 2702 1390 2720 non
1411 2689 1532 2730 daban]
1568 2691 1629 2721 Lo-

964 2750 1019 2771 cus
1048 2739 1222 2776 intricatus
1250 2746 1281 2771 et
1311 2740 1400 2782 cujus
1426 2749 1552 2772 sensum
1578 2739 1631 2770 vix
