1760 3172
426 169 736 212 TRISTIUM
769 170 887 211 LIB.
918 169 972 210 V.
1007 170 1185 211 ELEG.
1217 172 1307 213 XI.
1472 173 1557 213 337

177 286 220 333 O
247 286 420 333 duram
441 270 834 348 Lachesin‚5qUae
861 292 961 332 tam
986 301 1132 347 grave
1160 286 1298 333 sidus
1325 287 1526 334 habenti

243 362 349 410 Fila
372 362 510 410 dedit
533 363 646 409 vitae
673 351 769 409 rion
796 363 1017 409 breviora
1041 379 1162 410 meae
1182 364 1191 409 !
1492 368 1554 411 46

175 438 322 493 Quod
346 439 516 503 patriae
536 439 691 495 vultu,
715 446 979 501 vestroque
1005 455 1246 495 caremus,
1275 440 1449 497 amici3

242 515 489 579 Quodque
514 516 593 563 hic
619 516 670 563 in
693 516 943 580 Scythicis
967 516 1148 563 finibus
1174 532 1284 563 esse
1310 532 1517 579 queror3

177 593 402 656 Utraque
426 608 573 656 poena
597 593 786 655 gravis:
816 592 971 640 merui
990 600 1164 658 ‘tamen
1189 593 1311 641 urbe
1337 609 1533 650 carere3

242 669 357 716 Non
381 669 536 717 merui
560 669 647 716 tali
672 669 879 717 forsitan
903 685 1012 741 esse
1038 670 1163 717 loco.
1493 673 1555 718 50

176 745 310 800 Quid
343 747 536 809 loquor,
564 746 627 793 ah
659 746 864 793 demens
883 742 1087 812 lsipsam
1121 762 1322 810 quoque
1351 747 1555 810 perdere

242 822 455 870 Caesaris
478 822 665 870 offenso
690 822 890 870 numine
910 823 1088 885 dignus
1114 838 1262 870 eram.
1381 824 1554 885 [vitam

627 1099 668 1146 E
687 1099 724 1145 L
742 1098 783 1145 E
802 1099 848 1145 G
865 1099 887 1145 I
905 1098 949 1145 A
1002 1099 1096 1147 XI.

177 1233 337 1288 QUOD
359 1240 408 1281 te
434 1232 603 1281 nescio
628 1231 738 1295 quis
764 1247 853 1295 per
871 1232 1037 1295 jurgia
1061 1232 1244 1280 dixerit
1268 1249 1377 1281 esse

242 1310 444 1358 Exsulis
470 1326 693 1365 uxorem,
718 1310 860 1357 litera
884 1317 1063 1373 questa
1087 1317 1174 1357 tua
1198 1318 1289 1358 est.

176 1387 390 1444 Indolui,
417 1405 516 1435 non
539 1395 639 1436 tam
664 1403 775 1435 mea
800 1388 936 1450 quod
961 1387 1158 1435 fortuna
1178 1389 1306 1435 male
1332 1389 1486 1445 audit,

242 1463 340 1519 Qui
359 1465 464 1528 jam
488 1465 723 1512 consuevi
749 1464 939 1511 fortiter
960 1480 1071 1512 esse
1096 1464 1271 1521 miser3

176 1541 339 1596 Quam
358 1542 491 1604 quia,
513 1543 592 1590 cui
618 1542 818 1589 minime
837 1543 1030 1599 vellem,
1053 1543 1145 1589 sim
1166 1559 1317 1590 causa
1338 1543 1555 1606 pudoris,

241 1618 414 1682 Teque
439 1635 546 1667 rear
570 1619 748 1667 nostris
775 1620 1031 1668 erubuisse
1056 1620 1217 1667 malis.
1528 1624 1556 1667 6

176 1695 363 1751 Perfer,
391 1703 441 1744 et
464 1697 679 1744 obdura:
720 1697 872 1744 multo
898 1697 1120 1759 graviora
1143 1698 1317 1752 tulisti,

244 1772 410 1827 Quum
435 1790 515 1821 me
541 1773 787 1837 subripuit
811 1773 1046 1837 principis
1074 1773 1145 1820 ira
1169 1774 1276 1820 tibi.

179 1849 384 1897 Fallitur
406 1850 499 1898 iste
524 1857 706 1907 tamen,
735 1867 833 1914 quo
852 1852 1024 1915 judice
1049 1852 1275 1899 nominor
1301 1853 1442 1899 exsul
1464 1869 1473 1900 :

244 1927 443 1976 Mollior
467 1935 544 1977 est
568 1930 766 1993 culpam
792 1946 938 1993 poena
963 1937 1134 1977 secuta
1159 1945 1335 1977 meam.
1498 1932 1555 1975 lO

179 2004 404 2053 Maxima
420 2023 567 2070 poena
581 2007 700 2054 mihi
722 2015 814 2063 est,
828 2007 989 2071 ipsum
1007 2007 1296 2064 offendisse;
1324 2006 1559 2070 priusque

244 2082 477 2131 Venisset
500 2084 698 2132 mallem
724 2083 907 2131 funeris
933 2085 1052 2132 hora
1076 2084 1211 2132 mihi.

219 2237 271 2268 45.
288 2237 385 2269 Gravi
407 2240 488 2269 sidus
508 2240 654 2280 habenti]
682 2239 712 2270 h.
728 2251 754 2271 e.
781 2240 834 2282 qui
945 2241 997 2271 50.
1022 2239 1189 2279 Fon-sitatis]
1224 2238 1274 2268 Ne
1303 2237 1443 2267 absolute
1471 2236 1561 2266 adfir—

177 2290 242 2317 tam
254 2285 371 2317 infelici
382 2287 480 2318 sidere
491 2294 581 2319 natus
591 2299 670 2320 sum.
689 2290 836 2321 HARLES.
902 2289 1016 2320 mando
1033 2290 1191 2320 Caesarem
1216 2286 1363 2322 offendat,
1386 2292 1417 2315 et
1439 2284 1560 2326 injusti-

222 2335 274 2366 48.
286 2335 434 2368 Heinsius
446 2337 503 2368 hoc
517 2337 673 2369 distichon
686 2349 752 2370 esse
762 2350 834 2381 spu·
903 2338 953 2369 tiae
970 2343 1128 2379 coarguat.
1160 2338 1263 2367 Poxr.

178 2382 257 2414 rium
284 2383 437 2416 immerito
457 2391 567 2428 putat3
590 2387 649 2418 hoc
675 2387 758 2418 enim
781 2388 835 2418 de-

176 2431 252 2469 leto,
276 2432 352 2464 nihil
374 2439 464 2470 esset,
487 2435 569 2476 quod
590 2436 718 2467 referres
742 2437 833 2473 illud,
949 2437 976 2466 l.
1001 2435 1107 2465 Nescio
1131 2432 1220 2474 quis]
1252 2432 1302 2462 Sic
1328 2442 1382 2472 per
1404 2436 1561 2472 contemp-

178 2488 305 2522 utraque
321 2494 419 2523 poena,
439 2495 509 2525 quae
534 2484 671 2526 respicit,
696 2491 726 2516 et
753 2485 836 2527 quod
903 2489 969 2514 tum
987 2482 1173 2524 quandoque
1197 2481 1282 2522 loqui
1305 2479 1450 2515 solemus,
1466 2489 1562 2520 quum

179 2536 285 2562 careat
312 2531 430 2568 amicis,
455 2539 487 2563 et
513 2533 595 2574 quod
620 2545 682 2565 non
711 2535 838 2565 meliore
903 2532 1066 2573 indignum
1093 2541 1184 2572 quem
1209 2529 1397 2560 aestimemus
1422 2528 1561 2558 nomina-

179 2581 247 2610 loco
261 2581 349 2611 exsul
365 2580 460 2612 vivat.
492 2582 640 2614 HARLEs.
905 2593 985 2612 mus.

223 2630 277 2660 49.
298 2631 432 2670 Utraque
451 2642 537 2670 paena
559 2632 687 2673 gravis]
721 2633 762 2663 Et
785 2643 838 2663 ca-
951 2631 1000 2660 11.
1026 2630 1155 2670 Ipsum]
1192 2629 1246 2658 Me
1271 2626 1434 2657 offendisse
1459 2626 1563 2657 Caesa-

179 2688 245 2709 rere
268 2679 386 2710 scilicet
411 2679 580 2710 amicorum
604 2682 839 2714 consuetudine.
907 2690 981 2710 rem.

182 2732 213 2757 et
228 2726 260 2757 in
274 2728 405 2768 Scythia
421 2728 534 2759 vivere.

225 2776 324 2807 VOL.
349 2777 394 2808 Π.
1036 2776 1056 2805 Ζ
