1760 3172
328 157 419 198 EX
452 155 665 197 PONTo
700 155 822 197 ΠΒ.
859 156 948 197 111.
983 126 1176 199 Eprs'rss
1212 159 1293 201 iv.

1422 162 1508 204 463

115 271 341 335 Tamque
366 288 458 335 ego
484 271 775 318 sumsissem
800 272 886 318 tali
911 272 1145 336 clangore
1169 275 1404 337 vigorem,

184 349 347 404 Quam
373 350 507 396 rudis
534 349 704 396 audita
728 349 871 397 miles
897 350 960 397 ad
986 367 1121 398 arma
1145 353 1283 399 tuba.

119 427 331 477 Pectora
355 428 455 475 sint
479 428 620 474 nobis
648 428 842 474 nivibus
869 428 1131 490 glacieque
1155 429 1343 486 licebit,

183 505 351 569 Atque
377 506 487 561 hoc,
516 521 669 569 quem
695 505 871 569 patior,
899 505 1151 568 frigidiora
1176 507 1312 555 loco:

118 582 211 630 Illa
234 583 376 631 ducis
401 583 571 638 facies,
594 583 643 629 in
670 598 814 629 curru
842 583 1020 629 stantis
1048 583 1251 640 eburno,
1445 589 1507 634 35

184 660 458 708 Excuteret
481 660 636 722 frigus
663 660 892 707 sensibus
918 655 1063 707 omne
1088 660 1229 707 meis.

117 737 212 785 His
238 755 330 801 ego
356 738 600 794 defectus,
628 738 896 800 dubiisque
923 738 1207 785 auctoribus
1234 755 1370 794 usus,

182 815 263 863 Ad
287 816 438 864 vestri
462 815 605 863 venio
624 817 737 879 jure
758 816 937 863 favoris
964 832 1127 879 opem.

118 893 165 941 N
170 911 227 942 ec
252 895 372 942 mihi
397 901 515 942 nota
538 894 738 950 ducum,
757 910 848 941 nec
869 901 986 940 sunt
1006 893 1126 940 mihi
1145 901 1264 941 nota
1287 895 1509 943 locorum

185 971 429 1019 Nomina:
470 971 729 1018 materiam
749 971 832 1017 vix
858 971 1074 1018 habuere
1101 988 1293 1019 manus.

1443 976 1509 1019 40

117 1048 241 1097 Pars
267 1044 423 1112 quota
444 1049 507 1096 de
532 1049 683 1096 tantis
709 1049 874 1104 rebus,
903 1065 1054 1112 quam
1079 1049 1211 1096 fama
1234 1049 1431 1106 referre,

182 1126 285 1174 Aut
309 1127 489 1190 aliquis
515 1127 658 1174 nobis
684 1128 901 1174 scribere
928 1133 1114 1191 posset,
1142 1128 1281 1174 erat?

118 1203 230 1259 Quo
255 1204 431 1267 magiS‚
460 1221 488 1251 o
514 1205 686 1261 lector,
713 1205 867 1253 debes
894 1205 1167 1267 ignoscere,
1196 1205 1235 1252 si
1262 1205 1383 1268 quid

186 1281 417 1330 Erratum
442 1289 520 1329 est
544 1283 659 1338 illic,
687 1284 1056 1347 praeteritumve
1080 1283 1217 1329 mihi.

117 1360 279 1418 Adde,
298 1361 450 1424 quod,
472 1360 733 1409 adsiduam
758 1360 945 1408 domini
971 1361 1211 1408 meditata
1236 1361 1505 1422 querelam,

184 1437 265 1486 Ad
285 1439 455 1486 laetum
480 1455 680 1487 carmen
705 1439 787 1486 vix
813 1455 924 1486 mea
946 1455 1088 1487 versa
1112 1439 1220 1502 lyra
1244 1445 1336 1485 est.
1443 1441 1505 1486 46

117 1516 216 1563 Vix
241 1517 373 1563 bona
397 1524 512 1581 post
535 1523 672 1565 tanto
699 1518 943 1581 quaerenti
966 1518 1118 1565 verba
1144 1517 1393 1572 subibant,

186 1593 253 1642 Et
277 1594 494 1657 gaudere
519 1595 725 1658 aliquid,
754 1612 831 1643 res
858 1595 977 1642 mihi
1003 1595 1107 1641 visa
1131 1611 1255 1641 nova
1281 1602 1373 1642 est.

121 1670 293 1735 thue
319 1671 640 1719 reformidant
660 1673 910 1721 insuetum
935 1672 1124 1719 lumina
1151 1673 1334 1728 Solem,

187 1749 270 1795 Sic
296 1749 359 1796 ad
384 1749 608 1796 laetitiam
634 1766 772 1798 mens
800 1767 912 1797 mea
936 1749 1101 1811 segnis
1128 1756 1247 1797 erat.
1444 1752 1507 1796 50

120 1824 213 1872 Est
237 1841 440 1888 quoque
466 1832 758 1873 cunctarum
785 1827 977 1874 novitas
1003 1826 1260 1873 carissima
1284 1842 1470 1874 rerum:

187 1903 464 1967 Gratiaque
489 1905 665 1961 officio,
694 1906 828 1968 quod
854 1921 991 1951 mora
1015 1904 1193 1960 tardat,
1222 1904 1381 1951 abest.

117 2032 222 2063 cabat-
258 2033 350 2074 Virg.
377 2034 454 2064 AEn.
483 2045 512 2065 v.
543 2034 615 2065 148.
675 2037 780 2073 Quare

116 2083 212 2114 etiam
236 2082 268 2114 h.
287 2083 310 2113 1.
338 2084 559 2115 adclamatione
585 2085 780 2127 interpretari

116 2131 242 2174 poteris,
271 2138 303 2164 et
338 2138 409 2174 apte
445 2134 510 2164 Ioeto
547 2134 689 2165 additum
723 2141 780 2166 est.

118 2181 268 2213 HARLES.

162 2232 215 2262 32.
232 2231 332 2262 Rudis
349 2232 458 2272 miles]
484 2233 566 2273 Tyro
589 2239 620 2263 et
639 2232 714 2264 belli
733 2233 780 2263 in-

116 2286 274 2322 expertus,
291 2280 468 2322 ἀπόλεμος,
487 2283 616 2312 Homer.

161 2331 213 2361 36.
230 2329 268 2361 In
284 2342 381 2361 curru
401 2332 539 2372 eburna]
566 2332 780 2374 Triumphalia

116 2385 300 2410 ornamenta
323 2379 417 2416 fuere,
445 2386 517 2422 toga
543 2387 705 2423 praetexta,
730 2387 779 2411 tu-

118 2429 190 2459 nica
209 2429 359 2471 palmata,
375 2435 447 2471 toga
466 2431 562 2472 picta,
579 2441 693 2461 corona
713 2431 779 2461 lau-

117 2488 181 2515 rea,
205 2478 301 2521 scipio
326 2479 492 2515 eburneus,
512 2486 543 2510 et
566 2479 642 2510 sella
666 2480 781 2510 curulis

117 2528 267 2562 eburnea,
285 2527 323 2558 de
346 2538 410 2569 qua
435 2527 485 2559 hic
508 2529 642 2559 Ovidius
664 2528 778 2559 intelli-

117 2576 174 2618 git.

160 2626 212 2657 44.
230 2627 460 2658 Praeteritumve
476 2627 578 2668 mimz]
604 2627 671 2658 Aut
691 2637 709 2657 a
729 2636 778 2656 me

117 2675 370 2717 praetermissum.

162 2725 214 2755 45.
233 2725 385 2756 Adsiduas
404 2726 538 2766 querelas
559 2726 681 2760 domini,
701 2724 776 2763 &c.]

850 2034 1021 2065 Continuos
1044 2034 1134 2064 fletus
1162 2044 1257 2070 meOS,
1281 2038 1405 2076 propter
1428 2032 1508 2064 hanc

849 2083 1083 2125 relegationem.
1120 2084 1237 2113 mes.

892 2134 945 2163 46.
966 2133 1035 2163 Mea
1059 2144 1143 2163 versa
1166 2134 1234 2172 lyra
1252 2132 1321 2172 εει]
1349 2131 1398 2162 Sic
1413 2132 1507 2162 etiam

850 2184 963 2213 Bavar.
980 2193 1051 2212 curn
1072 2182 1236 2223 plerisque,
1253 2192 1310 2211 nec
1326 2181 1438 2211 mutari
1454 2181 1508 2212 de-

848 2231 916 2262 buit
938 2242 956 2261 a
978 2231 1131 2266 Fabricio,
1155 2232 1196 2260 via
1223 2241 1285 2260 mea
1309 2241 1391 2260 musa
1415 2231 1508 2266 venit,

848 2286 882 2311 ut
911 2280 1078 2321 Gottorpli.
1105 2285 1136 2309 et
1158 2280 1342 2310 Bersmann.
1371 2279 1506 2309 habent:

848 2329 924 2371 quid
940 2329 1025 2370 lyrae,
1041 2329 1142 2369 inquit
1157 2329 1222 2363 ille,
1243 2339 1314 2359 cum
1329 2328 1508 2369 triumpho?

848 2379 924 2420 quid
953 2379 1054 2409 eidem
1084 2389 1155 2408 cum
1185 2377 1321 2408 carmine
1347 2377 1508 2418 elegiaco?

848 2427 892 2457 At
911 2427 993 2458 enim
1014 2426 1170 2458 Claudiai]
1194 2426 1281 2468 praef.
1297 2438 1325 2456 v.
1345 2427 1392 2456 16.
1409 2437 1505 2457 carm.

849 2477 880 2507 in
906 2477 1057 2507 Rufinum
1078 2476 1103 2505 Ι.
1120 2481 1151 2506 et
1170 2476 1212 2505 ΙΙ.
1234 2475 1321 2516 praef.
1338 2487 1365 2505 v.
1384 2476 1432 2506 14.
1454 2486 1505 2506 eo-

849 2526 920 2557 dem
940 2537 1013 2557 usus
1035 2532 1081 2556 est
1097 2536 1164 2555 voc.
1180 2535 1280 2566 neque
1301 2524 1394 2555 odam
1410 2525 1507 2566 scrip-

847 2577 899 2606 sit.
938 2576 1088 2605 HARLES.

890 2625 944 2655 52.
964 2623 1095 2665 Officia]
1114 2622 1173 2653 Rei
1189 2622 1234 2653 illi
1250 2632 1343 2663 quam
1364 2620 1505 2658 facimus,

848 2681 882 2704 ut
912 2678 999 2715 puta,
1028 2671 1192 2702 scribendo
1223 2670 1424 2712 triumphum,
1454 2677 1508 2701 aut

849 2722 935 2754 aliud
954 2720 1074 2763 aliquid
1090 2720 1201 2751 simile.
