1760 3172
547 183 845 227 REMEDIA
875 183 1139 226 AMORIS.

1466 186 1552 227 105

151 301 358 348 Summa
381 301 508 365 petit
525 301 670 349 livor:
710 300 923 364 perflant
947 298 1193 346 altissima
1215 299 1375 348 venti:

215 379 424 426 Summa
446 385 626 443 petunt
644 379 824 426 dextra
843 377 1052 425 fulmina
1075 376 1229 423 missa
1249 376 1279 422 J
1284 377 1405 424 ovis.
1446 380 1544 424 370

148 456 216 505 At
238 463 309 513 tu,
337 457 643 521 quicumque
668 473 739 512 es,
767 471 919 519 quem
955 460 1129 502 nostra
1152 453 1358 501 licentia
1382 455 1540 513 laedit;

126 526 129 527 ⁷
215 534 270 580 Si
295 533 447 598 sapis,
475 534 538 581 ad
563 549 796 581 numeros
822 532 970 594 exige
997 530 1223 595 quidque
1250 547 1383 578 suos.

148 611 315 658 Fortia
340 610 558 658 Maeonio
579 611 800 674 gaudent
824 610 953 674 pede
975 609 1110 657 bella
1134 608 1323 655 referri.

214 688 421 735 Deliciis
446 689 546 736 illic
573 689 684 752 quis
709 689 850 735 locus
876 703 989 735 esse
1015 687 1217 750 potest?

1446 689 1543 733 374

149 765 351 813 Grande
378 773 556 813 sonant
574 765 795 829 Tragici3
826 765 1065 827 Tragicos
1086 764 1235 812 decet
1254 763 1327 810 ira
1346 764 1546 810 cothur-

216 842 406 890 Usibus
432 859 459 890 e
484 843 661 890 mediis
688 859 866 890 soccus
891 842 1153 890 habendus
1180 841 1289 888 erit.

1398 842 1544 903 [nos:

149 918 296 967 Liber
320 919 371 966 in
396 920 630 967 adversos
655 920 826 967 hostes
853 920 1125 982 stringatur
1150 917 1357 965 Iambus
1378 936 1388 975 3

218 997 319 1045 Seu
344 997 492 1054 celer,
519 1004 799 1045 extremum
826 1013 913 1045 seu
939 997 1105 1044 trahat
1129 996 1212 1043 ille
1238 996 1438 1059 pedem.

150 1074 348 1122 Blanda
371 1075 684 1138 pharetratos
711 1074 920 1137 Elegeia
944 1079 1114 1121 cantet
1137 1073 1348 1120 Amores
1368 1089 1377 1119 :

219 1151 285 1198 Et
307 1152 429 1199 levis
456 1152 657 1199 arbitrio
686 1152 827 1199 ludat
851 1151 1013 1198 amica
1038 1167 1145 1198 suo.

1452 1152 1550 1196 380

150 1229 447 1277 Callimachi
472 1230 690 1278 numeris
716 1247 815 1278 non
841 1236 918 1277 est
943 1229 1186 1276 dicendus
1214 1227 1436 1275 Achilles
1457 1243 1466 1275 :

217 1306 455 1371 Cydippe
480 1324 579 1354 non
605 1314 682 1355 est
706 1307 820 1364 oris,
849 1305 1086 1361 Homere,
1109 1305 1198 1352 tui.

192 1452 269 1482 369.
294 1451 415 1482 Summa
425 1453 620 1494 peffilivon]
647 1453 732 1484 Vell.
756 1452 818 1484 Pa-

150 1500 288 1532 terculus
324 1500 403 1532 libro
439 1501 621 1543 posteriore,
659 1512 731 1544 cap.
762 1503 817 1532 40.

151 1550 325 1592 Numquam
352 1553 515 1582 eminentia
550 1552 666 1582 invidia
703 1545 819 1582 care-nt.

152 1601 248 1632 Cror.

193 1650 268 1681 376.
296 1650 433 1681 Versibus
462 1662 476 1682 e
499 1650 629 1691 mediis]
666 1650 775 1681 Usibus
804 1662 819 1681 e

150 1700 254 1730 mediis
268 1699 400 1740 Regius.
416 1699 511 1741 Lego,
529 1700 668 1730 Lusibus.
697 1700 818 1731 Hssle.

151 1748 219 1789 Ego
225 1749 327 1779 usibus
333 1758 395 1779 non
403 1748 556 1780 tollerem.
564 1759 673 1779 sensus
682 1754 729 1779 est
736 1749 819 1779 enim

150 1808 189 1828 ex
212 1797 315 1829 medio
334 1808 394 1829 usu
418 1805 450 1829 et
471 1798 698 1830 consuetudine
721 1798 821 1829 homi-

150 1858 225 1879 num
239 1847 429 1879 comoediam
450 1859 517 1880 esse
532 1848 721 1880 faciendam.
739 1849 822 1880 lusus

151 1896 202 1928 hic
218 1896 297 1928 nihil
309 1897 438 1929 faciunt.
454 1898 499 1929 sic
514 1898 559 1929 iii.
573 1898 666 1929 Trist.
682 1898 725 1929 iv.

285 1945 393 1977 Usibus
405 1949 515 1978 edocto.
657 1948 775 1978 BURM.

195 1996 270 2027 378.
295 1996 470 2028 Extremum
493 2009 543 2029 sea
567 1998 670 2028 trahat
692 1999 745 2028 ille
767 2009 817 2037 pe-

150 2045 243 2085 dem.]
270 2045 411 2087 Magnus
430 2046 485 2078 ille
508 2046 644 2078 Nasonis
665 2047 819 2088 interpres

151 2093 313 2136 Crispinus
325 2105 450 2127 versum
465 2096 685 2127 catalecticum
700 2096 818 2127 intelli-

151 2144 208 2184 git,
223 2142 274 2174 cui
299 2154 363 2174 una
388 2145 513 2187 syllaba
536 2145 625 2177 deest
647 2146 680 2176 in
703 2146 776 2176 fine.
801 2156 820 2177 a

152 2192 279 2223 Merula
305 2199 389 2224 certe
416 2192 570 2237 potuisset
599 2195 718 2226 discere
743 2195 819 2226 Sca-

153 2246 244 2272 zonta
264 2241 412 2284 intelligi,
435 2250 490 2275 aut
513 2244 702 2287 inspexisset
727 2244 819 2275 modo

152 2290 338 2322 Bersmanni
353 2299 452 2330 notas,
465 2293 520 2335 qui
534 2300 618 2325 recte
634 2293 702 2324 haec
718 2293 819 2335 expli-

152 2344 276 2370 cantem
291 2339 401 2372 laudat
419 2342 611 2374 Politianum
631 2343 664 2373 in
685 2342 818 2373 Miscel—

150 2388 261 2425 laneis,
278 2400 347 2432 cap.
360 2391 437 2423 lxiv.
453 2393 508 2424 sed
530 2392 606 2435 regii
628 2392 751 2423 scilicet
773 2391 819 2422 illi

152 2437 293 2469 doctores
307 2440 411 2472 omnia
426 2452 442 2473 e
459 2442 516 2473 sua
534 2453 618 2484 penu
637 2441 818 2484 depromere

153 2492 272 2518 amant.
316 2490 435 2521 BuuM.

195 2536 269 2567 380.
294 2537 336 2567 Et
358 2540 429 2570 levis
451 2541 578 2570 arbitrio
604 2541 692 2570 ludat
720 2542 818 2571 amica

150 2586 230 2626 saa]
258 2586 381 2618 Laudat
403 2589 534 2631 Regius.
551 2594 583 2620 et
600 2595 704 2620 cantat
724 2600 816 2631 supe-

151 2633 222 2665 riori
243 2644 343 2666 versu.
359 2640 455 2669 nudat
476 2638 572 2669 etiarn
590 2639 731 2680 quinque
753 2638 818 2670 alii.

152 2683 269 2726 plures,
290 2687 430 2726 plaudat.
451 2698 542 2724 unuS,
571 2689 685 2719 laudet.
728 2688 818 2719 Forte

153 2731 370 2766 scribendum:

931 1452 971 1482 Et
989 1452 1060 1481 levis
1073 1452 1199 1481 arbitrio
1212 1451 1342 1490 plaudat
1357 1449 1453 1479 amica
1472 1456 1533 1480 tzw.

885 1501 955 1532 Hoc
969 1506 1015 1532 est
1025 1500 1086 1530 tuis
1097 1498 1260 1530 desideriis
1269 1498 1442 1541 applaudat
1451 1509 1557 1540 aequa.

885 1551 1003 1581 mes.
1026 1549 1117 1580 Nihil
1132 1554 1267 1579 mutem:
1292 1548 1435 1583 licenter,
1451 1553 1485 1578 ut
1501 1559 1554 1578 ve-

884 1599 1040 1637 lit‚ludat,
1052 1599 1177 1629 nemine
1189 1598 1344 1628 obstante.
1357 1597 1401 1627 sic
1412 1596 1556 1627 Tiberius

884 1651 932 1679 sui
955 1650 1078 1679 arbitrii
1102 1647 1197 1678 fuisse
1221 1647 1335 1678 dicitur
1359 1657 1377 1677 a
1406 1646 1557 1678 Suetonio

885 1709 954 1740 cap.
969 1698 1058 1729 xviii.
1105 1698 1222 1728 Bumr.

930 1749 1005 1779 381.
1035 1748 1106 1778 Non
1135 1753 1176 1777 est
1209 1745 1379 1786 dicendus]
1414 1745 1484 1775 Non
1515 1752 1557 1776 est

887 1799 1066 1828 tractandus
1083 1795 1256 1826 Vossianus
1271 1794 1381 1826 codex.
1396 1794 1480 1836 quod
1496 1805 1558 1825 non

886 1845 979 1878 facile
991 1844 1169 1888 rejecerim:
1187 1843 1309 1887 proprie
1322 1843 1406 1875 enim
1420 1850 1556 1874 tractant

886 1898 1016 1937 aliquem
1039 1896 1153 1938 po‘etae,
1170 1905 1241 1925 cum
1257 1894 1325 1935 ejus
1343 1904 1454 1929 mores,
1471 1893 1558 1934 inge—

887 1945 973 1977 nium
995 1952 1026 1976 et
1047 1944 1137 1975 dotes
1151 1943 1294 1975 versibus
1315 1942 1483 1984 diligenter
1503 1943 1558 1973 de—

885 1994 1037 2026 scribunt.
1074 2004 1182 2035 quare,
1213 2003 1270 2033 ego
1300 1993 1479 2023 tractandus
1516 1993 1556 2022 ab

886 2044 953 2086 ipso
976 2044 1092 2075 Ovidio
1114 2043 1241 2074 fluxisse
1262 2047 1348 2084 puto.
1365 2041 1470 2073 omnia
1485 2053 1558 2073 vero

887 2093 939 2125 hic
978 2092 1115 2129 nomina,
1156 2092 1297 2128 Achilles,
1337 2092 1556 2127 Andromache,

890 2144 983 2174 Tha'is
999 2142 1153 2185 capienda
1163 2152 1217 2184 pro
1230 2140 1380 2184 personis,
1392 2151 1469 2182 quas
1481 2143 1556 2183 Ροδ-

887 2199 927 2224 tae
949 2194 1032 2235 ipsos
1052 2193 1163 2234 jubent
1183 2201 1296 2232 agere:
1322 2196 1356 2221 ut
1372 2190 1417 2221 ita
1437 2194 1557 2222 comicos

887 2248 918 2274 et
935 2244 1063 2284 tragicos
1078 2241 1220 2272 homines
1237 2239 1301 2270 dici
1316 2240 1453 2276 ostendit
1469 2251 1557 2282 egre-

885 2292 935 2334 gie
950 2291 1115 2333 Bentlejus
1131 2290 1171 2321 ad
1187 2290 1296 2320 Horat.
1313 2289 1383 2319 Art.
1401 2290 1486 2321 Post.
1501 2291 1555 2321 96.

887 2342 950 2373 Ubi
974 2342 1091 2372 Thaida
1106 2341 1245 2370 comicum
1261 2339 1425 2370 Moecham
1442 2349 1461 2369 a
1481 2339 1557 2370 Pro-

886 2391 985 2433 pertio
1000 2391 1044 2421 ita
1059 2390 1121 2421 dici
1138 2395 1223 2421 recte
1238 2388 1340 2419 docet.
1386 2389 1504 2419 Eoum.

930 2442 1004 2472 382.
1031 2440 1192 2481 Cydippe]
1221 2438 1320 2480 Cujus
1331 2437 1464 2468 nominis
1476 2440 1553 2480 po'e'-

886 2502 939 2522 ma
964 2490 1131 2532 scripserat
1160 2487 1388 2523 Callimachus,
1419 2497 1457 2517 ex
1493 2499 1555 2529 quo

885 2541 1061 2582 fragmenta
1094 2540 1134 2570 ab
1164 2537 1302 2578 antiquis
1329 2536 1555 2568 Grammaticis

885 2590 1033 2621 citantur.
1056 2589 1176 2618 Hm-s.
1200 2586 1283 2617 Vide
1295 2585 1438 2616 Celeber.
1455 2586 1552 2617 Bent-

886 2639 981 2680 lejnm
999 2638 1038 2669 ad
1052 2638 1242 2678 Fragmenta
1263 2634 1464 2673 Callimachi,
1479 2647 1554 2678 pag.

887 2688 962 2719 347.
