1760 3172
537 175 833 218 REMEDIA
865 174 1127 217 AMORIS.

1476 179 1532 219 99

133 290 296 346 Quid?
321 291 472 354 quod,
495 298 552 338 ut
570 290 804 346 abfueris,
822 291 998 338 avidus
1015 290 1293 354 sitiensque
1314 293 1524 351 redibis,

200 369 266 416 Et
287 370 502 434 spatium
523 369 707 416 damno
732 368 943 416 cesserit
967 384 1113 415 omne
1138 369 1259 415 tuo?

132 447 342 503 Viderit,
371 446 646 494 Haemoniae
669 446 711 493 si
737 446 850 509 quis
875 446 1007 493 mala
1030 446 1217 509 pabula
1241 452 1402 501 terrae,

198 523 266 570 Et
289 524 509 587 magicas
535 531 669 572 artes
695 540 843 588 posse
862 524 1036 587 juvare
1063 529 1224 587 putat.

1430 526 1528 570 250

115 601 239 648 ⁴Ista
261 602 489 649 veneficii
513 609 657 650 vetus
684 609 762 649 est
785 601 881 649 via.
920 607 1092 651 noster
1115 599 1300 664 Apollo

200 677 475 727 Innocuam
500 695 640 727 sacro
666 680 887 727 carmine
912 685 1158 726 monstrat
1182 694 1347 742 opem.

133 755 219 803 Me
245 756 373 803 duce
398 772 499 803 non
522 757 717 804 tumulo
742 756 942 820 prodire
961 755 1225 819 jubebitur
1253 755 1455 801 umbra:

201 832 315 880 Non
340 850 464 880 anus
489 833 658 882 infami
683 834 903 882 carmine
928 840 1127 897 rumpet
1150 833 1373 879 humum.

135 910 248 957 Non
274 926 419 972 seges
444 927 508 958 ex
533 911 643 959 aliis
668 911 792 959 alios
817 910 1051 958 transibit
1074 910 1125 957 in
1150 926 1322 971 agros:

1430 911 1527 956 255

202 987 310 1035 Nec
336 987 504 1036 subito
530 989 710 1036 Phoebi
735 987 955 1052 pallidus
988 986 1121 1035 orbis
1147 986 1258 1034 erit.

136 1064 208 1111 Ut
232 1065 376 1121 solet,
403 1081 662 1130 aequoreas
687 1067 781 1114 ibit
805 1066 1070 1113 Tiberinus
1096 1065 1146 1112 in
1171 1064 1361 1112 undas:

201 1141 273 1188 Ut
298 1143 444 1200 solet,
474 1143 524 1190 in
549 1143 707 1192 niveis
735 1143 876 1191 Luna
900 1143 1109 1191 vehetur
1134 1141 1296 1204 equis.

134 1217 287 1267 Nulla
310 1227 594 1269 recantatas
620 1220 877 1285 deponent
903 1227 1112 1284 pectora
1131 1234 1276 1266 curas
1296 1237 1306 1273 ;

202 1295 311 1344 Nec
336 1297 496 1360 fugiet
513 1297 624 1346 vivo
650 1298 837 1346 sulfure
862 1298 1023 1345 victus
1049 1313 1203 1344 amor.

1431 1298 1529 1342 260

134 1372 268 1427 Quid
293 1380 343 1421 te
370 1375 630 1423 Phasiacae
650 1376 889 1439 juverunt
914 1373 1139 1437 gramina
1158 1380 1320 1428 terrae,

201 1450 331 1498 Cum
357 1468 568 1515 cuperes
593 1452 775 1516 patria,
806 1451 1002 1507 Colchi,
1030 1466 1231 1498 manere
1257 1449 1405 1497 domo
1422 1451 1440 1496 ’ἔ

133 1525 267 1582 Quid
292 1528 384 1576 tibi
409 1529 720 1593 profuerunt,
751 1529 916 1585 Circe,
945 1528 1214 1576 Perseides
1240 1527 1424 1583 herbae,

201 1605 330 1654 Cum
357 1623 449 1655 sua
473 1607 692 1655 Neritias
719 1607 927 1656 abstulit
952 1622 1071 1654 aura
1095 1606 1261 1653 rates?

173 1756 247 1787 249.
276 1756 391 1787 Viderit
409 1757 600 1798 Haemoniae]
626 1759 705 1789 Haec
722 1769 794 1789 vera

133 1805 225 1836 lectio
244 1811 302 1842 est,
321 1806 397 1837 licet
413 1806 551 1837 Fallitur
573 1807 613 1838 sit
631 1807 664 1838 in
686 1807 795 1850 pleris-

133 1866 195 1897 que
212 1855 347 1897 scriptis.
373 1862 468 1898 atque
488 1856 532 1888 ita
546 1857 684 1899 loquitur
697 1858 797 1894 Artis,

136 1905 191 1936 lib.
205 1905 238 1936 ii.

179 1953 318 1985 Fallitur
340 1954 509 1986 Haemonias
530 1957 555 1986 si
575 1958 640 1996 quis
662 1959 801 1988 decurrit

221 2004 262 2033 ad
279 2009 369 2033 artes.

133 2049 297 2082 Adeantur
332 2058 413 2083 notae
451 2052 545 2084 Pont.
575 2054 598 2084 i.
629 2054 723 2095 Eleg.
762 2053 798 2085 ii.

136 2099 256 2132 Hssms.

188 2151 264 2181 253.
303 2150 434 2182 Prodire
460 2152 625 2191 jubebitur
660 2152 796 2192 umbra]

136 2197 268 2230 Rectius
287 2199 418 2231 sortasse
439 2200 472 2230 in
491 2199 662 2237 nonnullis,
687 2201 798 2231 videbi-

137 2254 200 2279 tur.
226 2247 386 2280 NAueEn.
431 2249 505 2280 Non
528 2248 567 2279 de
593 2248 800 2280 cadaveribus

138 2303 339 2334 mortuorum,
367 2303 402 2329 ut
427 2299 554 2329 Merula
579 2298 718 2340 exponit,
745 2298 800 2329 sed

135 2346 175 2377 de
187 2346 304 2378 umbris
315 2346 492 2379 excitandis
505 2353 601 2388 atque
615 2347 802 2378 exhibendis

135 2396 273 2437 loquitur
286 2397 392 2438 poeta,
409 2407 488 2439 quas
501 2399 625 2428 visiones
639 2397 732 2428 hodie
749 2409 801 2428 vo-

141 2451 218 2476 cant
250 2446 486 2478 necromantici.
531 2448 659 2478 M1CYL.
712 2447 803 2478 Male

138 2493 196 2525 viri
211 2495 296 2526 docti
312 2497 465 2528 videbitur
484 2497 668 2539 praeferunt.
692 2502 804 2538 poten-

138 2543 216 2574 tiam
231 2544 327 2581 enim,
341 2557 436 2587 quam
453 2545 569 2588 passim
581 2546 706 2587 jactant
720 2556 804 2587 sagae

139 2598 172 2623 et
196 2594 357 2630 veneficae‚
389 2595 483 2626 verbo
500 2595 663 2634 jubebitur
689 2594 806 2636 optime

141 2642 406 2684 exprimitpoeta.
454 2644 570 2674 Bumu.

190 2691 264 2721 254.
289 2691 436 2732 quami]
467 2692 576 2723 Insano
594 2692 720 2734 Micylli
741 2692 808 2723 edi-

150 2739 192 2769 tio
216 2745 248 2770 et
274 2740 335 2772 duo
363 2741 480 2782 scripti.
515 2747 681 2783 utrumque
706 2742 810 2777 habet,

863 1768 925 1799 quo
946 1768 978 1788 se
1001 1762 1136 1792 tueatur,
1153 1755 1208 1786 sed
1229 1755 1335 1797 placet
1358 1754 1458 1795 magis
1479 1757 1527 1786 in-

853 1807 949 1849 fami,
965 1806 1039 1848 quia
1056 1806 1107 1837 hic
1129 1804 1282 1836 invidiam
1303 1804 1434 1845 magicis
1456 1804 1529 1835 arti-

866 1857 925 1888 bus
940 1855 1029 1887 facit.

910 1907 987 1937 258.
1019 1905 1059 1935 Ut
1076 1905 1162 1939 solet,
1181 1905 1213 1933 in
1230 1904 1324 1933 niveis
1340 1902 1431 1933 Luna
1450 1903 1531 1933 vehe-

869 1962 921 1985 tur
945 1953 1058 1994 equis]
1086 1952 1306 1983 Credebantur
1332 1951 1415 1982 enim
1441 1962 1535 1982 vene-

867 2004 934 2034 ficae
950 2004 1057 2034 lunam
1073 2003 1238 2032 obscurare
1255 2000 1457 2032 carminibus.
1481 2012 1535 2031 cu-

862 2053 915 2093 jus
929 2052 972 2083 rei
984 2052 1079 2082 causa
1094 2053 1192 2081 niveos
1203 2060 1301 2091 equos
1317 2050 1368 2080 hic
1383 2050 1536 2091 appellat,

867 2108 903 2133 ut
919 2102 1046 2133 niveum
1062 2106 1094 2131 et
1109 2108 1212 2131 atrum
1232 2100 1313 2130 inter
1329 2110 1361 2130 se
1377 2109 1537 2141 opponan-

868 2157 929 2182 tur.
974 2151 1104 2180 MICYL.

912 2201 987 2231 261.
1013 2200 1096 2234 Quid
1118 2205 1145 2229 te
1170 2197 1354 2238 Phasiaca]
1382 2197 1432 2227 Sic
1457 2197 1538 2227 Pha-

867 2253 925 2282 sias
940 2249 1057 2292 passim
1072 2259 1127 2291 pro
1142 2247 1273 2279 Medea.
1320 2247 1441 2277 mes.

911 2300 986 2331 264.
1005 2299 1081 2329 Cum
1097 2299 1152 2328 tibi
1169 2297 1306 2327 Neritias
1325 2297 1451 2326 abstulit
1466 2296 1540 2325 hora

868 2349 976 2389 rates]
1012 2347 1153 2378 Neritius
1181 2357 1237 2377 seu
1268 2346 1424 2380 Nericius,
1450 2344 1538 2374 Itha-

869 2397 970 2429 censis
986 2404 1041 2427 aut
1056 2395 1197 2437 Epirota.
1226 2396 1382 2425 Homerus
1393 2393 1488 2423 Iliad.
1501 2396 1538 2423 B.

913 2446 1026 2487 Αὐτὰρ
1041 2444 1214 2482 Ὀδυσσεὺς
1235 2444 1294 2486 ἦγε
1316 2443 1540 2484 Κεφαλλῆνας

957 2494 1175 2538 μεγαθύμους,

917 2544 981 2576 026²
1001 2543 1132 2582 Ἰθάκην
1147 2544 1238 2583 εἶχον
1255 2541 1309 2572 καὶ
1330 2539 1479 2582 Νήριτον
1499 2540 1541 2571 εἰ·

960 2594 1180 2635 νοσὶφυλλον.
1511 2624 1515 2629 Ἰ

876 2643 916 2673 Et
942 2654 1012 2684 quae
1037 2648 1229 2683 sequuntur;
1257 2639 1311 2670 ubi
1336 2638 1520 2670 Eustathius
1535 2651 1541 2667 :

876 2692 1024 2734 Νήριτον
1041 2693 1077 2722 τὸ
1092 2691 1167 2732 ὅρος
1183 2689 1233 2720 διὰ
1249 2690 1306 2720 τοῦ
1322 2688 1347 2720 τ’
1364 2690 1400 2720 τὸ
1418 2689 1478 2730 γὰρ
1491 2686 1543 2718 διὰ

879 2744 935 2773 τοῦ
963 2741 988 2772 κ’
1020 2741 1166 2782 Νήρικον
1197 2739 1295 2776 πόλις
1321 2737 1475 2779 Ἠπείρου
1502 2737 1544 2773 ὡς

966 2795 995 2825 H
1011 2797 1030 2825 2
