1760 3172
404 174 713 216 TRISTIUM
750 174 867 215 LIB.
902 174 991 215 ΙῘΙ.
1028 175 1206 216 ELEG.
1244 176 1361 216 XII.

1500 177 1584 218 259

191 288 305 336 Jam
329 289 508 337 violam
535 290 777 353 puerique
804 291 976 352 legunt
1002 290 1286 353 hilaresque
1314 292 1508 353 puellae,
1554 294 1582 338 5

260 366 472 414 Rustica
497 383 654 430 quam
674 368 811 414 nullo
838 375 968 414 terra
993 374 1190 414 serente
1217 369 1343 429 gerit
1364 386 1371 414 :

194 442 446 507 Prataque
471 433 757 508 pubescunt
781 445 1024 492 variorum
1050 445 1169 491 flore
1195 445 1430 499 colorum,

260 519 573 584 Indocilique
599 523 784 585 loquax
811 528 1010 584 gutture
1035 528 1207 568 vernat
1232 521 1335 568 avis
1358 539 1366 568 :

193 597 365 661 thue
390 601 532 647 malae
559 600 747 647 crimen
774 599 944 646 matris
969 599 1190 662 deponat
1214 598 1441 654 hirundo,

260 675 365 722 Sub
392 677 617 723 trabibus
644 693 797 723 cunas
824 692 1076 739 parvaque
1103 683 1238 722 tecta
1261 676 1407 722 facit:
1526 679 1584 722 10

190 750 480 815 Herbaque,
510 769 621 815 quae
648 753 794 799 latuit
821 752 1113 800 Cerealibus
1141 754 1319 800 obruta
1343 753 1511 806 sulcis,

257 828 460 877 Exserit
481 847 507 877 e
532 831 703 893 tepida
727 831 875 877 molle
901 847 1143 878 cacumen
1168 831 1345 877 humo:

190 905 402 969 Quoque
423 907 530 954 loco
553 915 631 954 est
651 908 781 963 vitis,
801 909 863 955 de
885 908 1091 971 palmite
1113 925 1312 970 gemma
1331 916 1578 964 movetur3

256 982 386 1030 Nam
412 985 585 1048 procul
611 1001 640 1032 a
666 986 845 1032 Getico
873 986 1013 1032 litore
1038 986 1150 1031 vitis
1178 986 1348 1032 abest:

186 1057 400 1123 Quoque
426 1061 534 1108 loco
560 1069 638 1108 est
664 1063 823 1117 arbor,
852 1062 1094 1124 turgescit
1113 1062 1162 1108 in
1189 1063 1362 1109 arbore
1382 1078 1573 1117 ramus;

256 1136 387 1184 Nam
413 1139 585 1202 procul
611 1155 640 1185 a
666 1138 859 1186 Geticis
885 1139 1067 1185 finibus
1094 1140 1237 1186 arbor
1263 1140 1421 1186 abest.
1525 1141 1583 1187 16

229 1287 259 1316 6.
284 1287 424 1328 Vulgata
441 1293 486 1318 est
496 1288 600 1325 lectio,
618 1289 774 1330 Ruraque,
786 1302 849 1330 quae

187 1337 273 1366 nullo
284 1343 357 1367 nata
367 1344 481 1368 serente
496 1339 618 1374 vehunt,
633 1349 727 1379 quam
741 1339 845 1369 Ciofa-

186 1385 256 1417 nius
268 1391 299 1417 et
308 1386 509 1418 Burmannus
521 1388 714 1429 sequendam
728 1394 850 1430 putant.

186 1435 248 1466 Sed
268 1435 359 1466 valde
374 1436 500 1467 turbant
514 1442 635 1468 veteres
650 1437 735 1467 libri:
754 1439 849 1469 Paene

186 1495 293 1516 omnes
326 1485 444 1516 habent
478 1486 618 1517 Rustica.
678 1487 850 1518 Burmann.

186 1536 331 1566 rusticam
354 1535 417 1566 dici
435 1541 560 1573 terram,
583 1547 777 1578 concoquere
799 1537 848 1567 vix

184 1589 297 1626 potest,
312 1584 371 1616 nisi
382 1596 451 1626 quae
464 1585 585 1617 incolas
597 1586 733 1616 moribus
747 1596 850 1627 agres—

184 1633 269 1664 tibus
292 1633 418 1671 habeat,
438 1645 512 1671 non,
532 1635 563 1666 in
587 1646 650 1676 qua
666 1635 774 1666 rustici
795 1635 849 1665 de-

185 1689 274 1724 gunt.
319 1684 364 1714 At
388 1684 471 1715 enim
498 1684 531 1715 in
553 1695 620 1716 voc.
646 1696 779 1725 ruraque
800 1685 850 1725 (in

186 1743 248 1774 quo
265 1733 392 1775 quidem
407 1734 490 1765 floris
501 1734 627 1775 aliquod
641 1745 740 1775 genus
753 1733 848 1764 lateie

185 1782 361 1824 suspicatur
377 1783 503 1824 Burm.)
527 1783 649 1814 nullum
665 1783 757 1814 video
780 1794 849 1813 sen—

184 1841 268 1862 sum.
313 1832 351 1862 In
367 1843 521 1863 consensu
535 1832 631 1874 igitur
643 1832 786 1863 codicum
802 1843 848 1863 re-

184 1880 317 1912 tinerem
332 1884 469 1919 rustica;
495 1888 527 1913 at
541 1881 624 1913 enim
646 1882 848 1923 explicarem,

186 1940 247 1961 non
267 1931 371 1969 culta3
395 1931 474 1962 ferro
500 1942 561 1962 non
585 1931 776 1962 sollicitata:
804 1930 849 1961 uti

184 1991 275 2011 mores
295 1983 402 2012 rustici
427 1986 624 2023 opponuntur
648 1979 767 2022 politis,
794 1990 849 2010 ex-

185 2029 288 2060 cultis.
342 2029 442 2072 Atqui
476 2030 507 2061 h.
530 2030 552 2061 l.
585 2030 658 2060 huie
697 2029 850 2060 vocabulo

185 2077 270 2109 idem
281 2078 382 2110 forsan
390 2079 473 2111 inest
481 2079 647 2121 singularis
656 2078 851 2120 significatus

186 2138 333 2169 ususque,
349 2139 442 2170 quem
453 2129 493 2159 de
506 2139 564 2159 usu
577 2140 606 2159 v.
618 2129 800 2159 rusticitatis
811 2126 851 2157 ad

184 2176 264 2208 illud
281 2177 363 2208 Plin.
379 2177 400 2208 i.
419 2188 469 2220 ep.
488 2178 538 2208 14.
563 2178 671 2208 Brixia
687 2189 749 2217 qna‘
769 2178 848 2207 mul-

187 2233 250 2257 tum
262 2229 361 2258 adhuc
372 2227 789 2269 verecundiae,frugalitatis,
800 2233 847 2257 at-

185 2287 239 2316 que
254 2279 344 2307 etiam
358 2276 540 2308 rusticitatis
560 2277 608 2318 [h.
620 2287 648 2307 e.
660 2275 847 2317 simplicita-

185 2325 241 2366 tis]
268 2327 398 2366 antiquae
418 2328 539 2362 retinet,
558 2326 717 2357 Gesnerus
741 2325 773 2355 in
795 2335 849 2355 sua

184 2373 280 2404 Plinii
313 2374 450 2406 editione
485 2375 672 2406 observavit.
734 2374 850 2404 Sensus

186 2433 270 2453 nunc
296 2423 367 2454 luce
392 2423 504 2454 clarior
532 2429 588 2455 est.
646 2423 717 2454 Nisi
746 2423 849 2463 legere

185 2472 288 2508 malis,
311 2475 427 2504 roscida
456 2478 547 2509 terra,
575 2472 659 2514 quod
689 2471 849 2514 epitheton

184 2522 316 2564 tempori
330 2523 437 2564 reique
451 2523 532 2553 bene
548 2522 759 2564 responderet.
798 2522 848 2552 Sic

184 2571 304 2601 Seneca
327 2571 359 2601 in
380 2571 518 2613 quadam
540 2571 708 2613 tragoedia,
733 2573 849 2601 roscida

183 2621 273 2651 tellus
286 2632 297 2657 ,·
327 2620 381 2651 alii
403 2623 550 2652 roscidum
575 2622 668 2652 solum
692 2620 848 2651 dixerunt.

186 2669 334 2700 HARLES.

229 2720 260 2752 8.
298 2719 429 2750 Indos-ili
460 2720 615 2760 guttura]
658 2720 730 2750 Non
757 2719 849 2749 docto

917 1295 1041 1331 gutture
1055 1302 1060 1320 ε
1079 1290 1136 1320 hoc
1153 1296 1209 1325 est,
1224 1289 1309 1331 quod
1325 1300 1342 1319 a
1359 1289 1443 1320 nullo
1458 1289 1583 1320 doctum

918 1339 976 1369 fuit
991 1339 1050 1369 nisi
1066 1349 1084 1370 a
1098 1345 1221 1369 natura.

966 1388 1106 1428 Verium]
1145 1387 1334 1429 Metaphora
1366 1388 1406 1417 ab
1441 1386 1523 1428 agris
1554 1392 1586 1417 et

920 1437 1092 1473 arboribus,
1118 1447 1188 1478 quae
1215 1447 1309 1467 verno
1338 1442 1474 1478 tempore
1504 1436 1585 1466 laetae

920 1492 993 1517 sunt
1019 1492 1050 1517 et
1072 1485 1200 1517 floridae.
1226 1487 1355 1516 Petron.
1379 1497 1407 1516 c.
1430 1486 1502 1516 120.

1007 1548 1065 1566 uon.
1082 1546 1176 1566 verno
1187 1546 1311 1574 persona
1326 1541 1419 1565 cautu.

962 1585 1068 1615 Mollia
1086 1587 1217 1615 discordi
1232 1587 1358 1624 strepitu
1382 1585 1519 1627 virgulta
1542 1586 1583 1614 lo-

1004 1641 1150 1674 (Ιιιιιηίιινἰ

920 1684 972 1714 ubi
992 1695 1021 1714 v.
1037 1684 1146 1714 Burm.
1191 1682 1270 1713 Avis
1296 1688 1341 1713 est
1354 1682 1584 1724 Verpoortenio

918 1743 1046 1775 coccyx,
1063 1732 1184 1763 Latinis
1207 1731 1352 1769 cuculus,
1368 1743 1439 1763 vere
1462 1738 1584 1764 tantum

918 1781 1092 1822 procedens
1118 1787 1150 1812 et
1176 1787 1332 1811 cantans:
1358 1781 1397 1812 de
1419 1792 1481 1823 quo
1503 1782 1587 1812 Plin.

918 1842 948 1861 x,
963 1832 994 1862 9.
1042 1832 1194 1861 HARLES.

961 1881 994 1910 9.
1024 1880 1065 1910 Ut
1080 1882 1208 1919 deponat
1223 1881 1334 1910 crimen
1350 1881 1433 1910 mala>
1449 1880 1583 1921 matris]

919 1930 973 1965 Ut,
996 1929 1183 1971 deponendo
1207 1928 1239 1959 in
1264 1928 1308 1959 eis
1330 1928 1421 1960 cunis
1448 1934 1478 1959 et
1502 1929 1585 1960 nidis

918 1980 1033 2021 pullos,
1055 1979 1200 2010 videatur
1223 1978 1288 2021 pia,
1312 1984 1344 2009 et
1362 1978 1445 2009 velle
1468 1978 1586 2009 crimen

919 2028 974 2058 filii
986 2039 1080 2070 quem
1090 2027 1216 2064 occidit,
1228 2038 1265 2058 ea
1276 2027 1462 2071 educatione
1473 2027 1586 2064 celare,

920 2088 977 2109 nec
992 2078 1075 2108 mala
1091 2083 1190 2108 mater
1205 2077 1278 2108 dici.
1316 2078 1402 2107 Nota
1416 2082 1463 2107 est
1478 2077 1587 2108 fabula

920 2128 1069 2169 Prognes,
1091 2138 1162 2169 quae
1187 2127 1272 2168 Itym
1297 2126 1395 2157 filium
1420 2126 1588 2162 interfecit,

919 2184 951 2209 et
968 2178 1049 2220 patri
1063 2178 1162 2208 Tereo
1179 2176 1372 2218 epulandum
1384 2175 1539 2218 adposuit,
1554 2182 1588 2207 ut

917 2228 1121 2259 ulcisceretur
1145 2227 1208 2257 vim
1234 2226 1328 2256 sorori
1357 2225 1488 2267 turpiter
1515 2225 1585 2256 illa-

918 2284 994 2309 tam.
1024 2277 1106 2309 Vide
1139 2276 1303 2311 Ovidium,
1340 2275 1380 2306 vi.
1411 2276 1493 2306 Met.
1522 2286 1587 2307 ver.

920 2328 993 2358 636.
1010 2338 1079 2368 sqq.

964 2378 1013 2407 10.
1029 2376 1089 2405 Sub
1107 2376 1241 2405 trabibus
1256 2373 1378 2414 cunas]
1409 2373 1522 2410 Cunus,
1541 2373 1587 2404 hi-

918 2425 1059 2456 rundinis
1076 2424 1164 2454 nidos
1180 2422 1330 2465 adpellat.

965 2475 1013 2504 ll.
1031 2473 1200 2513 Herbaque,
1217 2483 1280 2512 qua:
1298 2471 1418 2511 latuit]
1436 2471 1585 2502 Frumen-

918 2529 985 2554 tum
999 2532 1122 2563 quoquc
1139 2521 1288 2562 adparere
1305 2520 1454 2550 ostendit.

963 2573 1012 2602 15.
1039 2570 1224 2612 Turgescit]
1267 2569 1393 2605 Tumet‚
1420 2569 1520 2611 ὀργᾷ;
1554 2573 1585 2600 et

917 2619 1079 2660 Virgilius,
1094 2619 1209 2659 Georg.
1225 2617 1281 2648 lib.
1294 2616 1328 2647 ii.
1345 2618 1420 2653 330,

1007 2668 1202 2708 Zephyrique
1223 2668 1386 2706 tepentibus
1410 2668 1494 2697 auris

965 2718 1083 2748 Laumt
1099 2728 1173 2747 ανυιι
1188 2718 1281 2747 sinus.

1048 2767 1102 2797 S‘z
