1760 3172
238 177 322 218 150

236 300 353 349 Non
378 318 487 365 ego,
514 303 710 351 divitias
737 304 908 351 avidus
935 305 1040 351 sine
1065 305 1162 352 fine
1188 304 1412 368 parandi,

621 178 672 219 P.
705 178 920 220 OVIDII
956 179 1237 220 NASONIS

1562 307 1626 352 75

303 378 480 427 Latum
505 382 759 428 mutandis
785 382 1034 428 mercibus
1060 397 1230 444 aequor
1255 397 1366 428 aro:

234 454 283 501 N
287 472 344 503 ec
367 464 498 521 peto,
518 475 644 521 quas
668 459 920 521 quondam
944 458 1064 521 petii
1085 458 1354 513 studiosus,
1372 457 1623 514 Athenas3

301 531 504 596 Oppida
529 550 627 581 non
648 534 799 590 Asiae,
827 551 924 581 non
950 535 1059 581 loca
1081 535 1188 582 visa
1211 535 1347 598 prius
1366 553 1376 582 ε

234 607 349 656 Non
374 617 445 666 ut,
472 611 745 658 Alexandri
771 613 956 659 claram
981 612 1177 658 delatus
1202 612 1251 657 in
1277 612 1468 666 urbem,

301 685 523 734 Delicias
547 689 759 744 videam,
789 688 904 735 Nile
923 689 1113 751 jocose,
1140 695 1269 735 tuas.

1562 690 1625 735 80

232 760 381 816 Quod
405 763 577 812 faciles
602 772 720 828 opto
744 771 934 820 ventos,
963 765 1074 827 quis
1100 765 1302 812 credere
1329 765 1526 828 possit?

301 838 542 888 Sarmatis
567 849 645 889 est
667 842 831 897 tellus,
859 858 1010 905 quain
1036 858 1148 889 mea
1171 849 1286 889 vota
1309 849 1503 905 petunt.

234 914 460 979 Oingor,
487 925 542 964 ut
565 925 765 981 tangam
791 920 900 966 laevi
925 919 1029 966 fera
1053 919 1198 966 litora
1221 919 1399 976 Ponti;

300 991 550 1056 Quodque
575 995 639 1042 sit
663 1011 692 1041 a
715 996 877 1058 patria
901 1002 1002 1043 tam
1027 995 1145 1057 fuga
1169 995 1325 1051 tarda,
1351 1011 1548 1058 queror.

231 1201 286 1233 pro
302 1204 360 1222 ¹non
381 1204 505 1235 repone,
521 1194 560 1225 de
580 1207 642 1237 quo
664 1196 704 1226 ad
720 1196 891 1238 Epistolam

231 1240 383 1272 Canaces.
425 1243 542 1274 Herus.
586 1244 688 1275 Ventis
705 1246 892 1285 ferentibus.

230 1289 344 1320 Ventis
364 1292 510 1323 secundis
529 1299 561 1323 et
578 1294 773 1335 portantibus
794 1306 843 1326 me
860 1297 892 1327 in

230 1338 394 1371 Ponticam
411 1341 580 1382 regionem.

273 1388 325 1420 76.
351 1391 439 1431 Am]
459 1391 597 1432 Navigo.
616 1392 703 1433 Virg.
725 1392 761 1422 Et
777 1398 893 1423 vastum

228 1441 320 1469 maris
332 1450 431 1479 ‹z’quor
444 1443 605 1471 arandum.

273 1487 327 1517 78.
355 1487 472 1528 Oppida
488 1501 546 1519 non
562 1491 650 1526 Asiae,
668 1502 725 1520 non
742 1491 814 1520 mihi
830 1493 890 1521 visa

226 1536 342 1576 prius]
372 1537 438 1567 Non
457 1539 520 1568 loca
535 1541 596 1569 visa
610 1542 696 1579 prius
711 1550 783 1570 cum
798 1541 891 1570 casti-

228 1585 410 1625 gatioribus.
456 1586 564 1617 Asiam
586 1589 669 1618 enim
683 1588 805 1619 viderat
820 1599 891 1620 cum

229 1633 390 1672 Maxim03
416 1635 507 1665 Pont.
532 1636 587 1666 lib.
607 1636 639 1666 ii.
662 1636 752 1677 Eleg.
768 1648 798 1668 x.
812 1648 890 1668 vers.

229 1682 293 1712 21:
330 1683 369 1713 Te
397 1685 483 1719 (lnce,
512 1685 688 1726 vzagnificas
717 1687 792 1715 Asiae
818 1697 888 1726 per-

226 1733 372 1770 speiimus
399 1734 496 1763 urbes.
544 1733 674 1765 Notavit
703 1734 783 1765 hanc
812 1746 890 1776 quo-

228 1792 290 1822 que
310 1780 478 1813 lectionem
502 1794 539 1813 ex
557 1794 612 1814 suo
636 1784 744 1814 codice
765 1784 796 1815 in
823 1785 889 1815 Ob-

227 1830 455 1862 servationibus
482 1831 679 1863 doctissimus
704 1834 889 1865 Gronovius.

228 1880 347 1911 mes.
400 1882 517 1921 Oppida
551 1894 610 1912 non
647 1883 734 1913 Asiae.
770 1882 889 1914 Meruit

227 1928 311 1959 enim
337 1930 394 1960 sub
413 1930 463 1961 M.
480 1931 631 1967 Varrone,
659 1938 690 1962 et
713 1942 783 1962 cum
805 1933 890 1963 eoin

227 1977 336 2009 Asiam
352 1979 509 2019 profectus
525 1985 585 2010 est.

271 2028 324 2058 79.
349 2027 387 2058 In
402 2030 504 2059 urbem
527 2029 722 2069 Alexandr-L]
749 2029 888 2059 Alexan-

225 2076 326 2108 driam
357 2077 516 2119 intelligit,
553 2088 647 2120 quam
683 2078 714 2108 in
750 2079 890 2120 Aigypto

227 2126 386 2158 conditam
415 2127 453 2158 de
482 2138 537 2158 suo
561 2127 684 2158 nomine
708 2127 889 2169 appellavit.

226 2175 321 2206 Mssn.
367 2176 444 2206 Eam
468 2176 567 2213 luxui,
584 2176 666 2207 ludis
688 2182 719 2207 et
736 2176 828 2217 jocis,
853 2187 889 2208 ac

226 2224 299 2256 vitae
321 2224 406 2255 molli
430 2231 462 2256 et
480 2225 662 2267 voluptariae
686 2226 825 2256 deditam
843 2226 888 2257 su-

226 2274 297 2310 isse,
310 2273 430 2304 indicat
443 2274 579 2311 Quintil.
591 2274 646 2304 lib.
657 2274 678 2304 i.
696 2274 748 2305 ubi
760 2274 888 2305 nimiam

226 2328 392 2364 parentum
422 2333 496 2364 erga
524 2323 638 2354 liberos
659 2323 887 2364 indulgentiam

226 2379 364 2403 accusat.
411 2373 453 2403 N.

270 2422 322 2451 80.
342 2421 421 2451 Tuas
431 2421 585 2462 delicias]
612 2421 802 2462 'suosjocos
817 2420 889 2451 Nile

214 2472 328 2508 jocose.
361 2469 471 2500 Nilum
493 2469 563 2500 ideo
575 2472 711 2509 jocosum
735 2469 886 2510 appellat,

226 2519 373 2559 quoniam
396 2519 516 2560 Canopi
538 2523 604 2548 erat
626 2517 783 2558 Serapidis
808 2523 886 2547 tem-

225 2568 324 2608 plum,
341 2567 424 2608 quod
447 2568 485 2597 ab
502 2566 696 2598 Alexandria
717 2567 759 2596 20
777 2565 886 2596 stadiis

224 2615 373 2647 distabat.
418 2616 464 2646 Eo
488 2615 598 2656 ingens
625 2626 662 2646 ex
694 2614 888 2646 Alexandria

224 2664 317 2695 turba
339 2674 393 2706 per
409 2666 521 2695 fossam
541 2664 579 2695 ad
595 2663 737 2694 solennia
752 2663 884 2694 descen-

226 2713 330 2744 debat.
378 2714 459 2744 Nam
485 2713 535 2744 die
562 2725 598 2744 ac
631 2718 720 2744 nocte
755 2712 883 2744 navicu-

960 1197 998 1227 lis
1024 1197 1119 1239 plena
1141 1202 1207 1227 erat
1228 1195 1363 1226 virorum
1387 1205 1422 1225 ac
1447 1194 1625 1231 mulierum,

961 1246 1159 1288 impudenter
1172 1243 1355 1275 canentium
1371 1253 1408 1274 ac
1430 1243 1624 1280 saltantium,

961 1306 1033 1326 cum
1062 1295 1147 1326 omni
1176 1292 1379 1324 dissolutione
1395 1305 1405 1332 ;
1443 1303 1462 1324 a
1492 1303 1624 1334 quorum

956 1344 1036 1385 jocis
1050 1351 1143 1386 poeta
1160 1343 1268 1373 Nilum
1273 1344 1410 1382 jocosum
1426 1341 1622 1383 appellavit:

961 1392 1036 1434 quin
1052 1398 1149 1423 totam
1163 1392 1339 1433 AEgyptum
1354 1390 1449 1422 fuisse
1465 1390 1512 1420 his
1530 1390 1624 1421 mori-

959 1443 1029 1478 bus,
1044 1442 1164 1473 indicat
1185 1440 1326 1471 Martial.
1348 1440 1404 1471 lib.
1425 1441 1467 1471 iv.
1492 1440 1546 1472 xli.
1570 1442 1623 1473 6.:

963 1491 1121 1531 Nequitias
1138 1491 1226 1520 tellus
1241 1491 1296 1520 scit
1311 1491 1385 1519 dure
1406 1491 1494 1520 nulla
1509 1493 1614 1533 magis.

1003 1541 1056 1570 81.
1092 1541 1178 1574 Quod
1194 1539 1297 1580 facile
1325 1545 1367 1569 est
1395 1546 1463 1578 opto
1491 1540 1619 1581 ventos]

960 1589 1043 1630 Lege
1056 1590 1172 1631 filciles
1199 1595 1299 1619 ventos
1322 1589 1370 1619 vel
1397 1590 1463 1619 sine
1487 1588 1620 1620 adsensu

958 1644 1098 1670 veterum
1124 1638 1296 1669 librorum:
1329 1640 1418 1677 possit
1448 1648 1502 1679 pro
1527 1645 1621 1677 posset

957 1688 1075 1729 scripti.
1110 1688 1267 1718 Praeterea
1300 1687 1376 1717 forte
1409 1687 1622 1725 scribendum,

960 1737 1155 1778 Qnofaciles.
1173 1736 1280 1766 Amor.
1296 1736 1354 1766 lib.
1371 1735 1415 1767 iii.
1430 1735 1482 1766 El.
1498 1736 1531 1767 ii.
1542 1748 1621 1769 vers.

959 1785 1011 1816 37.
1039 1786 1088 1816 Vis
1104 1793 1202 1816 tamen
1219 1787 1334 1815 interea
1339 1785 1456 1827 faciles
1476 1797 1621 1818 arcessere

958 1837 1077 1865 ventos?
1122 1835 1241 1865 Hiems.

1001 1885 1055 1914 82.
1077 1884 1178 1914 Tellus
1193 1883 1368 1924 Sarnmtis]
1395 1883 1560 1921 Sarmatia,
1573 1894 1620 1915 re-

958 1932 1009 1974 gio
1030 1939 1087 1969 est,
1103 1933 1192 1974 cujus
1210 1943 1282 1974 pars
1297 1932 1358 1963 sita
1372 1938 1419 1963 est
1434 1932 1466 1962 in
1481 1933 1620 1975 Europa,

959 1992 1030 2023 pars
1054 1993 1124 2013 vero
1148 1982 1181 2012 in
1204 1981 1293 2012 Asia.
1326 1981 1411 2013 Illud
1435 1982 1619 2020 notandum,

958 2030 1113 2061 Sarmatas
1132 2041 1151 2061 a
1170 2030 1334 2066 Romanis,
1359 2041 1377 2061 a
1400 2030 1521 2061 Graecis
1541 2031 1619 2063 Sau-

958 2086 1086 2110 romatas
1102 2079 1266 2122 appellari.
1305 2079 1367 2109 Eos
1383 2089 1465 2110 nunc
1484 2079 1621 2111 Polonos

957 2129 1162 2170 appellamus.
1199 2128 1294 2165 Vota3
1332 2129 1396 2158 vela
1423 2138 1530 2159 omnes
1555 2129 1620 2161 fere

956 2177 1074 2219 scripti,
1087 2183 1118 2208 et
1129 2176 1205 2207 editi
1222 2176 1363 2208 nonnulli
1375 2189 1381 2207 :
1405 2182 1437 2208 et
1449 2182 1533 2208 certe
1545 2188 1617 2209 mox

957 2233 1024 2256 vota
1038 2232 1222 2268 sequuntur.

1000 2276 1052 2306 83.
1083 2275 1235 2317 Obligor.]
1265 2274 1308 2305 N.
1333 2275 1424 2311 votis,
1450 2285 1505 2317 pro
1533 2275 1617 2307 felici

956 2324 1089 2365 adpulsu
1123 2323 1163 2354 ad
1193 2323 1372 2366 Scythicam
1400 2330 1513 2355 terram
1549 2335 1616 2356 sus-

955 2372 1066 2414 ceptiS.
1114 2372 1173 2402 Pro
1189 2372 1234 2402 itu
1250 2382 1322 2402 vero
1338 2378 1369 2403 et
1380 2372 1481 2403 reditu
1497 2382 1516 2403 a
1527 2379 1614 2405 vete-

955 2422 1041 2452 ribus
1056 2427 1128 2452 vota
1147 2421 1242 2452 fuisse
1266 2427 1460 2463 nuncupata,
1479 2432 1497 2452 a
1518 2422 1616 2463 pluri-

954 2471 1011 2501 bus
1022 2470 1087 2511 jam
1109 2475 1157 2500 est
1170 2469 1353 2511 explicitum
1370 2469 1458 2500 vide:
1485 2470 1526 2502 cl.
1542 2471 1616 2502 Em-

954 2518 1054 2554 richii,
1084 2518 1229 2549 Rectoris
1259 2518 1499 2559 Meiningensis,
1521 2519 1614 2551 Com-

955 2573 1099 2598 mentatt.
1136 2574 1269 2609 quatuor
1297 2568 1336 2598 de
1367 2567 1446 2598 votis
1474 2573 1614 2600 veterum

954 2615 1167 2646 Romanorum
1185 2627 1238 2657 pro
1252 2617 1297 2647 itu
1313 2626 1349 2646 ac
1365 2616 1478 2647 reditu.
1517 2616 1615 2654 Ienae,
1635 2654 1637 2656 Ι

959 2665 1050 2701 1759,
1068 2665 1160 2696 1760.
1185 2665 1309 2696 Weissii
1327 2665 1411 2696 Diss.
1423 2665 1462 2696 de
1479 2667 1613 2697 numini-

954 2715 1012 2745 bus
1029 2714 1175 2745 vialibus.
1200 2714 1327 2756 Lipsiae.
1345 2716 1439 2746 1725.
1467 2715 1614 2747 Hanlffls.
