1760 3172
221 177 307 218 270

224 292 310 339 Ille
337 308 428 339 nec
455 291 704 346 exsilium,
736 291 962 354 Scythici
990 307 1080 338 nec
1108 292 1252 339 litora
1277 293 1433 355 ponti,

616 176 664 216 P.
705 175 918 216 OVIDII
954 174 1235 218 NASONIS

1511 294 1613 341 f45

291 369 381 416 Ille
407 385 497 416 nec
525 369 675 415 iratos
702 368 855 415 sentit
881 360 1064 415 habe're
1094 369 1247 416 Deos.
1503 415 1511 423 ,

223 446 395 509 *thue
421 445 704 509 soporiferae
730 447 954 493 biberem
980 446 1021 503 si
1048 446 1230 509 pocula
1257 445 1456 502 Lethes,
1552 472 1578 487 «

291 523 552 586 Temporis
580 523 773 570 adversi
800 523 870 569 sic
902 522 1020 568 mihi
1048 539 1224 569 sensus
1249 523 1417 570 hebet.

220 599 250 646 J
257 616 342 648 ure
371 600 506 648 Deas
531 600 680 662 igitur
704 616 912 647 veneror
937 601 1068 647 mala
1093 608 1266 647 nostra
1289 601 1530 656 levantes,

289 677 528 725 Sollicitae
554 678 764 725 comites
791 695 854 725 ex
877 676 1122 725 Helicone
1148 676 1281 739 sugae
1306 696 1316 734 ;
1559 681 1622 725 50

224 754 289 801 Et
313 754 494 818 partim
520 755 714 819 pelago,
742 756 924 819 partim
950 756 1161 818 vestigia
1185 763 1332 811 terra,

286 832 377 880 Vel
406 840 511 880 rate
537 833 783 894 dignatas,
811 835 889 881 vel
915 835 1060 898 pede,
1089 841 1262 881 nostra
1287 833 1447 895 sequi.

222 909 334 956 Sint
357 925 533 972 precor
558 910 634 956 hae
661 910 840 958 saltem
860 910 1032 959 faciles
1053 911 1174 958 mihi
1193 900 1463 976 :sff‘namque
1487 909 1619 957 Deo-

291 985 491 1033 Caetera
515 1002 629 1033 cum
655 1003 835 1050 magno
864 988 1065 1035 Caesare
1093 988 1240 1034 turba
1259 987 1405 1034 facit:

1492 988 1623 1049 [rum

224 1061 413 1125 Meque
436 1070 510 1109 tot
530 1063 750 1111 adversis
772 1065 1046 1120 cumulant,
1063 1071 1187 1127 quot
1204 1065 1323 1110 litus
1341 1079 1532 1118 arenas,
1561 1067 1623 1111 55

291 1139 529 1201 Quotque
554 1139 738 1187 fretum
761 1141 944 1204 pisces,
974 1157 1165 1203 ovaque
1192 1141 1346 1204 piscis
1372 1141 1541 1188 habet.

221 1216 350 1265 Vere
378 1217 515 1280 prius
541 1217 705 1272 flores,
734 1225 860 1265 aestu
886 1219 1174 1265 numerabis
1201 1219 1398 1274 aristas,

285 1294 446 1341 Poma
469 1310 556 1357 per
581 1302 892 1351 autumnum,
920 1295 1292 1359 frigoribusque
1319 1295 1490 1352 nives;

226 1370 387 1425 Quam
414 1372 561 1426 mala,
590 1388 703 1435 quae
728 1379 834 1420 toto
860 1374 1022 1437 patior
1040 1375 1262 1437 jactatus
1289 1373 1339 1420 in
1365 1373 1499 1429 orbe,

289 1448 422 1495 Dum
449 1449 598 1496 miser
625 1448 811 1496 Euxini
837 1450 983 1497 litora
1006 1451 1131 1498 laeva
1149 1458 1285 1514 peto.
1558 1452 1623 1498 60

222 1525 330 1573 Nec
356 1532 541 1582 tamen,
565 1534 620 1573 ut
644 1527 773 1582 veni,
801 1527 954 1574 levior
979 1527 1178 1575 fortuna
1201 1527 1445 1574 malorum
1472 1535 1579 1575 est:

286 1601 401 1649 Huc
429 1619 631 1666 quoque
655 1610 775 1650 sunt
801 1611 994 1651 nostras
1021 1604 1122 1651 fata
1146 1611 1322 1652 secuta
1346 1603 1451 1652 vias
1471 1621 1480 1652 :

223 1678 319 1726 Hic
347 1695 567 1742 quoque,
593 1696 844 1742 cognosco
871 1681 1051 1728 natalis
1078 1682 1293 1729 stamina
1318 1681 1490 1737 nostri,

291 1757 520 1804 Stamina
544 1757 607 1804 de
634 1758 774 1820 nigro
800 1759 983 1807 vellere
1009 1759 1141 1806 facta
1166 1759 1304 1806 mihi.

223 1834 392 1897 thue
414 1851 505 1882 nec
528 1835 751 1892 insidiae,
769 1837 1053 1900 capitisque
1073 1837 1298 1902 pericula
1318 1852 1532 1892 narrem,
1561 1839 1624 1884 65

287 1911 420 1958 Vera
445 1911 668 1974 quidem,
696 1930 811 1961 vera
837 1915 926 1961 sed
953 1915 1179 1977 graviora
1202 1914 1330 1971 fide;

219 2091 434 2129 cumvolutas3
457 2094 629 2131 pampineas
667 2093 765 2122 hastas'
794 2099 884 2124 vocat

222 2140 331 2181 virgil.
348 2135 407 2181 ipsi
419 2141 581 2182 thyrsigeri
597 2140 684 2171 dicti.
731 2141 834 2172 Pox‘r.

262 2191 314 2220 44.
340 2190 439 2219 Altior
456 2191 586 2220 humano
600 2192 725 2229 spiritus
742 2192 793 2221 ille
811 2193 887 2221 malo

219 2239 288 2279 exn]
316 2239 352 2269 In
370 2239 459 2269 Leid.
475 2244 552 2274 erat,
572 2240 623 2269 ille
639 2240 700 2269 loro
715 2246 768 2270 est.
805 2240 886 2271 Vide

219 2299 258 2318 an
274 2288 337 2318 huc
353 2287 450 2319 faciat
465 2287 543 2318 illud
561 2288 709 2324 Petronii,
726 2300 753 2319 c.
771 2300 825 2320 xc:

262 2337 376 2376 Soepius
388 2339 498 2377 poetice
518 2349 604 2378 quam
627 2339 756 2368 hzwzane
773 2339 889 2369 Iocutus

307 2398 345 2417 es.
727 2388 845 2418 Burin.

261 2437 315 2467 60.
343 2437 426 2466 Dum
450 2439 537 2467 miser
562 2437 676 2468 Euxini
701 2439 791 2468 litora
814 2449 887 2468 saera

218 2485 310 2525 peta]
344 2485 432 2516 Jussa
460 2486 541 2516 bene
572 2486 806 2525 Medonianus;
831 2487 888 2517 nisi

219 2534 303 2575 quod
321 2535 409 2564 litora
429 2535 500 2564 heva
517 2534 631 2565 rectius
647 2536 800 2566 scribetur
816 2546 888 2566 cum

221 2583 426 2622 Buslidian03
448 2583 540 2614 Trist.
556 2583 576 2614 i.
594 2585 681 2626 Eleg.
699 2584 733 2615 ii.
751 2585 792 2615 83
807 2597 812 2614 :

264 2634 388 2673 Obligat·
413 2640 444 2663 ut
468 2639 592 2674 tangam
618 2635 682 2664 laevi
698 2634 775 2675 fera
800 2635 887 2664 litora

311 2683 400 2712 Ponti
412 2694 421 2719 ,-

221 2731 310 2760 Pom.
325 2730 380 2760 lib.
398 2731 438 2761 iv.
456 2731 504 2762 El.
521 2731 564 2761 ix.
586 2732 666 2761 119.-

999 2094 1030 2125 Is
1042 2105 1165 2134 quoque,
1183 2105 1239 2134 quo
1258 2094 1468 2135 Iaevusfuerat
1483 2094 1536 2124 sub
1550 2103 1626 2133 prae-

1041 2145 1103 2174 side
1121 2143 1237 2174 Pontus
1251 2155 1259 2179 ,·

955 2203 1025 2233 quae
1041 2199 1073 2222 et
1089 2191 1131 2222 ibi
1143 2202 1218 2222 vera
1233 2190 1343 2222 lectio:
1369 2190 1526 2221 sinistrum
1548 2189 1627 2220 Pon-

957 2248 1020 2271 tum
1049 2240 1125 2271 alibi
1153 2250 1215 2271 non
1240 2250 1302 2271 uno
1327 2239 1396 2269 loco
1422 2238 1573 2280 adpellat,
1597 2244 1629 2269 et

957 2290 1071 2331 passim
1088 2290 1129 2321 ad
1146 2289 1178 2320 id
1195 2300 1309 2320 nomen
1323 2287 1449 2319 alludit.
1496 2288 1615 2318 mes.

1000 2341 1051 2370 61.
1083 2340 1123 2370 Ut
1148 2339 1243 2379 verm]
1272 2339 1485 2379 Posteaquam
1505 2337 1537 2367 in
1551 2338 1628 2378 Scy—

958 2388 1056 2420 thiam
1096 2387 1235 2430 perveni.
1284 2387 1347 2418 Nec
1385 2394 1485 2418 tumen
1525 2388 1628 2416 levior.

958 2438 1026 2468 Nec
1045 2443 1149 2468 tamen
1165 2437 1197 2467 in
1212 2436 1380 2479 presentia,
1393 2434 1516 2471 minori,
1533 2445 1627 2476 quam

958 2492 1063 2522 antea,
1080 2497 1130 2517 me
1145 2485 1253 2517 adficit
1273 2496 1387 2528 poena:
1415 2484 1504 2527 quasi
1520 2484 1625 2515 dicat:

957 2534 1151 2565 credideram
1189 2545 1238 2566 me
1276 2541 1398 2565 tantum
1443 2533 1629 2568 doliturum,

956 2583 1041 2625 quod
1065 2583 1164 2626 patria
1189 2594 1349 2615 carerem:
1374 2583 1429 2614 sed
1455 2582 1517 2613 alia
1531 2581 1627 2613 etiam

955 2634 1039 2664 mala
1063 2644 1123 2664 non
1147 2633 1276 2668 leviora.
1302 2644 1372 2675 quae
1398 2632 1506 2664 statim
1535 2636 1628 2673 poeta

955 2682 1127 2723 subjungit,
1146 2693 1194 2713 me
1213 2688 1344 2722 angunt.
