1760 3172
238 164 323 205 532

630 163 681 204 Ρ.
715 162 929 205 OVIDII
962 162 1243 205 NASONIS

239 279 439 342 Quique
455 279 531 326 vel
555 279 826 342 imparibus
846 279 1080 334 numeris,
1100 279 1357 337 Moutane,
1375 281 1450 328 vel
1472 282 1626 344 aequis

309 356 521 412 Sufficis,
549 362 599 402 et
624 355 819 418 gemino
845 355 1063 401 carmine
1089 372 1269 403 nomen
1295 357 1477 413 habes3

242 432 307 480 Et
332 433 415 495 qui
440 433 707 496 Penelopae
734 432 1007 480 rescribere
1027 433 1179 495 jussit
1205 433 1457 496 Ulyssem,

310 509 570 557 Errantem
597 527 726 557 saevo
754 526 842 573 per
866 509 965 556 duo
991 510 1148 556 lustra
1172 510 1322 567 mari3

241 585 442 650 Quique
468 603 607 634 suain
634 587 873 634 Troezena
898 587 1345 651 imperfectumque
1370 587 1561 635 dierum

308 664 543 712 Deseruit
567 665 715 712 celeri
741 672 897 712 morte
925 665 1140 711 Sabinus
1166 681 1319 728 opus3
1573 667 1629 711 16

242 741 538 805 Ingeniique
564 742 637 789 sui
664 742 826 790 dictus
850 742 1143 805 cognomine
1171 741 1377 805 Largus,

310 819 507 866 Gallica
531 820 615 885 qui
641 819 918 883 Phrygium
943 821 1088 868 duxit
1112 821 1162 866 in
1188 836 1302 868 arva
1326 836 1524 876 senem;

243 895 443 959 Quique
490 896 625 944 canit
670 896 907 944 domitam
958 897 1252 966 Camerinus
1300 898 1361 944 ab
1411 895 1628 944 Hercule
1738 937 1760 947 >A

442 973 553 1036 Troj
561 989 640 1020 am
657 992 667 1031 ;

1631 834 1660 866 ,φ’

310 1049 509 1113 Quique
535 1067 624 1098 sua
649 1068 829 1099 nomen
856 1051 1090 1115 Phyllide
1115 1051 1308 1099 Tuscus
1333 1051 1514 1109 habet;
1566 1055 1630 1098 20

243 1125 555 1190 Velivolique
582 1128 730 1175 maris
754 1125 1015 1197 vatesjcui
1041 1129 1243 1176 credere
1268 1129 1430 1193 possis

313 1203 550 1251 Carmina
574 1205 811 1252 caeruleos
837 1202 1179 1268 composuisse
1206 1205 1370 1262 Deos3

246 1278 449 1344 Quique
476 1281 607 1328 acies
635 1281 866 1346 Libycas,
896 1281 1224 1346 Romanaque
1245 1282 1415 1346 praelia
1438 1282 1594 1339 dixit3

312 1355 379 1404 Et
404 1356 612 1414 Marius,
641 1358 813 1422 scripti
840 1359 1018 1406 dexter
1042 1359 1091 1406 in
1116 1376 1261 1407 omne
1289 1375 1472 1422 genus3

288 1498 338 1528 10.
364 1498 403 1528 Et
424 1509 490 1528 cnm
508 1500 624 1534 subtili,
641 1498 717 1539 Sca]
745 1499 818 1530 Duo
837 1498 904 1529 fue-

243 1552 314 1578 runt
330 1547 427 1578 Prisci
443 1552 541 1589 poetae
556 1548 705 1578 coaetanei
722 1547 850 1586 Ovidii3
874 1552 905 1578 et

244 1596 335 1626 ambo
351 1597 381 1626 N
386 1607 465 1626 umae
479 1596 637 1638 Pompilii,
650 1596 730 1638 regis
745 1597 903 1627 Romano-

243 1656 310 1676 rum
327 1645 467 1681 secundi,
479 1646 575 1676 vitam
591 1645 728 1677 carmine
744 1645 904 1687 scripsere.

243 1695 341 1725 MEn.
378 1695 444 1735 Ego
465 1694 519 1725 hos
539 1694 617 1725 duos
632 1694 756 1726 Priscos
779 1696 904 1737 ignor03

244 1749 276 1774 et
291 1745 427 1775 Numam
444 1750 580 1785 poetam,
597 1755 657 1775 non
671 1755 793 1786 poema,
803 1742 912 1786 desig-v

245 1793 311 1824 nari
326 1798 413 1834 puto.
456 1795 573 1824 BunM.

290 1844 341 1873 11.
364 1843 480 1883 Quique
510 1844 556 1873 vel
578 1843 767 1884 imparibus]
800 1842 906 1874 Julius

245 1893 418 1923 Montanus
443 1897 535 1934 poeta
558 1898 664 1933 gratus
689 1893 747 1924 fuit
770 1891 905 1923 Tiberio.

246 1941 416 1981 Imparibus
435 1943 575 1971 muneris.
621 1941 771 1974 Versibus
795 1941 904 1982 elegis.

250 1991 302 2021 Vel
317 1992 415 2031 arquis.
445 1990 653 2020 Hexametris.
685 1991 814 2032 Safficis.
849 1992 904 2021 Sa-

246 2040 286 2071 tis
300 2050 345 2070 es,

292 2090 341 2118 12.
381 2089 506 2118 Gemino
542 2089 700 2129 carmina]
740 2089 838 2129 Elego
876 2094 907 2119 et

247 2137 382 2169 heroico.

294 2189 343 2218 13.
369 2187 430 2221 Qui
453 2187 636 2228 Penelopa]
663 2187 812 2218 Sabinum
833 2198 905 2229 poe-

246 2243 312 2268 tam
325 2236 478 2277 designat,
493 2236 546 2278 qui
562 2238 618 2267 sub
634 2236 777 2277 Augusto
793 2236 906 2272 floruit,

247 2293 279 2318 et
294 2285 432 2329 epistolis
447 2286 553 2317 Ovidii
574 2287 741 2327 respondit.
787 2287 905 2317 Rescri-

249 2338 411 2376 berejussit
432 2336 577 2376 Ulyssem.
616 2335 703 2367 Fecit
716 2337 859 2371 Sabinus,
873 2341 907 2366 ut

249 2387 378 2427 Ulysses
392 2386 481 2416 uxori
496 2385 661 2427 Penelopae
675 2386 864 2417 rescriberet.

295 2436 343 2466 17.
374 2435 520 2476 Largus]
545 2434 596 2464 An
619 2434 762 2465 Valerius
788 2436 907 2475 Largus

248 2490 410 2515 accusator
425 2484 511 2515 Galli
532 2485 653 2525 poetae‘?
676 2483 715 2514 de
732 2495 792 2525 quo
810 2484 906 2514 Dion.

247 2534 303 2565 liii.
318 2544 390 2576 pag.
405 2534 484 2572 5123
508 2540 538 2564 et
554 2544 593 2564 an
610 2533 695 2563 idem
713 2533 764 2569 sit,
783 2533 835 2575 qui
851 2534 906 2564 sub

249 2583 382 2615 Claudio
394 2583 500 2614 consul
513 2583 587 2621 fuit3
612 2588 645 2613 ut
661 2582 743 2613 idem
760 2582 854 2613 Dion.
864 2582 907 2613 lx.

249 2643 323 2675 pag.
339 2633 423 2664 6711
446 2632 560 2664 nescio.
606 2633 722 2663 Bmm.

295 2683 345 2712 18.
361 2682 457 2712 Ducit
469 2682 611 2722 inarum]
641 2682 739 2712 Duait
756 2681 908 2712 nonnulli.

250 2731 366 2763 limus.
406 2732 442 2762 In
458 2743 530 2762 arva
547 2732 680 2762 Gallica.
716 2731 753 2762 In
770 2730 907 2762 Galliam

972 1497 1185 1540 Cisalpinam:
1211 1504 1242 1530 et
1269 1498 1301 1529 in
1323 1508 1394 1529 eum
1422 1504 1554 1529 tractum
1577 1497 1631 1529 ubi

969 1553 1080 1589 postea
1109 1547 1250 1578 Antenor
1282 1547 1449 1578 Patavium
1480 1546 1631 1578 condidit.

972 1597 1142 1639 Phrygium
1168 1608 1272 1628 senem.
1309 1596 1502 1628 Antenorem
1525 1596 1631 1638 Troja-

971 1657 1057 1677 num.

1018 1697 1066 1726 19.
1092 1696 1209 1736 Quique
1231 1698 1316 1726 canit
1339 1695 1543 1736 Camerinus]
1571 1695 1631 1726 Ca-

970 1744 1108 1775 merinus
1122 1750 1215 1786 poeta
1230 1744 1288 1775 fuit
1300 1744 1407 1775 Ovidii
1418 1753 1566 1786 tempore,
1578 1743 1632 1785 qui

970 1794 1054 1836 apud
1075 1793 1202 1824 Latinos
1220 1794 1388 1835 Trojanum
1409 1793 1567 1824 excidium
1582 1803 1632 1823 ce-

970 1843 1057 1874 cinit.

1012 1893 1065 1923 21.
1086 1892 1263 1933 Is'elinolique
1278 1894 1368 1923 maris
1384 1892 1489 1932 vates]
1516 1892 1578 1923 Hic
1594 1892 1634 1923 de

970 1941 1007 1972 P.
1031 1941 1175 1972 Terentio
1200 1942 1339 1973 Varrone
1364 1941 1513 1972 Attacino
1540 1947 1633 1983 poeta

972 1990 1129 2032 intelligit,
1155 1989 1209 2032 qui
1235 1991 1393 2021 transtulit
1427 1990 1458 2020 in
1486 1991 1632 2021 Latinum

973 2039 1066 2070 libros
1096 2046 1228 2081 quatuor
1256 2039 1415 2081 Apollonii
1447 2038 1562 2069 Rhodii
1600 2039 1632 2069 in

974 2100 1063 2120 suum
1076 2100 1152 2131 opus
1165 2089 1203 2120 de
1216 2089 1416 2130 Argonautis.
1442 2090 1500 2118 Cui
1515 2091 1635 2119 credere

972 2141 1070 2178 possis,
1094 2140 1152 2169 ἃς.
1197 2139 1318 2180 Magna
1347 2144 1392 2168 est
1418 2138 1510 2180 hujus
1532 2143 1633 2180 poetae

973 2189 1063 2228 laus3
1085 2188 1168 2230 quod
1192 2194 1256 2218 tam
1279 2188 1407 2230 pulchre
1422 2187 1635 2229 Argonautica

974 2237 1149 2280 descripsit,
1159 2243 1193 2268 ut
1203 2237 1259 2268 Dii
1270 2237 1327 2279 ipsi
1338 2237 1459 2273 marini,
1471 2248 1531 2267 non
1542 2243 1635 2278 poeta

973 2287 1026 2318 ille
1050 2288 1088 2318 P.
1105 2287 1268 2318 Terentius
1289 2288 1396 2323 Varro,
1413 2286 1575 2317 videantur
1596 2296 1635 2317 ea

974 2337 1113 2368 carmina
1126 2337 1347 2379 composuisse.

1017 2388 1069 2417 23.
1095 2387 1212 2426 Quique
1234 2388 1310 2416 acies
1326 2385 1481 2426 Lybicas]
1509 2384 1634 2415 Merula

974 2435 1056 2466 hunc
1071 2435 1172 2466 loc-um
1186 2435 1224 2466 de
1238 2434 1349 2470 Ennio,
1360 2440 1414 2465 aut
1429 2432 1540 2464 Naevio
1553 2433 1635 2463 acci-

975 2484 1123 2527 piendum
1147 2490 1252 2526 putat:
1284 2483 1333 2514 cui
1361 2489 1532 2524 temporum
1557 2482 1635 2512 ratio

975 2539 1138 2575 repugnat.
1185 2533 1296 2574 Neque
1321 2532 1404 2563 enim
1426 2530 1559 2561 Ovidius
1583 2541 1636 2561 eos

975 2588 1082 2624 poetas
1115 2592 1354 2613 commemorare
1382 2581 1490 2615 voluit,
1521 2579 1574 2621 qui
1602 2589 1634 2610 se

976 2633 1073 2663 multo
1089 2631 1276 2673 antiquiores
1292 2636 1404 2667 essent,
1421 2629 1476 2660 sed
1497 2629 1551 2671 qui
1571 2629 1636 2659 suis

976 2681 1175 2723 temporibus,
1203 2681 1375 2722 eademque
1405 2689 1510 2711 secum
1540 2684 1634 2710 aetatc

977 2730 1135 2762 vixissent.
