1760 3172
255 183 339 225 188

642 182 693 224 Ρ.
732 182 947 224 OVIDII
980 182 1263 226 NASONIS

257 298 450 346 Felices
476 304 653 345 ornent
673 298 780 345 haec
806 298 1138 346 instrumenta
1162 299 1385 346 libellos:

325 375 554 422 Fortunae
579 391 850 422 memorem
875 381 923 421 te
949 374 1095 422 decet
1119 391 1231 422 esse
1257 391 1397 422 meae.
1587 379 1645 422 lO

258 452 366 500 Nec
391 452 549 515 fragili
575 451 785 514 geminae
811 450 1060 514 poliantur
1084 451 1284 513 pumice
1309 450 1510 506 frontes,

322 528 560 575 Hirsutus
585 527 745 591 passis
772 535 827 589 ut
846 527 1043 574 videare
1069 527 1243 574 comis.

257 607 396 655 Neve
421 606 676 653 liturarum
702 605 916 668 pudeat:
956 604 1044 666 'qui
1069 604 1248 651 viderit
1272 604 1400 660 illas,

322 683 400 731 De
425 682 659 746 lacrymis
685 680 842 729 factas
869 680 1051 728 sentiet
1075 696 1187 728 esse
1212 680 1354 728 meis.

255 760 413 815 Vade,
440 759 580 815 liber,
607 758 872 821 verbisque
898 757 1022 804 meis
1048 757 1161 804 loca
1185 764 1326 820 grata
1351 757 1540 805 saluta:
1587 759 1644 803 15

323 837 623 899 Contingam
644 843 779 884 certe
804 851 904 898 quo
932 835 1048 882 licet
1072 834 1155 882 illa
1179 835 1325 898 pede.

258 915 312 962 Si
338 914 467 977 quis,
495 920 551 960 ut
574 912 623 960 in
648 912 850 976 populo,
878 910 1031 958 nostri
1057 927 1155 958 non
1181 911 1440 958 immemor
1459 909 1576 965 illic,

327 991 381 1037 Si
407 990 535 1053 quis,
563 989 666 1052 qui,
695 989 815 1052 quid
842 1005 1003 1051 agam,
1031 987 1156 1036 forte
1181 989 1420 1052 requirat,
1448 988 1567 1045 erit3

255 1068 436 1115 Vivere
461 1083 540 1114 me
565 1066 719 1122 dices,
748 1066 938 1113 salvum
963 1073 1131 1114 tamen
1157 1082 1268 1114 esse
1293 1066 1529 1128 negabis:

324 1144 384 1191 Id
410 1160 629 1208 quoque,
657 1144 793 1207 quod
817 1144 994 1200 vivam,
1022 1160 1203 1191 munus
1227 1143 1411 1191 habere
1439 1142 1551 1190 Dei.
1581 1145 1646 1188 20

254 1222 426 1284 Atque
451 1221 520 1268 ita
542 1228 592 1268 te
617 1227 794 1268 cautus
821 1220 1065 1284 quaerenti
1090 1221 1235 1284 plura
1257 1220 1543 1283 legendum,

325 1298 420 1353 Ne,
449 1313 561 1361 quae
586 1313 686 1344 non
711 1313 837 1361 opus
863 1305 956 1354 est,
983 1297 1107 1345 forte
1131 1298 1354 1361 loquare,
1381 1297 1542 1345 dabis.

254 1406 354 1450 pellat
368 1406 557 1448 superiorem
572 1412 603 1437 et
612 1405 789 1437 inferiorem
801 1406 916 1437 chartae

254 1462 393 1499 partem:
409 1457 549 1498 frontem
570 1466 642 1487 vero
663 1456 794 1497 nigram,
817 1456 916 1498 ipsam

254 1507 414 1548 paginam.
451 1506 545 1536 Man.
590 1505 776 1536 Scribebant
796 1505 918 1546 antiqui

255 1555 288 1586 in
321 1555 420 1586 altera
448 1559 570 1585 tantum
603 1554 786 1596 paginarum
825 1553 917 1591 facie,

254 1610 406 1646 perpetuo
429 1603 538 1639 ductu,
558 1602 597 1634 ad
622 1609 794 1634 extremum
816 1614 917 1645 usque

255 1654 381 1685 folium:
406 1653 439 1683 in
453 1664 515 1694 quo
534 1652 732 1684 firmitudinis
747 1652 848 1694 gratia
863 1663 917 1694 cy-

254 1702 402 1739 lindrum,
418 1713 473 1733 seu
487 1701 639 1733 bacillum
655 1707 798 1738 teretem,
818 1701 917 1732 cedri—

256 1762 331 1783 num
346 1752 396 1782 vel
410 1751 581 1781 eburneum
597 1749 852 1792 agglutinabant,
869 1762 918 1782 se-

253 1800 392 1832 cundum
407 1799 606 1830 latitudinem
627 1800 815 1830 membranae
837 1810 915 1841 prae-

253 1850 338 1885 cisae,
360 1849 568 1890 eumdemque
590 1848 793 1879 nominabant
813 1849 913 1880 umbi-

254 1899 369 1938 licum3
390 1898 473 1940 quod
488 1898 569 1929 sicut
584 1897 751 1929 umbilicus
765 1898 797 1929 in
812 1899 916 1930 medio

255 1947 494 1984 ventre,sicille
509 1947 588 1978 libro
604 1947 670 1989 jam
693 1947 917 1978 circumvoluto

256 1997 380 2028 medius
402 2002 495 2028 esset.
540 1996 643 2038 Hujus
665 1996 773 2027 bacilli
797 1997 915 2039 capita,

256 2056 388 2088 superne
404 2051 435 2077 et
448 2045 566 2076 inferne
583 2044 763 2081 eminentia,
779 2052 917 2087 argento,

256 2106 340 2132 auro,
367 2101 422 2126 aut
448 2095 540 2125 ebore
569 2100 696 2125 ornatus
719 2105 815 2125 causa
838 2106 916 2136 prae-

256 2144 461 2182 muniebant3
483 2149 515 2174 et
538 2143 605 2174 haec
623 2154 736 2174 cornua
759 2143 917 2175 dicebant.

256 2193 370 2224 Postea
381 2192 514 2235 paginas
525 2192 621 2223 instar
633 2191 722 2234 spirae
735 2193 918 2223 convolutas

256 2242 500 2284 complicabant,
516 2241 652 2283 indeque
669 2243 805 2272 volumen
820 2242 918 2273 nomi-

257 2292 387 2327 nabant,
406 2301 425 2321 a
439 2290 604 2321 volvendo.
649 2290 752 2321 Pom.

254 2358 257 2359 ν
301 2342 352 2371 ll.
387 2340 547 2380 Gemma]
589 2339 763 2381 Utramque
800 2339 917 2370 chartae

255 2389 418 2433 planitiem
441 2388 600 2430 intelligit,
618 2394 695 2430 puta
718 2387 915 2424 exteriorem,

255 2445 287 2469 et
302 2439 489 2469 interiorem.
526 2437 551 2466 F
553 2439 644 2479 ragili
657 2438 785 2477 pumice.
822 2437 920 2468 Erant

256 2493 361 2519 autem
377 2486 517 2529 pumices
532 2485 565 2516 in
580 2497 637 2517 usu
653 2485 866 2528 poliendorum
882 2485 919 2515 li-

254 2538 379 2568 brorum
409 2536 526 2579 gratia:
551 2535 758 2567 laudatissimi
788 2542 860 2567 sunt
887 2537 919 2567 in

256 2586 359 2622 Melo,
386 2587 492 2627 Scyro,
512 2590 544 2615 et
565 2585 679 2616 AEoliis
695 2584 823 2616 insulis:
850 2596 918 2626 pro-

256 2635 342 2665 batio
362 2635 393 2665 in
415 2634 563 2670 candore,
585 2639 616 2665 et
636 2634 667 2664 in
691 2634 820 2665 minimo
843 2645 918 2676 pon-

256 2683 341 2720 dere,
365 2691 396 2714 et
423 2689 456 2714 ut
477 2693 572 2724 quam
599 2682 735 2715 maxime
762 2683 918 2725 spongiosi

258 2739 353 2775 atque
369 2733 445 2764 aridi
463 2733 535 2770 sint,
551 2743 587 2764 ac
604 2733 660 2764 teri
677 2733 788 2765 faciles
803 2745 809 2771 ;
835 2733 918 2763 unde

985 1405 1120 1438 Ovidius
1145 1416 1206 1438 non
1233 1404 1398 1443 immerito,
1413 1405 1567 1448 fragilem
1592 1415 1647 1449 ap-

983 1455 1128 1498 pellavit.

1032 1505 1080 1535 12.
1111 1504 1228 1545 Sparsis
1257 1504 1373 1546 comis]
1410 1505 1510 1536 Passis
1537 1504 1647 1537 editio-

984 1564 1040 1586 nes
1055 1554 1206 1596 antiquae,
1222 1560 1254 1586 et
1275 1554 1356 1585 inter
1375 1554 1505 1596 scriptos
1525 1555 1649 1587 codices

984 1602 1094 1634 multi:
1128 1603 1242 1645 probe:
1277 1603 1354 1634 nihil
1379 1603 1573 1644 frequentius
1596 1615 1648 1636 oc-

985 1652 1081 1683 currit
1097 1653 1181 1695 apud
1196 1653 1367 1684 Nasonem.
1404 1653 1588 1685 Hafniensis
1602 1666 1649 1685 co-

986 1712 1047 1732 mas
1067 1712 1123 1743 pro
1149 1701 1273 1733 diversa
1297 1701 1452 1740 lectione3
1475 1707 1511 1732 ut
1534 1702 1649 1734 usitato

985 1750 1147 1792 graecismo
1162 1750 1306 1781 videatur
1320 1750 1552 1792 reponendum:

1031 1800 1065 1830 H
1067 1801 1181 1830 irsntus
1190 1811 1289 1840 passas
1304 1806 1338 1830 ut
1354 1802 1474 1831 videare
1488 1811 1594 1832 comas.

987 1848 1065 1878 Mox
1080 1847 1175 1879 etiam
1190 1851 1297 1879 sentiet
1311 1848 1465 1880 meliores.
1509 1848 1628 1882 HEms.

1034 1898 1084 1928 13.
1100 1897 1309 1938 Litai-aram]
1327 1898 1539 1929 Macularum.
1554 1899 1650 1931 Ovid.

984 1946 1060 1977 Her.
1076 1946 1120 1977 iii.
1136 1947 1166 1977 3.

1030 1995 1239 2037 Quascumque
1262 1998 1415 2037 adspicies,
1442 1998 1580 2038 lacrymae
1594 1996 1649 2040 se-

1069 2056 1135 2077 cere
1151 2047 1272 2077 lituras.

1030 2095 1079 2125 16.
1119 2094 1226 2135 Pede.]
1261 2094 1292 2126 h.
1322 2105 1350 2126 e.
1379 2094 1503 2136 syllaba
1533 2107 1650 2128 versus.

985 2144 1134 2175 HanLns.

1033 2194 1081 2225 17.
1098 2194 1130 2224 Si
1145 2195 1221 2235 quis,
1233 2200 1267 2224 nt
1279 2195 1309 2224 in
1321 2195 1442 2236 populo,
1457 2197 1562 2232 nostri,
1573 2196 1648 2237 ἃς]

986 2242 1045 2273 Pro
1058 2243 1089 2272 Si
1105 2245 1170 2283 quis
1185 2243 1346 2284 posteriori
1360 2253 1462 2279 versu,
1476 2255 1547 2285 quae
1561 2255 1649 2287 repe-

985 2290 1053 2322 titio
1068 2290 1258 2322 inconcinna
1270 2297 1328 2328 est,
1342 2292 1367 2322 si
1384 2291 1460 2333 quid
1476 2292 1577 2330 video,
1595 2294 1648 2324 Ci-

985 2342 1027 2371 vis
1043 2340 1156 2371 rectius
1173 2346 1351 2382 reponatur,
1363 2346 1535 2383 utcumque
1551 2352 1648 2373 mem-

984 2391 1089 2421 branis
1104 2390 1246 2421 omnibus
1261 2390 1376 2421 invitis.
1405 2390 1522 2422 Hiems.
1566 2391 1649 2422 Mihi

985 2450 1058 2470 vero
1074 2439 1249 2480 elegantius
1264 2439 1423 2481 repetiisse
1438 2440 1562 2471 videtur
1575 2451 1649 2483 poe-

986 2494 1030 2524 ta,
1048 2491 1070 2519 si
1086 2490 1160 2529 quis.
1206 2489 1355 2519 Minius.

1030 2538 1082 2568 20.
1107 2537 1192 2577 Det]
1210 2537 1345 2579 Augusti
1359 2536 1511 2568 Caesaris:
1529 2548 1600 2569 nam
1614 2549 1650 2570 eo

988 2597 1085 2627 usque
1109 2586 1258 2628 processit
1282 2597 1330 2617 ars
1359 2587 1574 2622 assentatoria,
1599 2587 1649 2618 vel

987 2636 1089 2677 potius
1113 2635 1254 2677 politica,
1269 2641 1304 2666 ut
1327 2646 1410 2671 eum,
1430 2646 1522 2677 quem
1544 2636 1649 2667 nolue-

987 2691 1057 2716 rant
1070 2695 1173 2725 regem
1184 2684 1338 2726 accipere,
1353 2685 1458 2715 Deum
1475 2684 1612 2716 fecerint.

1031 2734 1146 2770 2l,2·2.
1166 2733 1261 2774 Teque
1273 2736 1315 2764 ita
1329 2741 1361 2764 tu
1378 2734 1516 2774 tacitum]
1535 2733 1648 2776 Scripti
