<?xml version="1.0" encoding="UTF-8"?>
<!DOCTYPE html PUBLIC "-//W3C//DTD XHTML 1.0 Transitional//EN"
    "http://www.w3.org/TR/xhtml1/DTD/xhtml1-transitional.dtd">
<html xmlns="http://www.w3.org/1999/xhtml" xml:lang="en" lang="en">
 <head>
  <title>
</title>
<meta http-equiv="Content-Type" content="text/html;charset=utf-8" />
  <meta name='ocr-system' content='tesseract 3.04.00' />
  <meta name='ocr-capabilities' content='ocr_page ocr_carea ocr_par ocr_line ocrx_word'/>
</head>
<body>
  <div class='ocr_page' id='page_1' title='image "./povidiinasonisop02oviduoft_0038.png"; bbox 0 0 1760 3172; ppageno 0'>
   <div class='ocr_carea' id='block_1_1' title="bbox 204 183 1205 226">
    <p class='ocr_par' dir='ltr' id='par_1_1' title="bbox 204 183 1205 226">
     <span class='ocr_line' id='line_1_1' title="bbox 204 183 1205 226; baseline -0.001 0"><span class='ocrx_word' id='word_1_1' title='bbox 204 185 260 226; x_wconf 73' lang='lat'>28</span> <span class='ocrx_word' id='word_1_2' title='bbox 595 185 644 224; x_wconf 90' lang='lat' dir='ltr'>P.</span> <span class='ocrx_word' id='word_1_3' title='bbox 680 183 892 224; x_wconf 88' lang='lat' dir='ltr'>OVIDII</span> <span class='ocrx_word' id='word_1_4' title='bbox 928 183 1205 225; x_wconf 86' lang='lat' dir='ltr'><strong>NASONIS</strong></span> 
     </span>
    </p>
   </div>
   <div class='ocr_carea' id='block_1_2' title="bbox 210 298 1594 747">
    <p class='ocr_par' dir='ltr' id='par_1_2' title="bbox 210 298 1594 440">
     <span class='ocr_line' id='line_1_2' title="bbox 210 298 1521 362; baseline -0.001 -16"><span class='ocrx_word' id='word_1_5' title='bbox 210 300 371 347; x_wconf 83' lang='lat' dir='ltr'>Litore</span> <span class='ocrx_word' id='word_1_6' title='bbox 399 306 520 362; x_wconf 91' lang='lat' dir='ltr'>quot</span> <span class='ocrx_word' id='word_1_7' title='bbox 544 300 762 353; x_wconf 77' lang='lat' dir='ltr'>conchae,</span> <span class='ocrx_word' id='word_1_8' title='bbox 790 306 862 345; x_wconf 92' lang='lat' dir='ltr'>tot</span> <span class='ocrx_word' id='word_1_9' title='bbox 888 306 1002 345; x_wconf 88' lang='lat' dir='ltr'>sunt</span> <span class='ocrx_word' id='word_1_10' title='bbox 1027 299 1075 344; x_wconf 91' lang='lat' dir='ltr'>in</span> <span class='ocrx_word' id='word_1_11' title='bbox 1102 313 1267 344; x_wconf 85' lang='lat' dir='ltr'>amore</span> <span class='ocrx_word' id='word_1_12' title='bbox 1293 298 1486 345; x_wconf 86' lang='lat' dir='ltr'>dolores</span> <span class='ocrx_word' id='word_1_13' title='bbox 1512 316 1521 345; x_wconf 92' lang='lat'>:</span> 
     </span>
     <span class='ocr_line' id='line_1_3' title="bbox 276 374 1594 440; baseline 0 -19"><span class='ocrx_word' id='word_1_14' title='bbox 276 377 398 430; x_wconf 80' lang='lat' dir='ltr'>Quae</span> <span class='ocrx_word' id='word_1_15' title='bbox 424 377 654 440; x_wconf 82' lang='lat' dir='ltr'>patimur,</span> <span class='ocrx_word' id='word_1_16' title='bbox 683 376 836 422; x_wconf 87' lang='lat' dir='ltr'>multo</span> <span class='ocrx_word' id='word_1_17' title='bbox 863 375 1056 439; x_wconf 82' lang='lat' dir='ltr'>spicula</span> <span class='ocrx_word' id='word_1_18' title='bbox 1079 374 1192 421; x_wconf 91' lang='lat' dir='ltr'>felle</span> <span class='ocrx_word' id='word_1_19' title='bbox 1218 375 1437 422; x_wconf 84' lang='lat' dir='ltr'>madent.</span> <span class='ocrx_word' id='word_1_20' title='bbox 1498 378 1594 422; x_wconf 78' lang='lat'>520</span> 
     </span>
    </p>

    <p class='ocr_par' dir='ltr' id='par_1_3' title="bbox 215 451 1511 592">
     <span class='ocr_line' id='line_1_4' title="bbox 215 451 1511 515; baseline -0.002 -14"><span class='ocrx_word' id='word_1_21' title='bbox 215 455 363 501; x_wconf 84' lang='lat' dir='ltr'>Dicta</span> <span class='ocrx_word' id='word_1_22' title='bbox 386 454 478 501; x_wconf 91' lang='lat' dir='ltr'>erit</span> <span class='ocrx_word' id='word_1_23' title='bbox 502 453 599 500; x_wconf 92' lang='lat' dir='ltr'>isse</span> <span class='ocrx_word' id='word_1_24' title='bbox 624 453 771 508; x_wconf 82' lang='lat' dir='ltr'>foras,</span> <span class='ocrx_word' id='word_1_25' title='bbox 800 468 949 515; x_wconf 82' lang='lat' dir='ltr'>quam</span> <span class='ocrx_word' id='word_1_26' title='bbox 976 459 1028 499; x_wconf 94' lang='lat' dir='ltr'>tu</span> <span class='ocrx_word' id='word_1_27' title='bbox 1054 451 1262 498; x_wconf 86' lang='lat' dir='ltr'>fortasse</span> <span class='ocrx_word' id='word_1_28' title='bbox 1287 452 1477 498; x_wconf 91' lang='lat' dir='ltr'>videbis</span> <span class='ocrx_word' id='word_1_29' title='bbox 1501 470 1511 509; x_wconf 92' lang='lat'>;</span> 
     </span>
     <span class='ocr_line' id='line_1_5' title="bbox 279 530 1228 592; baseline -0.003 -15"><span class='ocrx_word' id='word_1_30' title='bbox 279 531 385 578; x_wconf 83' lang='lat' dir='ltr'>Isse</span> <span class='ocrx_word' id='word_1_31' title='bbox 411 530 555 586; x_wconf 82' lang='lat' dir='ltr'>foras,</span> <span class='ocrx_word' id='word_1_32' title='bbox 583 538 632 577; x_wconf 93' lang='lat' dir='ltr'>et</span> <span class='ocrx_word' id='word_1_33' title='bbox 655 538 704 577; x_wconf 91' lang='lat' dir='ltr'>te</span> <span class='ocrx_word' id='word_1_34' title='bbox 728 530 853 577; x_wconf 84' lang='lat' dir='ltr'>falsa</span> <span class='ocrx_word' id='word_1_35' title='bbox 876 530 1062 584; x_wconf 90' lang='lat' dir='ltr'>videre,</span> <span class='ocrx_word' id='word_1_36' title='bbox 1091 536 1228 592; x_wconf 85' lang='lat' dir='ltr'>puta.</span> 
     </span>
    </p>

    <p class='ocr_par' dir='ltr' id='par_1_4' title="bbox 212 606 1414 747">
     <span class='ocr_line' id='line_1_6' title="bbox 212 606 1327 671; baseline -0.004 -16"><span class='ocrx_word' id='word_1_37' title='bbox 212 608 399 655; x_wconf 82' lang='lat' dir='ltr'>Clausa</span> <span class='ocrx_word' id='word_1_38' title='bbox 421 608 509 654; x_wconf 89' lang='lat' dir='ltr'>tibi</span> <span class='ocrx_word' id='word_1_39' title='bbox 534 607 681 654; x_wconf 89' lang='lat' dir='ltr'>fuerit</span> <span class='ocrx_word' id='word_1_40' title='bbox 705 606 951 671; x_wconf 68' lang='lat' dir='ltr'>promissa</span> <span class='ocrx_word' id='word_1_41' title='bbox 972 607 1127 669; x_wconf 74' lang='lat' dir='ltr'>janua</span> <span class='ocrx_word' id='word_1_42' title='bbox 1151 612 1297 652; x_wconf 88' lang='lat' dir='ltr'>nocte</span> <span class='ocrx_word' id='word_1_43' title='bbox 1317 621 1327 651; x_wconf 76' lang='grc' dir='ltr'>ε</span> 
     </span>
     <span class='ocr_line' id='line_1_7' title="bbox 281 682 1414 747; baseline -0.003 -17"><span class='ocrx_word' id='word_1_44' title='bbox 281 684 453 731; x_wconf 82' lang='lat' dir='ltr'><strong>Perfer</strong></span> <span class='ocrx_word' id='word_1_45' title='bbox 477 690 527 730; x_wconf 92' lang='lat' dir='ltr'>et</span> <span class='ocrx_word' id='word_1_46' title='bbox 551 684 805 730; x_wconf 67' lang='lat' dir='ltr'>immunda</span> <span class='ocrx_word' id='word_1_47' title='bbox 834 699 1018 747; x_wconf 89' lang='lat' dir='ltr'>ponere</span> <span class='ocrx_word' id='word_1_48' title='bbox 1043 698 1222 746; x_wconf 90' lang='lat' dir='ltr'>corpus</span> <span class='ocrx_word' id='word_1_49' title='bbox 1247 682 1414 728; x_wconf 91' lang='lat' dir='ltr'>humo.</span> 
     </span>
    </p>
   </div>
   <div class='ocr_carea' id='block_1_3' title="bbox 211 758 1356 821">
    <p class='ocr_par' dir='ltr' id='par_1_5' title="bbox 211 758 1356 821">
     <span class='ocr_line' id='line_1_8' title="bbox 211 758 1356 821; baseline -0.003 -15"><span class='ocrx_word' id='word_1_50' title='bbox 211 760 435 807; x_wconf 77' lang='lat' dir='ltr'>Forsitan</span> <span class='ocrx_word' id='word_1_51' title='bbox 460 767 509 807; x_wconf 90' lang='lat' dir='ltr'>et</span> <span class='ocrx_word' id='word_1_52' title='bbox 531 760 667 806; x_wconf 89' lang='lat' dir='ltr'>vultu</span> <span class='ocrx_word' id='word_1_53' title='bbox 693 760 908 807; x_wconf 82' lang='lat' dir='ltr'>mendax</span> <span class='ocrx_word' id='word_1_54' title='bbox 935 759 1113 806; x_wconf 86' lang='grc'><strong>31101113</strong></span> <span class='ocrx_word' id='word_1_55' title='bbox 1139 758 1356 821; x_wconf 86' lang='lat' dir='ltr'>superbo</span> 
     </span>
    </p>
   </div>
   <div class='ocr_carea' id='block_1_4' title="bbox 1495 761 1591 805">
    <p class='ocr_par' dir='ltr' id='par_1_6' title="bbox 1495 761 1591 805">
     <span class='ocr_line' id='line_1_9' title="bbox 1495 761 1591 805; baseline 0 -1"><span class='ocrx_word' id='word_1_56' title='bbox 1495 761 1591 805; x_wconf 82' lang='lat'>525</span> 
     </span>
    </p>
   </div>
   <div class='ocr_carea' id='block_1_5' title="bbox 211 835 1430 1122">
    <p class='ocr_par' dir='ltr' id='par_1_7' title="bbox 211 835 1430 1122">
     <span class='ocr_line' id='line_1_10' title="bbox 278 835 1349 893; baseline -0.004 -9"><span class='ocrx_word' id='word_1_57' title='bbox 278 839 439 893; x_wconf 82' lang='lat' dir='ltr'>Dicet,</span> <span class='ocrx_word' id='word_1_58' title='bbox 468 837 599 891; x_wconf 85' lang='lat' dir='ltr'>Quid</span> <span class='ocrx_word' id='word_1_59' title='bbox 625 844 817 884; x_wconf 87' lang='lat' dir='ltr'>nostras</span> <span class='ocrx_word' id='word_1_60' title='bbox 843 837 1039 884; x_wconf 79' lang='lat' dir='ltr'>obsidet</span> <span class='ocrx_word' id='word_1_61' title='bbox 1065 837 1158 883; x_wconf 87' lang='lat' dir='ltr'>iste</span> <span class='ocrx_word' id='word_1_62' title='bbox 1182 835 1310 884; x_wconf 87' lang='lat' dir='ltr'>fores</span> <span class='ocrx_word' id='word_1_63' title='bbox 1331 835 1349 880; x_wconf 67' lang='grc' dir='ltr'><em>ἲ</em></span> 
     </span>
     <span class='ocr_line' id='line_1_11' title="bbox 211 911 1404 978; baseline -0.004 -17"><span class='ocrx_word' id='word_1_64' title='bbox 211 915 448 962; x_wconf 83' lang='lat' dir='ltr'>Postibus</span> <span class='ocrx_word' id='word_1_65' title='bbox 473 922 523 961; x_wconf 89' lang='lat' dir='ltr'>et</span> <span class='ocrx_word' id='word_1_66' title='bbox 547 915 680 961; x_wconf 84' lang='lat' dir='ltr'>durae</span> <span class='ocrx_word' id='word_1_67' title='bbox 707 915 922 978; x_wconf 83' lang='lat' dir='ltr'>supplex</span> <span class='ocrx_word' id='word_1_68' title='bbox 947 913 1172 961; x_wconf 81' lang='lat' dir='ltr'>blandire</span> <span class='ocrx_word' id='word_1_69' title='bbox 1196 911 1404 976; x_wconf 84' lang='lat' dir='ltr'>puellae3</span> 
     </span>
     <span class='ocr_line' id='line_1_12' title="bbox 278 990 1270 1054; baseline -0.004 -16"><span class='ocrx_word' id='word_1_70' title='bbox 278 991 344 1038; x_wconf 89' lang='lat' dir='ltr'>Et</span> <span class='ocrx_word' id='word_1_71' title='bbox 367 991 517 1053; x_wconf 81' lang='lat' dir='ltr'>capiti</span> <span class='ocrx_word' id='word_1_72' title='bbox 542 990 734 1038; x_wconf 83' lang='lat' dir='ltr'>demtas</span> <span class='ocrx_word' id='word_1_73' title='bbox 760 991 810 1037; x_wconf 91' lang='lat' dir='ltr'>in</span> <span class='ocrx_word' id='word_1_74' title='bbox 834 990 937 1038; x_wconf 89' lang='lat' dir='ltr'>fore</span> <span class='ocrx_word' id='word_1_75' title='bbox 962 1006 1091 1054; x_wconf 88' lang='lat' dir='ltr'>pone</span> <span class='ocrx_word' id='word_1_76' title='bbox 1116 1004 1270 1036; x_wconf 90' lang='grc'><strong>10535.</strong></span> 
     </span>
     <span class='ocr_line' id='line_1_13' title="bbox 212 1063 1430 1122; baseline -0.003 -8"><span class='ocrx_word' id='word_1_77' title='bbox 212 1067 341 1114; x_wconf 89' lang='lat' dir='ltr'>Cum</span> <span class='ocrx_word' id='word_1_78' title='bbox 365 1067 510 1122; x_wconf 89' lang='lat' dir='ltr'>volet,</span> <span class='ocrx_word' id='word_1_79' title='bbox 538 1067 777 1115; x_wconf 81' lang='lat' dir='ltr'>accedes:</span> <span class='ocrx_word' id='word_1_80' title='bbox 818 1083 932 1114; x_wconf 91' lang='grc'><strong>011111</strong></span> <span class='ocrx_word' id='word_1_81' title='bbox 957 1074 1007 1113; x_wconf 89' lang='grc'>10</span> <span class='ocrx_word' id='word_1_82' title='bbox 1031 1065 1223 1121; x_wconf 83' lang='lat' dir='ltr'>vitabit,</span> <span class='ocrx_word' id='word_1_83' title='bbox 1252 1063 1430 1111; x_wconf 83' lang='lat' dir='ltr'>abibis.</span> 
     </span>
    </p>
   </div>
   <div class='ocr_carea' id='block_1_6' title="bbox 280 1142 1211 1205">
    <p class='ocr_par' dir='ltr' id='par_1_8' title="bbox 280 1142 1211 1205">
     <span class='ocr_line' id='line_1_14' title="bbox 280 1142 1211 1205; baseline -0.001 -15"><span class='ocrx_word' id='word_1_84' title='bbox 280 1143 505 1190; x_wconf 83' lang='lat' dir='ltr'>Dedecet</span> <span class='ocrx_word' id='word_1_85' title='bbox 529 1144 769 1205; x_wconf 82' lang='lat' dir='ltr'>ingenuos</span> <span class='ocrx_word' id='word_1_86' title='bbox 796 1143 945 1190; x_wconf 83' lang='lat' dir='ltr'>taedia</span> <span class='ocrx_word' id='word_1_87' title='bbox 968 1143 1094 1190; x_wconf 87' lang='lat' dir='ltr'>ferre</span> <span class='ocrx_word' id='word_1_88' title='bbox 1119 1142 1211 1189; x_wconf 87' lang='lat' dir='ltr'>sui.</span> 
     </span>
    </p>
   </div>
   <div class='ocr_carea' id='block_1_7' title="bbox 1500 1142 1596 1187">
    <p class='ocr_par' dir='ltr' id='par_1_9' title="bbox 1500 1142 1596 1187">
     <span class='ocr_line' id='line_1_15' title="bbox 1500 1142 1596 1187; baseline -0.01 0"><span class='ocrx_word' id='word_1_89' title='bbox 1500 1142 1596 1187; x_wconf 88' lang='grc'>530</span> 
     </span>
    </p>
   </div>
   <div class='ocr_carea' id='block_1_8' title="bbox 211 1216 1591 1669">
    <p class='ocr_par' dir='ltr' id='par_1_10' title="bbox 212 1216 1515 1359">
     <span class='ocr_line' id='line_1_16' title="bbox 212 1216 1515 1283; baseline -0.003 -16"><span class='ocrx_word' id='word_1_90' title='bbox 212 1218 444 1282; x_wconf 85' lang='lat' dir='ltr'>Effugere</span> <span class='ocrx_word' id='word_1_91' title='bbox 469 1220 599 1266; x_wconf 93' lang='lat' dir='ltr'>hunc</span> <span class='ocrx_word' id='word_1_92' title='bbox 625 1236 724 1266; x_wconf 90' lang='lat' dir='ltr'>non</span> <span class='ocrx_word' id='word_1_93' title='bbox 750 1227 842 1276; x_wconf 89' lang='lat' dir='ltr'>est,</span> <span class='ocrx_word' id='word_1_94' title='bbox 871 1236 1025 1283; x_wconf 70' lang='lat' dir='ltr'>quam</span> <span class='ocrx_word' id='word_1_95' title='bbox 1050 1219 1140 1266; x_wconf 88' lang='lat' dir='ltr'>tibi</span> <span class='ocrx_word' id='word_1_96' title='bbox 1165 1217 1324 1282; x_wconf 90' lang='lat' dir='ltr'>possit</span> <span class='ocrx_word' id='word_1_97' title='bbox 1352 1216 1515 1264; x_wconf 81' lang='lat' dir='ltr'>amica</span> 
     </span>
     <span class='ocr_line' id='line_1_17' title="bbox 285 1295 1425 1359; baseline -0.002 -17"><span class='ocrx_word' id='word_1_98' title='bbox 285 1296 501 1342; x_wconf 77' lang='lat' dir='ltr'>Dicere?</span> <span class='ocrx_word' id='word_1_99' title='bbox 540 1312 635 1342; x_wconf 90' lang='lat' dir='ltr'>non</span> <span class='ocrx_word' id='word_1_100' title='bbox 661 1296 792 1342; x_wconf 89' lang='grc'><strong>0111111</strong></span> <span class='ocrx_word' id='word_1_101' title='bbox 819 1304 1042 1359; x_wconf 82' lang='grc' dir='ltr'><strong>10111ροΥο</strong></span> <span class='ocrx_word' id='word_1_102' title='bbox 1067 1311 1242 1343; x_wconf 83' lang='grc'><strong>50115115</strong></span> <span class='ocrx_word' id='word_1_103' title='bbox 1267 1295 1425 1341; x_wconf 83' lang='lat' dir='ltr'>adest.</span> 
     </span>
    </p>

    <p class='ocr_par' dir='ltr' id='par_1_11' title="bbox 213 1371 1454 1514">
     <span class='ocr_line' id='line_1_18' title="bbox 213 1371 1454 1436; baseline -0.001 -18"><span class='ocrx_word' id='word_1_104' title='bbox 213 1372 320 1420; x_wconf 90' lang='lat' dir='ltr'>Nee</span> <span class='ocrx_word' id='word_1_105' title='bbox 345 1373 611 1420; x_wconf 81' lang='lat' dir='ltr'>maledicta</span> <span class='ocrx_word' id='word_1_106' title='bbox 634 1380 754 1436; x_wconf 80' lang='lat' dir='ltr'>puta</span> <span class='ocrx_word' id='word_1_107' title='bbox 779 1389 870 1420; x_wconf 91' lang='lat' dir='ltr'>nec</span> <span class='ocrx_word' id='word_1_108' title='bbox 895 1374 1102 1421; x_wconf 84' lang='lat' dir='ltr'>verbera</span> <span class='ocrx_word' id='word_1_109' title='bbox 1125 1373 1251 1420; x_wconf 88' lang='lat' dir='ltr'>ferre</span> <span class='ocrx_word' id='word_1_110' title='bbox 1275 1371 1454 1435; x_wconf 85' lang='lat' dir='ltr'>puellae</span> 
     </span>
     <span class='ocr_line' id='line_1_19' title="bbox 276 1449 1426 1514; baseline 0 -19"><span class='ocrx_word' id='word_1_111' title='bbox 276 1449 458 1512; x_wconf 86' lang='lat' dir='ltr'>Turpe,</span> <span class='ocrx_word' id='word_1_112' title='bbox 486 1464 576 1496; x_wconf 89' lang='lat' dir='ltr'>nec</span> <span class='ocrx_word' id='word_1_113' title='bbox 602 1450 665 1496; x_wconf 85' lang='grc'>311</span> <span class='ocrx_word' id='word_1_114' title='bbox 690 1456 886 1499; x_wconf 85' lang='lat' dir='ltr'>teneros</span> <span class='ocrx_word' id='word_1_115' title='bbox 911 1451 1081 1498; x_wconf 86' lang='lat' dir='ltr'>oscula</span> <span class='ocrx_word' id='word_1_116' title='bbox 1103 1449 1229 1497; x_wconf 88' lang='lat' dir='ltr'>ferre</span> <span class='ocrx_word' id='word_1_117' title='bbox 1253 1449 1426 1514; x_wconf 85' lang='lat' dir='ltr'>pedes.</span> 
     </span>
    </p>

    <p class='ocr_par' dir='ltr' id='par_1_12' title="bbox 211 1525 1591 1669">
     <span class='ocr_line' id='line_1_20' title="bbox 211 1525 1545 1590; baseline -0.001 -17"><span class='ocrx_word' id='word_1_118' title='bbox 211 1526 341 1581; x_wconf 82' lang='lat' dir='ltr'>Quid</span> <span class='ocrx_word' id='word_1_119' title='bbox 368 1541 531 1572; x_wconf 86' lang='lat' dir='ltr'>moror</span> <span class='ocrx_word' id='word_1_120' title='bbox 555 1526 605 1573; x_wconf 93' lang='lat' dir='ltr'>in</span> <span class='ocrx_word' id='word_1_121' title='bbox 630 1527 826 1590; x_wconf 76' lang='lat' dir='ltr'>parvis?</span> <span class='ocrx_word' id='word_1_122' title='bbox 863 1528 1056 1575; x_wconf 81' lang='lat' dir='ltr'>animus</span> <span class='ocrx_word' id='word_1_123' title='bbox 1082 1527 1352 1590; x_wconf 84' lang='lat' dir='ltr'>majoribus</span> <span class='ocrx_word' id='word_1_124' title='bbox 1378 1525 1545 1572; x_wconf 88' lang='lat' dir='ltr'>instet.</span> 
     </span>
     <span class='ocr_line' id='line_1_21' title="bbox 276 1602 1591 1669; baseline -0.003 -19"><span class='ocrx_word' id='word_1_125' title='bbox 276 1602 465 1665; x_wconf 83' lang='lat' dir='ltr'>Magna</span> <span class='ocrx_word' id='word_1_126' title='bbox 487 1619 690 1652; x_wconf 83' lang='lat' dir='ltr'>canam:</span> <span class='ocrx_word' id='word_1_127' title='bbox 730 1611 833 1652; x_wconf 91' lang='lat' dir='ltr'>toto</span> <span class='ocrx_word' id='word_1_128' title='bbox 858 1611 1075 1669; x_wconf 86' lang='lat' dir='ltr'>pectore,</span> <span class='ocrx_word' id='word_1_129' title='bbox 1102 1605 1296 1666; x_wconf 87' lang='lat' dir='ltr'>vulgus,</span> <span class='ocrx_word' id='word_1_130' title='bbox 1324 1603 1461 1650; x_wconf 77' lang='lat' dir='ltr'>ades,</span> <span class='ocrx_word' id='word_1_131' title='bbox 1495 1603 1591 1647; x_wconf 66' lang='lat'>536</span> 
     </span>
    </p>
   </div>
   <div class='ocr_carea' id='block_1_9' title="bbox 208 1830 868 2741">
    <p class='ocr_par' dir='ltr' id='par_1_13' title="bbox 209 1830 868 2603">
     <span class='ocr_line' id='line_1_22' title="bbox 210 1830 863 1872; baseline -0.002 -10"><span class='ocrx_word' id='word_1_132' title='bbox 210 1835 332 1866; x_wconf 85' lang='lat' dir='ltr'>cuntur,</span> <span class='ocrx_word' id='word_1_133' title='bbox 348 1837 383 1862; x_wconf 92' lang='lat' dir='ltr'>ut</span> <span class='ocrx_word' id='word_1_134' title='bbox 398 1830 414 1861; x_wconf 89' lang='grc' dir='ltr'><strong>ὁ</strong></span> <span class='ocrx_word' id='word_1_135' title='bbox 431 1831 527 1868; x_wconf 79' lang='grc' dir='ltr'><strong>ἅθως,</strong></span> <span class='ocrx_word' id='word_1_136' title='bbox 544 1832 599 1861; x_wconf 83' lang='grc' dir='ltr'>τοῦ</span> <span class='ocrx_word' id='word_1_137' title='bbox 620 1830 698 1866; x_wconf 83' lang='grc' dir='ltr'>ἄθω,</span> <span class='ocrx_word' id='word_1_138' title='bbox 714 1832 760 1872; x_wconf 75' lang='grc' dir='ltr'>τῷ</span> <span class='ocrx_word' id='word_1_139' title='bbox 784 1830 863 1867; x_wconf 81' lang='grc' dir='ltr'>ἄθω,</span> 
     </span>
     <span class='ocr_line' id='line_1_23' title="bbox 209 1880 867 1922; baseline 0 -11"><span class='ocrx_word' id='word_1_140' title='bbox 209 1882 268 1912; x_wconf 83' lang='grc' dir='ltr'>τὸν</span> <span class='ocrx_word' id='word_1_141' title='bbox 287 1881 353 1912; x_wconf 84' lang='grc' dir='ltr'>ἄΘω</span> <span class='ocrx_word' id='word_1_142' title='bbox 374 1881 491 1922; x_wconf 87' lang='lat' dir='ltr'>absque</span> <span class='ocrx_word' id='word_1_143' title='bbox 514 1892 553 1912; x_wconf 81' lang='lat' dir='ltr'>v:</span> <span class='ocrx_word' id='word_1_144' title='bbox 578 1886 613 1910; x_wconf 88' lang='lat' dir='ltr'>ut</span> <span class='ocrx_word' id='word_1_145' title='bbox 631 1885 662 1910; x_wconf 89' lang='lat' dir='ltr'>et</span> <span class='ocrx_word' id='word_1_146' title='bbox 685 1880 743 1918; x_wconf 84' lang='grc' dir='ltr'>ἠῶ,</span> <span class='ocrx_word' id='word_1_147' title='bbox 763 1881 867 1922; x_wconf 84' lang='grc' dir='ltr'><strong>λαγῶ,</strong></span> 
     </span>
     <span class='ocr_line' id='line_1_24' title="bbox 210 1928 868 1970; baseline 0.002 -11"><span class='ocrx_word' id='word_1_148' title='bbox 210 1929 280 1966; x_wconf 85' lang='grc' dir='ltr'>τέω,</span> <span class='ocrx_word' id='word_1_149' title='bbox 302 1936 334 1959; x_wconf 82' lang='grc'>01</span> <span class='ocrx_word' id='word_1_150' title='bbox 359 1929 384 1959; x_wconf 83' lang='grc'>51</span> <span class='ocrx_word' id='word_1_151' title='bbox 407 1936 469 1970; x_wconf 78' lang='lat' dir='ltr'>qua</span> <span class='ocrx_word' id='word_1_152' title='bbox 492 1928 619 1959; x_wconf 81' lang='lat' dir='ltr'>similia.</span> <span class='ocrx_word' id='word_1_153' title='bbox 667 1928 771 1970; x_wconf 84' lang='lat' dir='ltr'>Atque</span> <span class='ocrx_word' id='word_1_154' title='bbox 796 1929 868 1960; x_wconf 87' lang='lat' dir='ltr'>hinc</span> 
     </span>
     <span class='ocr_line' id='line_1_25' title="bbox 210 1977 866 2019; baseline 0.002 -11"><span class='ocrx_word' id='word_1_155' title='bbox 210 1983 281 2009; x_wconf 84' lang='lat' dir='ltr'>sunt</span> <span class='ocrx_word' id='word_1_156' title='bbox 295 1989 384 2009; x_wconf 80' lang='lat' dir='ltr'>casus</span> <span class='ocrx_word' id='word_1_157' title='bbox 398 1978 454 2014; x_wconf 85' lang='lat' dir='ltr'>illi,</span> <span class='ocrx_word' id='word_1_158' title='bbox 473 1978 586 2019; x_wconf 83' lang='lat' dir='ltr'>quibus</span> <span class='ocrx_word' id='word_1_159' title='bbox 598 1977 701 2008; x_wconf 88' lang='lat' dir='ltr'>Latini</span> <span class='ocrx_word' id='word_1_160' title='bbox 714 1978 760 2008; x_wconf 86' lang='lat' dir='ltr'>usi</span> <span class='ocrx_word' id='word_1_161' title='bbox 775 1984 866 2009; x_wconf 87' lang='lat' dir='ltr'>sunt:</span> 
     </span>
     <span class='ocr_line' id='line_1_26' title="bbox 211 2027 867 2068; baseline -0.002 -10"><span class='ocrx_word' id='word_1_162' title='bbox 211 2034 244 2058; x_wconf 88' lang='lat' dir='ltr'>ut</span> <span class='ocrx_word' id='word_1_163' title='bbox 260 2027 347 2068; x_wconf 80' lang='lat' dir='ltr'>Virg.</span> <span class='ocrx_word' id='word_1_164' title='bbox 363 2027 418 2057; x_wconf 79' lang='lat' dir='ltr'>xii.</span> <span class='ocrx_word' id='word_1_165' title='bbox 436 2028 509 2058; x_wconf 87' lang='lat'>701.</span> <span class='ocrx_word' id='word_1_166' title='bbox 535 2027 676 2061; x_wconf 70' lang='lat' dir='ltr'>Quantus</span> <span class='ocrx_word' id='word_1_167' title='bbox 691 2028 795 2063; x_wconf 78' lang='lat' dir='ltr'>Athos,</span> <span class='ocrx_word' id='word_1_168' title='bbox 812 2033 867 2058; x_wconf 79' lang='lat' dir='ltr'>aut</span> 
     </span>
     <span class='ocr_line' id='line_1_27' title="bbox 209 2075 867 2117; baseline 0 -11"><span class='ocrx_word' id='word_1_169' title='bbox 209 2083 340 2116; x_wconf 75' lang='lat' dir='ltr'>quantus</span> <span class='ocrx_word' id='word_1_170' title='bbox 357 2076 453 2117; x_wconf 60' lang='lat' dir='ltr'>Eryr.</span> <span class='ocrx_word' id='word_1_171' title='bbox 468 2082 510 2113; x_wconf 85' lang='lat' dir='ltr'>et,</span> <span class='ocrx_word' id='word_1_172' title='bbox 533 2076 649 2116; x_wconf 79' lang='lat' dir='ltr'>Georg.</span> <span class='ocrx_word' id='word_1_173' title='bbox 669 2075 692 2106; x_wconf 88' lang='lat' dir='ltr'>i.</span> <span class='ocrx_word' id='word_1_174' title='bbox 710 2077 786 2106; x_wconf 79' lang='lat'><strong>232.</strong></span> <span class='ocrx_word' id='word_1_175' title='bbox 804 2077 867 2107; x_wconf 80' lang='lat' dir='ltr'>Aut</span> 
     </span>
     <span class='ocr_line' id='line_1_28' title="bbox 212 2124 865 2164; baseline 0.002 -10"><span class='ocrx_word' id='word_1_176' title='bbox 212 2126 299 2161; x_wconf 80' lang='lat' dir='ltr'>Atho,</span> <span class='ocrx_word' id='word_1_177' title='bbox 327 2131 381 2155; x_wconf 77' lang='lat' dir='ltr'>aut</span> <span class='ocrx_word' id='word_1_178' title='bbox 410 2125 581 2164; x_wconf 77' lang='lat' dir='ltr'>Rhodopen.</span> <span class='ocrx_word' id='word_1_179' title='bbox 628 2125 668 2154; x_wconf 90' lang='lat' dir='ltr'>Et</span> <span class='ocrx_word' id='word_1_180' title='bbox 691 2124 740 2155; x_wconf 89' lang='lat' dir='ltr'>hic</span> <span class='ocrx_word' id='word_1_181' title='bbox 769 2124 865 2155; x_wconf 87' lang='lat' dir='ltr'>Ovid.</span> 
     </span>
     <span class='ocr_line' id='line_1_29' title="bbox 213 2171 866 2207; baseline 0 -4"><span class='ocrx_word' id='word_1_182' title='bbox 213 2174 291 2207; x_wconf 76' lang='lat' dir='ltr'>Quot</span> <span class='ocrx_word' id='word_1_183' title='bbox 308 2175 415 2203; x_wconf 71' lang='lat' dir='ltr'>tenores</span> <span class='ocrx_word' id='word_1_184' title='bbox 430 2175 460 2203; x_wconf 83' lang='lat' dir='ltr'>in</span> <span class='ocrx_word' id='word_1_185' title='bbox 480 2174 569 2203; x_wconf 74' lang='lat' dir='ltr'>Atho.</span> <span class='ocrx_word' id='word_1_186' title='bbox 607 2173 663 2203; x_wconf 79' lang='lat' dir='ltr'>Est</span> <span class='ocrx_word' id='word_1_187' title='bbox 679 2171 763 2203; x_wconf 85' lang='lat' dir='ltr'>enim</span> <span class='ocrx_word' id='word_1_188' title='bbox 778 2173 866 2204; x_wconf 84' lang='lat' dir='ltr'>Grae-</span> 
     </span>
     <span class='ocr_line' id='line_1_30' title="bbox 209 2220 867 2263; baseline 0 -11"><span class='ocrx_word' id='word_1_189' title='bbox 209 2232 264 2252; x_wconf 90' lang='lat' dir='ltr'>cus</span> <span class='ocrx_word' id='word_1_190' title='bbox 280 2221 414 2257; x_wconf 86' lang='lat' dir='ltr'>dativus,</span> <span class='ocrx_word' id='word_1_191' title='bbox 431 2232 491 2262; x_wconf 92' lang='lat' dir='ltr'>quo</span> <span class='ocrx_word' id='word_1_192' title='bbox 507 2221 557 2252; x_wconf 86' lang='grc'><strong>1110</strong></span> <span class='ocrx_word' id='word_1_193' title='bbox 572 2232 626 2263; x_wconf 84' lang='lat' dir='ltr'>pro</span> <span class='ocrx_word' id='word_1_194' title='bbox 642 2220 779 2251; x_wconf 70' lang='lat' dir='ltr'>ablativo</span> <span class='ocrx_word' id='word_1_195' title='bbox 794 2232 867 2252; x_wconf 88' lang='lat' dir='ltr'>usus</span> 
     </span>
     <span class='ocr_line' id='line_1_31' title="bbox 210 2268 867 2306; baseline 0 -6"><span class='ocrx_word' id='word_1_196' title='bbox 210 2275 269 2301; x_wconf 63' lang='grc'><strong>031,</strong></span> <span class='ocrx_word' id='word_1_197' title='bbox 327 2270 420 2306; x_wconf 81' lang='lat' dir='ltr'>Quod</span> <span class='ocrx_word' id='word_1_198' title='bbox 445 2277 549 2300; x_wconf 83' lang='lat' dir='ltr'>autem</span> <span class='ocrx_word' id='word_1_199' title='bbox 577 2269 702 2299; x_wconf 72' lang='lat' dir='ltr'>Merula</span> <span class='ocrx_word' id='word_1_200' title='bbox 730 2268 867 2300; x_wconf 85' lang='lat' dir='ltr'>declinat</span> 
     </span>
     <span class='ocr_line' id='line_1_32' title="bbox 211 2317 866 2353; baseline -0.002 -5"><span class='ocrx_word' id='word_1_201' title='bbox 211 2319 311 2348; x_wconf 75' lang='lat' dir='ltr'>Athon</span> <span class='ocrx_word' id='word_1_202' title='bbox 331 2319 467 2353; x_wconf 76' lang='lat' dir='ltr'>Athonis,</span> <span class='ocrx_word' id='word_1_203' title='bbox 486 2317 516 2347; x_wconf 90' lang='lat' dir='ltr'>id</span> <span class='ocrx_word' id='word_1_204' title='bbox 542 2318 626 2348; x_wconf 88' lang='lat' dir='ltr'>nullo</span> <span class='ocrx_word' id='word_1_205' title='bbox 652 2323 789 2347; x_wconf 83' lang='lat' dir='ltr'>veterum</span> <span class='ocrx_word' id='word_1_206' title='bbox 813 2328 866 2348; x_wconf 89' lang='lat' dir='ltr'>ex-</span> 
     </span>
     <span class='ocr_line' id='line_1_33' title="bbox 210 2366 866 2409; baseline 0.002 -12"><span class='ocrx_word' id='word_1_207' title='bbox 210 2368 312 2409; x_wconf 85' lang='lat' dir='ltr'>emplo</span> <span class='ocrx_word' id='word_1_208' title='bbox 328 2367 414 2398; x_wconf 80' lang='lat' dir='ltr'>facit.</span> <span class='ocrx_word' id='word_1_209' title='bbox 461 2367 505 2398; x_wconf 87' lang='lat' dir='ltr'>Ut</span> <span class='ocrx_word' id='word_1_210' title='bbox 521 2372 624 2397; x_wconf 80' lang='lat' dir='ltr'>autem</span> <span class='ocrx_word' id='word_1_211' title='bbox 644 2372 674 2396; x_wconf 90' lang='lat' dir='ltr'>et</span> <span class='ocrx_word' id='word_1_212' title='bbox 695 2366 751 2396; x_wconf 85' lang='lat' dir='ltr'>hoc</span> <span class='ocrx_word' id='word_1_213' title='bbox 768 2366 866 2398; x_wconf 87' lang='lat' dir='ltr'>obiter</span> 
     </span>
     <span class='ocr_line' id='line_1_34' title="bbox 210 2416 863 2458; baseline -0.002 -11"><span class='ocrx_word' id='word_1_214' title='bbox 210 2416 403 2458; x_wconf 83' lang='lat' dir='ltr'>adjiciamus,</span> <span class='ocrx_word' id='word_1_215' title='bbox 420 2416 545 2447; x_wconf 84' lang='lat' dir='ltr'>tradunt</span> <span class='ocrx_word' id='word_1_216' title='bbox 567 2422 686 2446; x_wconf 79' lang='lat' dir='ltr'>tantum</span> <span class='ocrx_word' id='word_1_217' title='bbox 705 2427 771 2446; x_wconf 76' lang='grc'><strong>0550</strong></span> <span class='ocrx_word' id='word_1_218' title='bbox 793 2416 863 2446; x_wconf 79' lang='lat' dir='ltr'>alti-</span> 
     </span>
     <span class='ocr_line' id='line_1_35' title="bbox 210 2465 864 2507; baseline -0.003 -11"><span class='ocrx_word' id='word_1_219' title='bbox 210 2465 348 2496; x_wconf 80' lang='lat' dir='ltr'>tudinem</span> <span class='ocrx_word' id='word_1_220' title='bbox 365 2465 456 2507; x_wconf 85' lang='lat' dir='ltr'>hujus</span> <span class='ocrx_word' id='word_1_221' title='bbox 470 2465 593 2501; x_wconf 83' lang='lat' dir='ltr'>montis,</span> <span class='ocrx_word' id='word_1_222' title='bbox 605 2473 637 2495; x_wconf 86' lang='lat' dir='ltr'>ut</span> <span class='ocrx_word' id='word_1_223' title='bbox 653 2465 791 2495; x_wconf 81' lang='lat' dir='ltr'>umbram</span> <span class='ocrx_word' id='word_1_224' title='bbox 805 2471 864 2495; x_wconf 86' lang='lat' dir='ltr'>tre-</span> 
     </span>
     <span class='ocr_line' id='line_1_36' title="bbox 209 2513 866 2555; baseline -0.002 -10"><span class='ocrx_word' id='word_1_225' title='bbox 209 2520 368 2545; x_wconf 84' lang='lat' dir='ltr'>centorum</span> <span class='ocrx_word' id='word_1_226' title='bbox 397 2514 565 2544; x_wconf 85' lang='lat' dir='ltr'>stadiorum</span> <span class='ocrx_word' id='word_1_227' title='bbox 590 2513 700 2555; x_wconf 84' lang='lat' dir='ltr'>jaciat.</span> <span class='ocrx_word' id='word_1_228' title='bbox 755 2514 866 2544; x_wconf 77' lang='lat' dir='ltr'>Cetera</span> 
     </span>
     <span class='ocr_line' id='line_1_37' title="bbox 212 2562 738 2603; baseline -0.008 -9"><span class='ocrx_word' id='word_1_229' title='bbox 212 2563 280 2594; x_wconf 87' lang='lat' dir='ltr'>vide</span> <span class='ocrx_word' id='word_1_230' title='bbox 296 2562 379 2603; x_wconf 88' lang='lat' dir='ltr'>apud</span> <span class='ocrx_word' id='word_1_231' title='bbox 395 2562 565 2593; x_wconf 82' lang='lat' dir='ltr'>Merulam.</span> <span class='ocrx_word' id='word_1_232' title='bbox 611 2563 738 2592; x_wconf 66' lang='lat' dir='ltr'>Micvt.</span> 
     </span>
    </p>

    <p class='ocr_par' dir='ltr' id='par_1_14' title="bbox 208 2609 864 2741">
     <span class='ocr_line' id='line_1_38' title="bbox 253 2609 863 2651; baseline -0.007 -8"><span class='ocrx_word' id='word_1_233' title='bbox 253 2613 328 2643; x_wconf 81' lang='lat'>526.</span> <span class='ocrx_word' id='word_1_234' title='bbox 347 2612 428 2645; x_wconf 64' lang='lat' dir='ltr'>Quid</span> <span class='ocrx_word' id='word_1_235' title='bbox 444 2617 556 2642; x_wconf 77' lang='lat' dir='ltr'>nostras</span> <span class='ocrx_word' id='word_1_236' title='bbox 569 2612 676 2641; x_wconf 73' lang='lat' dir='ltr'>obsidet</span> <span class='ocrx_word' id='word_1_237' title='bbox 687 2609 863 2651; x_wconf 61' lang='lat' dir='ltr'>iscesures]</span> 
     </span>
     <span class='ocr_line' id='line_1_39' title="bbox 211 2659 864 2701; baseline -0.005 -8"><span class='ocrx_word' id='word_1_238' title='bbox 211 2660 381 2693; x_wconf 80' lang='lat' dir='ltr'>Vaticanus</span> <span class='ocrx_word' id='word_1_239' title='bbox 411 2660 581 2701; x_wconf 84' lang='lat' dir='ltr'>eleganter,</span> <span class='ocrx_word' id='word_1_240' title='bbox 612 2661 686 2701; x_wconf 74' lang='grc' dir='ltr'><em>ιμιὶε.</em></span> <span class='ocrx_word' id='word_1_241' title='bbox 719 2665 752 2690; x_wconf 86' lang='grc'>111</span> <span class='ocrx_word' id='word_1_242' title='bbox 781 2659 864 2701; x_wconf 75' lang='lat' dir='ltr'>apud</span> 
     </span>
     <span class='ocr_line' id='line_1_40' title="bbox 208 2708 529 2741; baseline -0.003 -1"><span class='ocrx_word' id='word_1_243' title='bbox 208 2710 288 2741; x_wconf 81' lang='lat' dir='ltr'>Stat.</span> <span class='ocrx_word' id='word_1_244' title='bbox 303 2709 323 2741; x_wconf 86' lang='lat' dir='ltr'>i.</span> <span class='ocrx_word' id='word_1_245' title='bbox 336 2708 437 2740; x_wconf 83' lang='lat' dir='ltr'>Theb.</span> <span class='ocrx_word' id='word_1_246' title='bbox 454 2709 529 2740; x_wconf 79' lang='lat'><strong><em>455.</em></strong></span> 
     </span>
    </p>
   </div>
   <div class='ocr_carea' id='block_1_10' title="bbox 936 1830 1596 2166">
    <p class='ocr_par' dir='ltr' id='par_1_15' title="bbox 936 1830 1596 2166">
     <span class='ocr_line' id='line_1_41' title="bbox 1029 1830 1551 1870; baseline -0.004 -9"><span class='ocrx_word' id='word_1_247' title='bbox 1029 1831 1114 1862; x_wconf 80' lang='lat' dir='ltr'>Tecto</span> <span class='ocrx_word' id='word_1_248' title='bbox 1131 1833 1237 1862; x_wconf 76' lang='lat' dir='ltr'>coelum</span> <span class='ocrx_word' id='word_1_249' title='bbox 1249 1831 1403 1870; x_wconf 67' lang='lat' dir='ltr'>prohibere</span> <span class='ocrx_word' id='word_1_250' title='bbox 1417 1830 1482 1869; x_wconf 82' lang='lat' dir='ltr'>quis</span> <span class='ocrx_word' id='word_1_251' title='bbox 1496 1830 1551 1859; x_wconf 80' lang='lat' dir='ltr'>iste</span> 
     </span>
     <span class='ocr_line' id='line_1_42' title="bbox 978 1878 1553 1921; baseline -0.002 -11"><span class='ocrx_word' id='word_1_252' title='bbox 978 1881 1091 1921; x_wconf 73' lang='lat' dir='ltr'>Arguit</span> <span class='ocrx_word' id='word_1_253' title='bbox 1104 1881 1115 1909; x_wconf 82' lang='lat'><strong><em>?</em></strong></span> <span class='ocrx_word' id='word_1_254' title='bbox 1434 1878 1498 1908; x_wconf 76' lang='lat' dir='ltr'>11in</span> <span class='ocrx_word' id='word_1_255' title='bbox 1505 1888 1553 1909; x_wconf 66' lang='lat' dir='ltr'>Ns.</span> 
     </span>
     <span class='ocr_line' id='line_1_43' title="bbox 936 1926 1542 1970; baseline -0.005 -11"><span class='ocrx_word' id='word_1_256' title='bbox 936 1928 1002 1970; x_wconf 84' lang='lat' dir='ltr'>Ego</span> <span class='ocrx_word' id='word_1_257' title='bbox 1017 1929 1094 1959; x_wconf 89' lang='lat' dir='ltr'>nihil</span> <span class='ocrx_word' id='word_1_258' title='bbox 1111 1935 1239 1958; x_wconf 85' lang='lat' dir='ltr'>mutem.</span> <span class='ocrx_word' id='word_1_259' title='bbox 1254 1938 1321 1969; x_wconf 84' lang='lat' dir='ltr'>sup.</span> <span class='ocrx_word' id='word_1_260' title='bbox 1338 1938 1368 1957; x_wconf 89' lang='lat' dir='ltr'>x.</span> <span class='ocrx_word' id='word_1_261' title='bbox 1382 1926 1492 1957; x_wconf 81' lang='lat' dir='ltr'>Amor.</span> <span class='ocrx_word' id='word_1_262' title='bbox 1509 1929 1542 1957; x_wconf 76' lang='lat'>8.</span> 
     </span>
     <span class='ocr_line' id='line_1_44' title="bbox 983 1977 1595 2018; baseline -0.005 -10"><span class='ocrx_word' id='word_1_263' title='bbox 983 1977 1057 2008; x_wconf 80' lang='lat' dir='ltr'>Ecce</span> <span class='ocrx_word' id='word_1_264' title='bbox 1072 1979 1143 2018; x_wconf 70' lang='lat' dir='ltr'>quid</span> <span class='ocrx_word' id='word_1_265' title='bbox 1159 1980 1212 2008; x_wconf 75' lang='lat' dir='ltr'>isle</span> <span class='ocrx_word' id='word_1_266' title='bbox 1224 1983 1293 2007; x_wconf 75' lang='lat' dir='ltr'>tuus</span> <span class='ocrx_word' id='word_1_267' title='bbox 1306 1983 1416 2017; x_wconf 76' lang='lat' dir='ltr'>praeter</span> <span class='ocrx_word' id='word_1_268' title='bbox 1436 1987 1511 2006; x_wconf 76' lang='lat' dir='ltr'>nova</span> <span class='ocrx_word' id='word_1_269' title='bbox 1527 1986 1595 2006; x_wconf 71' lang='lat' dir='ltr'>cur-</span> 
     </span>
     <span class='ocr_line' id='line_1_45' title="bbox 1065 2029 1242 2057; baseline -0.006 0"><span class='ocrx_word' id='word_1_270' title='bbox 1065 2029 1148 2057; x_wconf 73' lang='lat' dir='ltr'>minu</span> <span class='ocrx_word' id='word_1_271' title='bbox 1166 2032 1242 2057; x_wconf 75' lang='lat' dir='ltr'>vates</span> 
     </span>
     <span class='ocr_line' id='line_1_46' title="bbox 1023 2074 1549 2106; baseline -0.002 -2"><span class='ocrx_word' id='word_1_272' title='bbox 1023 2075 1138 2106; x_wconf 76' lang='lat' dir='ltr'>Donat.</span> <span class='ocrx_word' id='word_1_273' title='bbox 1431 2074 1549 2104; x_wconf 71' lang='lat' dir='ltr'>Burm-</span> 
     </span>
     <span class='ocr_line' id='line_1_47' title="bbox 979 2124 1596 2166; baseline -0.005 -11"><span class='ocrx_word' id='word_1_274' title='bbox 979 2125 1055 2155; x_wconf 89' lang='lat'>531.</span> <span class='ocrx_word' id='word_1_275' title='bbox 1082 2125 1226 2166; x_wconf 78' lang='lat' dir='ltr'>Effugere</span> <span class='ocrx_word' id='word_1_276' title='bbox 1249 2124 1319 2154; x_wconf 79' lang='lat' dir='ltr'>hinc</span> <span class='ocrx_word' id='word_1_277' title='bbox 1343 2134 1401 2153; x_wconf 81' lang='lat' dir='ltr'>non</span> <span class='ocrx_word' id='word_1_278' title='bbox 1426 2128 1478 2158; x_wconf 83' lang='lat' dir='ltr'>est,</span> <span class='ocrx_word' id='word_1_279' title='bbox 1504 2133 1596 2163; x_wconf 80' lang='lat' dir='ltr'>quare</span> 
     </span>
    </p>
   </div>
   <div class='ocr_carea' id='block_1_11' title="bbox 936 2173 1643 2213">
    <p class='ocr_par' dir='ltr' id='par_1_16' title="bbox 936 2173 1643 2213">
     <span class='ocr_line' id='line_1_48' title="bbox 936 2173 1643 2213; baseline -0.004 -9"><span class='ocrx_word' id='word_1_280' title='bbox 936 2175 989 2203; x_wconf 76' lang='lat' dir='ltr'>tibi</span> <span class='ocrx_word' id='word_1_281' title='bbox 1001 2176 1089 2213; x_wconf 79' lang='lat' dir='ltr'>possit</span> <span class='ocrx_word' id='word_1_282' title='bbox 1105 2176 1200 2204; x_wconf 70' lang='lat' dir='ltr'>aulica</span> <span class='ocrx_word' id='word_1_283' title='bbox 1219 2174 1340 2208; x_wconf 82' lang='lat' dir='ltr'>Dicere,</span> <span class='ocrx_word' id='word_1_284' title='bbox 1357 2183 1416 2203; x_wconf 80' lang='lat' dir='ltr'>non</span> <span class='ocrx_word' id='word_1_285' title='bbox 1431 2173 1510 2202; x_wconf 74' lang='lat' dir='ltr'>omni</span> <span class='ocrx_word' id='word_1_286' title='bbox 1523 2178 1595 2202; x_wconf 81' lang='lat' dir='ltr'>tem·</span> <span class='ocrx_word' id='word_1_287' title='bbox 1632 2186 1643 2200; x_wconf 76' lang='lat' dir='ltr'><em>e</em></span> 
     </span>
    </p>
   </div>
   <div class='ocr_carea' id='block_1_12' title="bbox 931 2221 1596 2752">
    <p class='ocr_par' dir='ltr' id='par_1_17' title="bbox 931 2221 1596 2752">
     <span class='ocr_line' id='line_1_49' title="bbox 931 2221 1595 2263; baseline -0.003 -11"><span class='ocrx_word' id='word_1_288' title='bbox 931 2234 1003 2262; x_wconf 80' lang='lat' dir='ltr'>pore</span> <span class='ocrx_word' id='word_1_289' title='bbox 1026 2234 1125 2254; x_wconf 75' lang='lat' dir='ltr'>sensus</span> <span class='ocrx_word' id='word_1_290' title='bbox 1140 2223 1245 2263; x_wconf 60' lang='lat' dir='ltr'>abest]</span> <span class='ocrx_word' id='word_1_291' title='bbox 1276 2221 1443 2262; x_wconf 83' lang='lat' dir='ltr'>Vulgatam</span> <span class='ocrx_word' id='word_1_292' title='bbox 1466 2226 1595 2256; x_wconf 76' lang='lat' dir='ltr'>retineo,</span> 
     </span>
     <span class='ocr_line' id='line_1_50' title="bbox 935 2269 1596 2313; baseline -0.005 -11"><span class='ocrx_word' id='word_1_293' title='bbox 935 2271 1025 2302; x_wconf 84' lang='lat' dir='ltr'>modo</span> <span class='ocrx_word' id='word_1_294' title='bbox 1039 2278 1107 2313; x_wconf 84' lang='lat' dir='ltr'>post</span> <span class='ocrx_word' id='word_1_295' title='bbox 1119 2272 1156 2302; x_wconf 87' lang='grc' dir='ltr'>τὸ</span> <span class='ocrx_word' id='word_1_296' title='bbox 1168 2273 1266 2302; x_wconf 81' lang='lat' dir='ltr'>dicere</span> <span class='ocrx_word' id='word_1_297' title='bbox 1281 2276 1412 2312; x_wconf 86' lang='lat' dir='ltr'>ponatur</span> <span class='ocrx_word' id='word_1_298' title='bbox 1426 2269 1596 2310; x_wconf 87' lang='lat' dir='ltr'>interroga-</span> 
     </span>
     <span class='ocr_line' id='line_1_51' title="bbox 934 2318 1596 2359; baseline -0.003 -9"><span class='ocrx_word' id='word_1_299' title='bbox 934 2319 1026 2351; x_wconf 80' lang='lat' dir='ltr'>tionis</span> <span class='ocrx_word' id='word_1_300' title='bbox 1049 2326 1131 2350; x_wconf 88' lang='lat' dir='ltr'>nota.</span> <span class='ocrx_word' id='word_1_301' title='bbox 1177 2321 1282 2356; x_wconf 83' lang='lat' dir='ltr'>Quare</span> <span class='ocrx_word' id='word_1_302' title='bbox 1307 2318 1408 2349; x_wconf 85' lang='lat' dir='ltr'>amica</span> <span class='ocrx_word' id='word_1_303' title='bbox 1424 2324 1478 2349; x_wconf 82' lang='lat' dir='ltr'>tua</span> <span class='ocrx_word' id='word_1_304' title='bbox 1499 2318 1596 2359; x_wconf 87' lang='lat' dir='ltr'>possit</span> 
     </span>
     <span class='ocr_line' id='line_1_52' title="bbox 933 2367 1594 2409; baseline -0.003 -10"><span class='ocrx_word' id='word_1_305' title='bbox 933 2369 1047 2405; x_wconf 83' lang='lat' dir='ltr'>dicere,</span> <span class='ocrx_word' id='word_1_306' title='bbox 1077 2370 1121 2400; x_wconf 85' lang='lat' dir='ltr'>tui</span> <span class='ocrx_word' id='word_1_307' title='bbox 1150 2369 1278 2400; x_wconf 85' lang='lat' dir='ltr'>taedium</span> <span class='ocrx_word' id='word_1_308' title='bbox 1305 2367 1443 2409; x_wconf 86' lang='lat' dir='ltr'>capiens,</span> <span class='ocrx_word' id='word_1_309' title='bbox 1471 2377 1511 2398; x_wconf 86' lang='lat' dir='ltr'>an</span> <span class='ocrx_word' id='word_1_310' title='bbox 1534 2377 1594 2397; x_wconf 85' lang='lat' dir='ltr'>non</span> 
     </span>
     <span class='ocr_line' id='line_1_53' title="bbox 934 2416 1594 2458; baseline 0 -10"><span class='ocrx_word' id='word_1_311' title='bbox 934 2418 1007 2449; x_wconf 85' lang='lat' dir='ltr'>licet</span> <span class='ocrx_word' id='word_1_312' title='bbox 1022 2419 1104 2449; x_wconf 82' lang='lat' dir='ltr'>hunc</span> <span class='ocrx_word' id='word_1_313' title='bbox 1120 2418 1283 2449; x_wconf 87' lang='lat' dir='ltr'>molestum</span> <span class='ocrx_word' id='word_1_314' title='bbox 1299 2417 1456 2458; x_wconf 64' lang='lat' dir='ltr'>effugere?</span> <span class='ocrx_word' id='word_1_315' title='bbox 1479 2416 1594 2458; x_wconf 84' lang='lat' dir='ltr'>ubique</span> 
     </span>
     <span class='ocr_line' id='line_1_54' title="bbox 936 2467 1595 2508; baseline 0 -10"><span class='ocrx_word' id='word_1_316' title='bbox 936 2467 1026 2498; x_wconf 80' lang='lat' dir='ltr'>adest</span> <span class='ocrx_word' id='word_1_317' title='bbox 1048 2467 1135 2498; x_wconf 75' lang='lat' dir='ltr'>milii.</span> <span class='ocrx_word' id='word_1_318' title='bbox 1161 2478 1222 2498; x_wconf 90' lang='lat' dir='ltr'>non</span> <span class='ocrx_word' id='word_1_319' title='bbox 1245 2468 1327 2498; x_wconf 87' lang='lat' dir='ltr'>enim</span> <span class='ocrx_word' id='word_1_320' title='bbox 1350 2477 1434 2496; x_wconf 85' lang='grc'><strong>0111111</strong></span> <span class='ocrx_word' id='word_1_321' title='bbox 1459 2472 1595 2508; x_wconf 83' lang='lat' dir='ltr'>tempore</span> 
     </span>
     <span class='ocr_line' id='line_1_55' title="bbox 935 2514 1595 2557; baseline -0.002 -10"><span class='ocrx_word' id='word_1_322' title='bbox 935 2517 1038 2547; x_wconf 83' lang='lat' dir='ltr'>calent</span> <span class='ocrx_word' id='word_1_323' title='bbox 1053 2522 1084 2547; x_wconf 90' lang='grc'>01</span> <span class='ocrx_word' id='word_1_324' title='bbox 1099 2516 1219 2547; x_wconf 85' lang='lat' dir='ltr'>veneris</span> <span class='ocrx_word' id='word_1_325' title='bbox 1232 2515 1378 2557; x_wconf 88' lang='lat' dir='ltr'>cupidine</span> <span class='ocrx_word' id='word_1_326' title='bbox 1394 2514 1513 2546; x_wconf 86' lang='lat' dir='ltr'>servent</span> <span class='ocrx_word' id='word_1_327' title='bbox 1527 2525 1595 2546; x_wconf 88' lang='lat' dir='ltr'>mu-</span> 
     </span>
     <span class='ocr_line' id='line_1_56' title="bbox 934 2565 1595 2607; baseline 0 -11"><span class='ocrx_word' id='word_1_328' title='bbox 934 2566 1040 2604; x_wconf 79' lang='lat' dir='ltr'>lieres3</span> <span class='ocrx_word' id='word_1_329' title='bbox 1064 2565 1255 2607; x_wconf 84' lang='lat' dir='ltr'>captandum</span> <span class='ocrx_word' id='word_1_330' title='bbox 1267 2571 1400 2606; x_wconf 85' lang='lat' dir='ltr'>tempus,</span> <span class='ocrx_word' id='word_1_331' title='bbox 1413 2574 1485 2595; x_wconf 91' lang='lat' dir='ltr'>cum</span> <span class='ocrx_word' id='word_1_332' title='bbox 1499 2574 1595 2606; x_wconf 85' lang='lat' dir='ltr'>appe-</span> 
     </span>
     <span class='ocr_line' id='line_1_57' title="bbox 933 2612 1595 2655; baseline -0.003 -11"><span class='ocrx_word' id='word_1_333' title='bbox 933 2620 1002 2644; x_wconf 89' lang='lat' dir='ltr'>tunt</span> <span class='ocrx_word' id='word_1_334' title='bbox 1027 2613 1238 2651; x_wconf 86' lang='lat' dir='ltr'>concubitum,</span> <span class='ocrx_word' id='word_1_335' title='bbox 1260 2624 1322 2644; x_wconf 88' lang='lat' dir='ltr'>non</span> <span class='ocrx_word' id='word_1_336' title='bbox 1346 2612 1595 2655; x_wconf 84' lang='lat' dir='ltr'>interpellandae‚</span> 
     </span>
     <span class='ocr_line' id='line_1_58' title="bbox 934 2661 1594 2703; baseline 0 -11"><span class='ocrx_word' id='word_1_337' title='bbox 934 2662 986 2693; x_wconf 91' lang='lat' dir='ltr'>ubi</span> <span class='ocrx_word' id='word_1_338' title='bbox 1000 2662 1125 2703; x_wconf 84' lang='lat' dir='ltr'>frigent.</span> <span class='ocrx_word' id='word_1_339' title='bbox 1150 2663 1282 2694; x_wconf 81' lang='lat' dir='ltr'>formula</span> <span class='ocrx_word' id='word_1_340' title='bbox 1294 2673 1365 2693; x_wconf 83' lang='lat' dir='ltr'>vero</span> <span class='ocrx_word' id='word_1_341' title='bbox 1379 2661 1505 2697; x_wconf 79' lang='lat' dir='ltr'>usitata,</span> <span class='ocrx_word' id='word_1_342' title='bbox 1517 2662 1594 2703; x_wconf 84' lang='lat' dir='ltr'>effu-</span> 
     </span>
     <span class='ocr_line' id='line_1_59' title="bbox 932 2713 1303 2752; baseline 0 -10"><span class='ocrx_word' id='word_1_343' title='bbox 932 2723 1002 2752; x_wconf 79' lang='lat' dir='ltr'>gere</span> <span class='ocrx_word' id='word_1_344' title='bbox 1017 2723 1072 2742; x_wconf 85' lang='lat' dir='ltr'>non</span> <span class='ocrx_word' id='word_1_345' title='bbox 1088 2719 1138 2743; x_wconf 77' lang='lat' dir='ltr'>est.</span> <span class='ocrx_word' id='word_1_346' title='bbox 1185 2713 1303 2743; x_wconf 67' lang='lat' dir='ltr'>Bunxu.</span> 
     </span>
    </p>
   </div>
  </div>
 </body>
</html>
