1760 3172
202 182 289 224 202

597 181 648 222 P.
682 180 896 223 OVIDII
932 180 1214 223 NASONIS

204 296 390 345 Omnia
412 311 669 361 perversas
695 303 906 360 possunt
930 312 1246 361 corrumpere
1271 303 1492 353 mentes;

272 375 419 422 Stant
442 385 609 422 tamen
635 375 719 422 illa
743 375 844 421 suis
870 374 1036 421 omnia
1058 382 1167 422 tuta
1191 375 1331 423 locis.

202 452 272 499 At
296 452 469 516 procul
494 452 557 498 ab
583 451 769 515 scripta
792 451 911 497 solis
938 451 1282 499 meretricibus
1310 451 1432 498 Arte

273 529 549 576 Submovet
573 528 814 591 ingenuas
842 529 1025 592 pagina
1042 529 1203 593 prima
1227 546 1396 576 nurus.

204 607 551 669 Quaecumque
577 606 820 670 irrumpit,
848 622 948 669 quo
974 622 1072 653 non
1097 606 1216 654 sinit
1240 606 1309 653 ire
1335 605 1584 662 sacerdos,

270 683 507 732 Protinus
533 684 626 731 hoc
649 683 789 730 vetiti
813 683 1032 730 criminis
1058 690 1171 731 acta
1194 699 1278 730 rea
1301 691 1394 730 est.

1500 685 1598 730 306

205 761 316 809 Nec
340 769 510 809 tamen
534 767 612 808 est
635 759 826 807 facinus
851 760 1026 807 molles
1052 760 1277 808 evolvere
1301 775 1474 808 versus
1496 774 1507 805 ε

271 838 437 885 Multa
459 838 578 884 licet
601 843 752 884 castae
777 853 876 884 non
899 836 1128 884 facienda
1151 837 1336 900 legant.

206 915 354 980 Saepe
380 913 632 978 supercilii
658 914 816 961 nudas
842 920 1067 960 matrona
1091 914 1265 970 severi,

272 993 338 1040 Et
357 992 566 1040 Veneris
593 998 784 1039 stantes
811 991 872 1038 ad
899 1007 1056 1053 genus
1082 1007 1244 1047 omne,
1270 991 1422 1039 videt.

1502 994 1600 1038 310

206 1070 432 1134 Corpora
453 1069 684 1118 Vestales
710 1068 841 1116 oculi
866 1068 1146 1117 meretricia
1169 1076 1407 1126 cernunt3

273 1147 385 1195 Nec
408 1147 608 1194 domino
634 1163 794 1210 poenae
821 1163 899 1194 res
925 1162 984 1194 ea
1008 1162 1161 1193 causa
1184 1145 1294 1192 fuit.

204 1225 273 1272 At
297 1242 385 1272 cur
410 1226 460 1271 in
485 1232 653 1271 nostra
679 1224 831 1271 nimia
856 1231 933 1271 est
955 1223 1160 1271 lascivia
1185 1222 1372 1270 Musa?

270 1303 435 1350 Curve
459 1319 600 1350 meus
625 1303 861 1366 cuiquam
886 1302 1064 1349 suadet
1087 1316 1252 1349 amare
1276 1301 1434 1348 liber?
1500 1303 1596 1348 314

206 1380 292 1428 Nil
316 1380 410 1427 nisi
438 1386 720 1444 peccatum,
748 1379 1115 1442 manifestaque
1149 1378 1312 1442 culpa,
1340 1377 1597 1425 fatendum

273 1457 494 1505 Poenitet
517 1457 701 1520 ingenii
722 1458 999 1522 judiciique
1025 1456 1151 1504 mei:

204 1643 283 1680 nuit,
299 1654 318 1675 a
333 1655 395 1686 quo
411 1644 606 1686 Corybantes
621 1644 770 1687 appellati
787 1650 868 1676 sunt.

202 1694 251 1725 Ex
264 1692 392 1725 Jasione
406 1698 511 1724 autern
527 1699 558 1724 et
571 1694 684 1725 Cerere
700 1694 868 1725 Plutonem

204 1749 313 1774 natum
329 1743 444 1774 fabulae
466 1743 603 1774 tradunt.
649 1744 736 1780 Quin
752 1743 783 1774 in
799 1755 869 1785 gra-

204 1791 281 1823 tiam
291 1792 311 1823 J
314 1791 427 1822 asionis
442 1797 575 1828 constat,
586 1792 731 1823 frumenti
747 1794 869 1835 copiam

204 1851 224 1873 a
237 1841 350 1872 Cerere
363 1840 444 1871 douo
456 1841 563 1872 datam
579 1841 611 1871 in
626 1841 742 1883 nuptiis
756 1841 868 1873 Armo—

203 1889 276 1921 niae.
320 1889 441 1921 Auctor
455 1890 623 1921 Diodorus.

248 1939 322 1970 305.
348 1939 547 1980 Quaecmnqne
562 1939 720 1980 erumpit]
748 1939 867 1970 Irrum-

201 1989 259 2028 pit,
280 1993 312 2018 et
328 1999 383 2028 quo
398 1998 452 2029 pro
472 2000 530 2028 qua
552 1994 635 2019 recte
657 1988 748 2019 multi
763 1994 867 2020 vetus-

204 2036 308 2068 tiores.
329 2036 503 2077 Irrumpere
513 2036 699 2068 dicebantur
709 2037 761 2079 qui
773 2038 869 2080 adyta

204 2095 266 2116 non
280 2085 396 2116 initiati
413 2085 571 2117 subibant.
594 2087 765 2117 Hn1xs.——
779 2087 865 2121 Quoe-

204 2145 328 2175 cumque
343 2136 484 2175 erumpit.
508 2134 623 2176 Arguit
638 2146 657 2166 a
672 2135 765 2166 simili
781 2146 866 2166 ream

203 2194 270 2216 esse
294 2183 392 2220 illam,
421 2194 491 2225 quae
514 2184 672 2226 prohibita
697 2190 729 2215 et
752 2185 868 2226 rejecta

201 2233 339 2276 inspexit
360 2233 428 2275 ejus
453 2240 630 2275 praecepta3
661 2234 864 2276 quemadmo-

202 2281 279 2313 dum
312 2292 351 2312 ea
384 2292 455 2324 quae
486 2281 671 2323 prohibente
706 2282 866 2314 sacerdote

204 2330 318 2372 erupit,
334 2341 396 2373 quo
411 2341 472 2361 non
486 2330 572 2361 licet.

247 2381 321 2412 309.
347 2381 481 2421 Nudas]
514 2380 702 2412 Meretrices
724 2386 755 2412 et
772 2392 867 2423 genus

202 2441 286 2461 omne
312 2429 476 2460 mulierum
500 2428 730 2471 impudicarum
755 2436 867 2460 stantes

202 2480 243 2509 ad
263 2478 382 2509 Veneris
400 2478 510 2514 aedem,
528 2488 597 2519 quae
614 2481 702 2509 nudcc
724 2479 866 2510 solebant

203 2527 339 2559 Floralia
367 2528 538 2563 celebrare,
565 2527 603 2558 de
632 2528 746 2569 quibus
771 2528 866 2559 Ovid.

203 2578 324 2608 Fastor.
342 2589 371 2608 v.
390 2578 461 2608 183.
478 2578 552 2608 349.
569 2588 637 2619 sqq.
655 2578 761 2608 Valer.
778 2579 866 2608 Max.

202 2626 236 2657 ii.
251 2629 281 2658 5.
298 2628 328 2658 8.
344 2627 510 2669 Verpoort.
535 2627 596 2658 Illa
616 2627 752 2659 Floralia
775 2627 866 2658 edere

204 2675 324 2706 solebat
344 2675 459 2706 AEdilis
482 2677 566 2717 pleb.
595 2686 690 2717 quem
715 2679 867 2707 dominum

204 2724 866 2767 vocatOvidius,aut‚d0miuus,estmango,

1467 1456 1599 1518 [est?

935 1644 984 1675 vel
995 1643 1175 1686 quicunque
1185 1643 1311 1674 venales
1323 1642 1454 1674 ancillas
1463 1642 1601 1684 exponit,

935 1705 1005 1735 quae
1017 1693 1110 1724 nudae
1127 1693 1253 1724 stabant
1268 1697 1299 1723 et
1315 1693 1601 1724 contrectabantur.

935 1743 1006 1774 vide
1029 1744 1138 1774 Burm.
1156 1748 1188 1773 et
1203 1741 1369 1773 Heinsium
1394 1741 1448 1783 qui
1472 1741 1598 1784 quidem

935 1792 1037 1834 legere
1057 1792 1158 1828 malit,
1174 1791 1249 1822 satis
1263 1802 1336 1822 vero
1357 1791 1517 1827 audacter,
1536 1791 1601 1823 Nec

935 1843 1043 1872 damno
1058 1853 1148 1873 scenae
1164 1853 1211 1872 ¹res
1225 1853 1258 1872 ea
1276 1841 1427 1883 risa-fuit.
1451 1841 1602 1873 HARLES.

979 1892 1055 1922 312.
1082 1891 1146 1921 Nec
1160 1892 1277 1921 domino
1291 1901 1383 1930 poenae
1401 1901 1447 1921 res
1463 1901 1496 1921 ea
1511 1902 1601 1922 causa

924 1940 1029 1982 suin]
1057 1941 1107 1971 De
1124 1940 1249 1971 Lenone
1263 1940 1523 1982 interpretantur3
1546 1939 1601 1971 sed

935 2001 990 2021 cur
1005 1989 1124 2021 Lenoni
1149 1989 1252 2032 potius
1267 1990 1306 2020 ob
1327 1989 1358 2019 id
1380 1999 1474 2031 poena
1496 1989 1601 2021 decer-

936 2045 1039 2076 natur,
1064 2050 1159 2081 quam
1187 2038 1358 2074 AEdilibus‚
1386 2038 1439 2080 qui
1466 2039 1602 2070 Floralia

935 2088 1150 2119 exhibebant?
1173 2088 1281 2124 Quare
1302 2093 1356 2118 aut
1372 2098 1496 2118 versum
1517 2088 1600 2120 hunc

934 2137 1146 2169 adulteratum
1161 2147 1227 2168 esse
1247 2147 1370 2174 cense0,
1387 2142 1442 2168 aut
1462 2138 1601 2169 scriben-

935 2187 1030 2218 dum:

979 2237 1044 2268 Nec
1058 2239 1167 2268 damno
1182 2247 1274 2268 scenae
1289 2247 1335 2267 res
1349 2247 1383 2266 ea
1398 2237 1460 2267 visa
1465 2235 1550 2277 fuit.

935 2287 973 2317 In
1003 2286 1187 2323 Combiano,
1217 2297 1272 2328 pro
1301 2285 1425 2316 diversa
1454 2285 1600 2321 lectione,

936 2336 1043 2367 Roscia
1062 2347 1163 2366 causa.
1209 2335 1304 2367 Certe
1322 2334 1457 2366 Roscius
1482 2345 1600 2366 comoe-

934 2384 992 2416 (lus
1014 2385 1128 2416 librum
1152 2384 1304 2420 ediderat,
1332 2383 1363 2414 in
1388 2395 1450 2425 quo
1473 2394 1600 2415 causam

934 2433 1102 2464 histrioniae
1125 2434 1250 2474 agebat,
1278 2444 1412 2474 eamque
1438 2443 1599 2474 compara-

931 2483 986 2513 bat
1001 2493 1072 2513 cum
1089 2480 1275 2523 eloquentiae
1292 2482 1406 2513 studio.
1450 2481 1599 2513 Meminit

935 2532 1027 2574 hujus
1051 2532 1158 2574 scripti
1181 2531 1375 2568 Macrobius,
1397 2532 1520 2563 Saturn.
1543 2531 1600 2562 lib.

934 2581 966 2611 ii.
995 2591 1023 2612 c.
1056 2581 1105 2611 14.
1160 2581 1222 2611 Sed
1254 2581 1404 2623 abruptus
1436 2580 1528 2610 nimis
1559 2580 1598 2610 sit

934 2629 1030 2660 transi
1055 2635 1104 2660 tus
1129 2640 1147 2661 a
1170 2629 1352 2662 Vestalibus
1377 2629 1416 2661 ad
1437 2629 1598 2661 Roscium.

937 2679 1053 2710 Hmss.
