1760 3172
434 144 740 187 TRISTIUM
773 144 890 186 LIB.
923 144 979 186 V.
1010 144 1189 187 ELEG.
1222 144 1287 186 II.

1471 148 1556 189 313

183 260 404 308 Barbara
426 277 506 308 me
529 260 693 316 tellus,
721 259 954 322 orbisque
979 260 1246 308 novissima
1269 261 1434 322 magni

250 337 501 396 Sustinet3
542 343 592 384 et
617 353 743 384 saevo
769 336 960 383 cinctus
987 337 1049 382 ab
1075 336 1217 383 hoste
1241 328 1393 384 locus.

181 412 312 461 Hinc
332 430 423 478 ego
445 414 712 477 trajicerer,
730 428 892 475 neque
909 412 1039 459 enim
1060 428 1172 459 mea
1189 413 1337 475 culpa
1351 421 1556 461 cruenta

246 490 410 548 Esset,
438 507 550 554 quae
575 491 742 546 debet,
770 489 810 536 si
836 489 927 536 tibi
953 505 1071 536 cura
1094 489 1208 536 mei.

1438 491 1552 552 [est‚

180 567 270 615 Ille
295 568 448 624 Deus,
472 569 598 616 bene
620 584 719 630 quo
747 566 974 613 Romana
993 565 1215 629 potentia
1233 565 1350 612 nixa
1373 573 1463 623 est,
1491 570 1552 613 35

245 644 390 708 Saepe
416 661 504 692 suo
528 645 681 692 vietor
706 644 829 691 lenis
855 643 904 689 in
930 643 1072 689 hoste
1098 642 1204 689 fuit.

177 719 309 775 Quid
333 722 566 769 dubitas?
592 721 712 785 quid
737 728 845 768 tuta
869 720 1048 767 times?
1076 719 1276 775 accede,
1304 735 1549 782 rogaque:

244 798 442 846 Caesare
467 799 534 845 nil
559 799 732 861 ingens
758 797 925 844 mitius
951 796 1083 843 orbis
1108 797 1275 843 habet.

176 874 262 923 Me
287 875 547 923 miserum!
587 875 707 938 quid
735 891 894 937 agam,
922 873 962 920 si
988 873 1215 937 proxima
1239 889 1453 937 quaeque
1478 890 1550 921 re—

371 953 636 1016 linquunt?

243 1029 503 1076 Subtrahis
530 1029 731 1077 effracto
756 1035 809 1076 tu
835 1044 1037 1092 quoque
1063 1029 1191 1076 colla
1208 1029 1363 1091 jugo?
1488 1031 1551 1074 40

175 1105 285 1160 Quo
310 1106 468 1154 ferar?
505 1108 635 1154 unde
661 1113 828 1170 petam
852 1107 1004 1170 lapsis
1031 1107 1206 1154 solatia
1230 1106 1412 1153 rebus?

237 1182 470 1231 Anchora
488 1186 591 1248 Jam
617 1191 833 1232 nostram
859 1201 956 1231 non
981 1192 1119 1232 tenet
1142 1185 1241 1231 ulla
1265 1190 1436 1231 ratem.

172 1259 389 1308 Viderit:
431 1261 537 1324 ipse
563 1277 768 1329 sacram,
797 1262 1021 1323 quamvis
1047 1261 1250 1317 invisus,
1279 1261 1341 1308 ad
1368 1277 1501 1308 aram

241 1337 535 1400 Confugiam
554 1355 579 1386 :<
604 1339 765 1385 nullas
792 1339 1053 1385 submovet
1078 1354 1160 1385 ara
1185 1354 1376 1385 manus.

172 1413 428 1478 Adloquor
443 1433 504 1463 en
525 1417 704 1463 absens
725 1416 989 1479 praesentia
1007 1416 1209 1462 numina
1229 1416 1460 1478 supplex,
1486 1417 1548 1461 45

240 1491 293 1538 Si
318 1491 390 1539 fas
416 1499 493 1540 est
516 1492 700 1540 homini
725 1509 839 1539 cum
864 1492 986 1540 Jove
1011 1509 1160 1556 posse
1184 1492 1337 1555 loqui.

171 1567 369 1616 Arbiter
393 1564 728 1640 imperii,ssc'1u0
751 1577 942 1617 certum
968 1576 1046 1617 est
1070 1569 1255 1632 sospite
1280 1575 1483 1615 cunctos

237 1644 469 1693 Ausoniae
494 1642 661 1693 curam
686 1647 847 1709 gentis
872 1647 1054 1694 habere
1080 1647 1244 1702 Deos;

174 1722 217 1768 O
244 1722 414 1778 decus,
441 1739 469 1770 o
494 1724 664 1786 patriae
689 1741 776 1787 per
800 1731 850 1772 te
874 1724 1095 1772 florentis
1120 1724 1282 1785 imago
1303 1741 1313 1780 ;

240 1799 282 1845 Ο
310 1799 381 1846 vir
404 1816 503 1847 non
526 1800 650 1864 ipso,
679 1817 826 1864 quem
852 1802 998 1864 regis,
1026 1802 1143 1848 orbe
1168 1801 1352 1857 minor;
1485 1803 1548 1847 50

173 1875 257 1923 Sic
276 1876 470 1924 habites
495 1877 676 1925 terras!
716 1878 786 1925 sic
813 1885 862 1925 te
886 1878 1135 1926 desideret
1160 1877 1338 1924 aether!

239 1953 321 2000 Sic
348 1954 410 2000 ad
435 1960 582 2017 pacta
604 1954 694 2001 tibi
720 1955 883 2002 sidera
906 1955 1076 2003 tardus
1102 1971 1186 2002 eas
1207 1955 1216 2001 !

169 2066 227 2097 sibi
249 2077 268 2098 a
285 2066 450 2098 comitibus
472 2067 504 2098 in
529 2067 637 2098 itinere
658 2067 822 2105 intentata,

169 2115 235 2146 haec
251 2114 369 2157 accipe.

212 2166 264 2196 33.
291 2165 486 2205 Trcy'icerer.]
516 2166 554 2196 In
568 2166 669 2196 locum
685 2166 822 2197 clemen-

168 2213 277 2244 tiorem
313 2213 449 2245 mitterer
486 2215 524 2245 ab
558 2214 711 2255 Augusto.
771 2215 825 2246 Est

167 2270 304 2294 cruenta.
349 2264 405 2294 Est
426 2263 581 2306 capitalis,
608 2264 692 2305 quod
717 2275 824 2306 quem-

169 2322 262 2353 quam
277 2312 454 2343 occiderim.

211 2362 265 2392 43.
300 2361 442 2402 Viderit]
477 2362 591 2392 Sensus
615 2362 758 2403 egregius
786 2373 824 2394 ex

168 2411 296 2451 vulgata
319 2411 374 2441 illa
395 2412 527 2442 formula
550 2412 681 2442 Viderit.-
713 2412 825 2443 viderit

168 2458 339 2499 Augustus,
355 2471 450 2501 quam
473 2460 519 2491 illi
538 2460 688 2491 invidiam
707 2462 821 2492 confla-

169 2513 255 2538 turus
269 2508 326 2538 sim
346 2509 429 2550 apud
447 2520 564 2545 omnes,
580 2509 605 2539 si
620 2520 676 2550 ego
691 2510 821 2540 destitu-

169 2561 219 2587 tus
236 2558 274 2587 ab
290 2558 431 2588 omnibus
447 2558 568 2594 amicis,
586 2565 617 2589 et
637 2565 759 2601 propter
775 2559 820 2590 le-

166 2606 323 2637 vissimam
350 2607 475 2648 culpam
505 2607 691 2648 gravissimae
720 2619 821 2649 poenae

167 2655 343 2691 damnatuS,
355 2655 532 2697 confugiam
544 2656 584 2687 ad
595 2667 678 2687 aram
691 2667 822 2692 sacram,

167 2709 315 2746 tanquam
331 2704 519 2747 inexpiabile
538 2705 665 2742 crimen,
680 2711 712 2737 et
726 2711 821 2736 morte

891 2074 1020 2099 cruenta
1029 2068 1169 2109 dignum,
1181 2066 1398 2098 commiserim.
1432 2067 1548 2099 Eoum.

933 2119 987 2149 45.
1012 2119 1167 2158 Adloquar
1182 2129 1216 2148 en
1230 2118 1330 2147 absens
1344 2118 1475 2146 absentia
1491 2129 1548 2147 ηιι-

890 2168 972 2197 πιὶηιι
1007 2166 1157 2206 suppleas]
1206 2167 1358 2205 Adloquor
1394 2164 1526 2206 potiores
1539 2178 1545 2194 :

891 2223 1041 2258 praeterea
1065 2215 1260 2247 scribendum
1284 2219 1369 2256 puto,
1391 2215 1549 2252 proesentia

891 2267 1016 2295 numina
1029 2277 1037 2301 ‚·
1055 2264 1136 2305 quod
1148 2274 1279 2294 acumen
1292 2273 1353 2292 non
1363 2261 1547 2292 intellexere

891 2314 995 2345 insciti
1010 2313 1143 2344 librarii:
1160 2313 1251 2343 Trist.
1262 2311 1292 2342 ii.
1304 2312 1355 2342 54.
1369 2310 1546 2351 Augustum

891 2370 983 2394 vocat
996 2369 1164 2403 proesentem
1180 2363 1425 2401 conspicuumque
1438 2360 1546 2391 Deum.

935 2414 985 2443 46.
1012 2413 1086 2442 Cum
1101 2411 1200 2451 Jove.]
1228 2411 1308 2441 Cum
1326 2409 1478 2450 Augusto.

933 2463 985 2491 47.
1009 2462 1142 2496 Arbiter,
1173 2459 1248 2499 δια]
1285 2459 1416 2494 Arbiter,
1446 2457 1546 2498 inquit

890 2511 1011 2545 Festus,
1031 2509 1143 2540 dicitur
1159 2508 1268 2550 judex,
1285 2507 1368 2548 quod
1387 2506 1479 2537 totius
1502 2506 1545 2537 rei

890 2560 1004 2590 habeat
1019 2557 1179 2589 arbitrium
1195 2567 1230 2587 ac
1248 2556 1439 2586 facultatem.

932 2610 984 2640 50.
998 2608 1064 2638 Non
1077 2610 1146 2647 ipso,
1155 2618 1237 2647 quem
1248 2605 1352 2647 regis]
1365 2603 1457 2635 Tanti
1468 2603 1545 2633 faci-

889 2657 1095 2698 ende,quanti
1103 2661 1184 2687 totus
1192 2655 1282 2686 simul
1292 2654 1374 2685 orbis
1385 2666 1391 2683 ;
1404 2664 1460 2695 par
1468 2652 1545 2683 orbi.

932 2708 984 2737 52.
1000 2707 1047 2736 Ad
1058 2707 1156 2736 sidera
1164 2711 1253 2744 pacta
1265 2703 1345 2743 tibi]
1366 2702 1417 2733 Ad
1428 2701 1544 2733 coelum
