1760 3172
186 172 271 213 :3260

564 171 614 212 P.
649 169 862 212 OVIDII
913 168 1194 211 NASONIS

191 287 274 336 Sic
301 303 412 335 mea
436 286 691 350 perpetuis
718 285 981 349 liquefiunt
1005 293 1210 349 pectora
1233 285 1379 339 curis,

255 363 462 426 Ignibus
488 362 700 410 admotis
727 370 783 409 ut
806 378 932 409 nova
956 378 1070 409 cera
1093 362 1268 425 liquet.

190 442 337 505 Saepe
369 456 543 504 precor
574 447 783 486 mortem
808 458 817 496 ;
859 447 1067 486 mortem
1097 455 1300 503 quoque
1335 439 1576 503 deprecor

251 518 331 565 Ne
349 517 803 565 meaSarmaticurn
819 524 1055 578 contegat
1070 533 1184 564 ossa
1199 517 1374 564 solum.
1400 517 1572 578 [idem,

185 595 352 650 Quum
378 594 528 651 subit,
558 593 774 656 Augusti
803 610 913 657 quae
941 593 1006 640 sit
1030 593 1311 650 clementia,
1339 591 1487 641 credo

253 672 428 719 Mollia
452 670 721 733 naufragiis
747 670 891 717 litora
915 687 1063 734 posse
1089 670 1210 718 dari.
1511 674 1573 717 72

185 750 352 804 Quum
372 749 532 805 video,
555 764 706 812 quam
732 748 830 795 sint
850 764 962 795 mea
986 747 1087 795 sata
1111 747 1322 804 tenacia,
1344 746 1566 810 frangor;

254 827 486 891 Spesque
510 826 649 882 leviS,
677 842 857 888 magno
882 826 1015 872 victa
1039 825 1231 881 timore,
1259 824 1409 872 cadit.

183 903 292 951 Nec
318 911 486 951 tamen
510 903 715 950 ulterius
742 902 1017 965 quidquam
1043 919 1265 966 sperove,
1293 918 1545 965 precorve,

251 981 414 1036 Quam
440 982 568 1028 male
594 988 783 1028 mutato
808 997 957 1044 posse
983 996 1150 1028 carere
1176 981 1302 1027 1000.
1509 982 1571 1027 66

183 1059 288 1106 Aut
311 1060 424 1114 hoc,
451 1066 537 1106 aut
560 1058 681 1105 nihil
704 1066 796 1115 est,
825 1075 913 1122 pro
939 1075 1017 1105 me
1043 1065 1237 1105 tentare
1263 1057 1490 1105 modeste

251 1136 426 1184 Gratia
451 1136 586 1199 quod
612 1137 745 1183 salvo
770 1144 936 1183 vestra
960 1136 1149 1200 pudore
1176 1143 1344 1198 queat.

185 1214 412 1278 Suscipe,
442 1213 683 1260 Romanae
708 1212 957 1269 facundia,
988 1212 1228 1268 Maxime,
1256 1212 1454 1275 linguae,

250 1291 479 1338 Difficilis
505 1308 668 1339 causae
694 1291 813 1339 mite
839 1290 1185 1355 patrocinium.

1508 1293 1572 1336 70

183 1368 277 1416 Est
301 1370 446 1426 mala,
475 1369 712 1416 confiteor
733 1387 742 1425 3
785 1368 873 1415 sed
898 1375 947 1415 te
973 1368 1105 1414 bona
1128 1367 1213 1413 fiet
1238 1373 1444 1428 agente:

248 1445 402 1493 Lenia
426 1463 514 1510 pro
539 1446 719 1493 misera
743 1445 818 1492 fac
846 1444 993 1491 modo
1017 1445 1168 1491 verba
1192 1442 1324 1506 fuga.

182 1523 358 1570 Nescit
382 1524 513 1570 enim
541 1523 726 1578 Caesar,
755 1522 979 1586 quamvis
1006 1521 1145 1569 Deus
1171 1521 1337 1568 omnia
1361 1521 1506 1576 norit,

248 1600 467 1648 Ultimus
492 1600 571 1647 hic
599 1616 699 1663 qua
723 1600 789 1647 sit
812 1598 1096 1646 conditione
1122 1599 1261 1645 locus
1282 1615 1291 1645 ε

178 1676 368 1740 Magna
391 1685 563 1725 tenent
587 1678 711 1724 illud
736 1693 898 1724 rerum
923 1676 1179 1724 molimina
1204 1692 1414 1733 numen3
1503 1679 1566 1722 75

247 1754 369 1802 Haec
396 1763 473 1804 est
497 1756 690 1803 coelesti
716 1762 916 1820 pectore
943 1771 1062 1802 cura
1085 1754 1259 1801 minor.

181 1832 290 1880 Nec
315 1840 472 1888 vacat,
501 1833 550 1879 in
576 1849 676 1896 qua
700 1833 799 1879 sint
825 1831 975 1895 positi
1001 1831 1202 1894 regione
1230 1830 1454 1885 Tomitae,

246 1911 495 1966 Quaerere,
522 1909 730 1957 finitimo
756 1910 839 1956 vix
864 1910 974 1957 loca
998 1918 1115 1957 nota
1141 1909 1283 1956 Getae
1302 1916 1335 1965 ‘3-

177 2099 238 2140 (sic
267 2110 391 2141 quoque
412 2100 525 2130 Bavar.
541 2110 602 2130 non
623 2102 770 2140 pruinam
794 2099 837 2130 uti

906 2099 970 2129 lum
988 2099 1113 2129 verbum
1139 2098 1245 2133 facies,
1266 2097 1295 2127 ni
1321 2097 1395 2127 forte
1412 2097 1487 2127 velis
1509 2096 1566 2127 ha-

177 2148 321 2190 quaedam
351 2149 466 2180 habent
494 2149 601 2189 editt.)
630 2149 758 2190 elegans
793 2156 839 2180 est
904 2149 969 2179 beri
985 2148 1221 2178 inverecundus.

175 2198 349 2239 epitheton.
395 2198 544 2228 HARLzs.

219 2247 273 2277 66.
300 2247 382 2277 Male
401 2249 544 2278 mutando
564 2248 634 2277 lue.
659 2247 711 2288 qui
738 2255 837 2278 mute-

176 2302 226 2327 tur
245 2307 317 2327 cum
339 2296 400 2327 alio
421 2297 500 2332 loco,
520 2297 722 2339 quantumvis
744 2298 837 2333 malo,

174 2346 276 2387 legere
301 2346 390 2375 malit
407 2346 565 2381 Heinsius,
591 2351 622 2376 et
642 2353 802 2388 comparat
819 2359 835 2377 e

179 2395 280 2426 Ponto
295 2394 329 2425 ii.
346 2396 376 2425 2.
392 2396 444 2425 98.
460 2395 499 2425 iv.
518 2397 567 2425 14.
585 2397 613 2426 7.
631 2395 740 2426 laudat
759 2407 835 2437 quo-

176 2454 236 2484 que
256 2444 394 2475 Gronov.
421 2445 513 2475 Obss.
535 2444 578 2474 iii.
600 2446 623 2474 l.
670 2444 731 2475 Sed
754 2445 834 2476 idem

176 2503 285 2523 sensus
313 2494 468 2524 enascitur
501 2505 516 2524 e
540 2494 667 2534 vulgata
690 2494 834 2530 lectione,

175 2542 205 2571 in
225 2553 287 2583 qua
301 2542 392 2573 codd.
408 2542 617 2578 consentiunt,
635 2544 709 2573 male
724 2549 836 2573 mutulo

177 2594 236 2621 lora
253 2592 282 2622 h.
295 2603 323 2622 e.
339 2593 417 2627 loco,
435 2592 507 2623 licet
527 2593 609 2623 male
631 2598 769 2623 mutatus
785 2592 835 2628 sit,

175 2640 266 2670 modo
281 2641 321 2671 sit
334 2641 437 2672 tutior.
484 2643 512 2671 H
519 2654 534 2671 „x
542 2653 632 2673 ntes.

217 2691 268 2720 63.
294 2690 382 2720 Salsa
403 2691 542 2730 pudore]
565 2691 685 2721 Habita
707 2690 833 2732 pudoris

173 2738 301 2770 ratione.
347 2739 444 2777 Quasi
468 2740 563 2776 dicat,
585 2740 622 2770 de
644 2739 745 2770 reditu
764 2740 830 2770 nul-

948 2199 999 2229 69.
1026 2198 1146 2237 suscipe
1171 2197 1336 2236 Romanoa]
1370 2196 1407 2225 In
1433 2195 1567 2236 vulgatis

905 2247 1074 2283 codicibus,
1114 2258 1200 2277 novae
1240 2247 1296 2276 hoc
1327 2246 1442 2286 Elegiae
1477 2255 1567 2275 exor-

904 2297 990 2327 dium
1001 2305 1058 2328 est.
1092 2298 1157 2327 Nos
1170 2295 1447 2326 vetustissimorum
1461 2305 1566 2324 exem-

904 2346 1036 2387 plarium
1066 2346 1283 2375 auctoritatem
1318 2354 1424 2374 sumus
1456 2343 1566 2374 secuti.

906 2395 1024 2425 Hfflxs.

947 2445 999 2474 75.
1021 2444 1132 2485 Magna
1147 2443 1329 2483 molimina]
1356 2443 1474 2482 Magna
1488 2451 1563 2482 pou-

903 2492 977 2523 ‹i'era
992 2493 1066 2534 reip.
1086 2493 1143 2523 hoc
1165 2500 1231 2523 est:
1258 2492 1414 2522 detinetur
1438 2490 1564 2530 Augus-

904 2549 953 2572 tus
974 2542 1141 2583 majoribus
1161 2542 1316 2576 oneribus,
1338 2540 1416 2570 adeo
1437 2545 1481 2573 ut,
1501 2549 1564 2580 pra}

904 2592 1026 2621 illorum
1052 2590 1277 2624 magnitudine,
1303 2601 1362 2620 non
1392 2588 1487 2630 pmssit
1517 2587 1565 2618 his

902 2641 987 2675 locis,
1009 2648 1038 2670 ct
1055 2651 1132 2670 uicis
1155 2639 1243 2670 malis
1269 2637 1494 2680 cognoscendis
1511 2647 1563 2666 va-

900 2700 982 2721 care.
1030 2689 1114 2720 Illud
1139 2702 1256 2720 numen.
1290 2690 1464 2730 Augustum
1491 2686 1561 2717 Cae-

900 2749 998 2770 sarem
1015 2737 1101 2769 dicit.
