1760 3172
564 177 862 220 REMEDIA
893 176 1156 218 AMORIS.

1476 179 1558 220 101

160 294 334 350 Ardet,
361 301 413 342 et
437 294 673 342 adsuetas
701 293 848 340 Circe
873 292 1093 340 decurrit
1117 293 1178 339 ad
1204 299 1335 340 artes
1356 311 1365 341 :

227 371 337 419 Nec
357 378 526 420 tamen
551 378 630 419 est
654 370 751 417 illis
777 378 1070 417 attenuatus
1096 385 1249 416 amor.

160 448 292 512 Ergo
312 466 421 512 age,
440 449 670 513 quisquis
692 465 840 512 opem
860 448 1031 495 nostrii
1051 447 1141 495 tibi
1158 447 1323 511 poscis
1346 448 1407 494 ab
1427 456 1548 504 arte,

225 526 386 575 Deme
409 527 663 575 veneficiis
688 526 1095 588 carminibusque
1120 524 1288 571 fidem.

1453 528 1551 572 290

158 603 213 650 Si
238 610 287 651 te
312 620 491 651 caussa
514 612 692 668 potens
717 602 921 650 dominat
948 601 1187 650 retinebit
1211 601 1261 647 in
1289 600 1455 658 Urbe;

221 680 428 745 Accipe,
456 681 719 728 consilium
745 680 880 743 quod
906 679 972 726 sit
997 679 1047 725 in
1076 679 1214 726 Urbe
1239 695 1423 726 meum.

157 758 394 822 Optimus
419 759 503 806 ille
528 757 624 805 fuit
646 758 849 813 vindex,
876 756 1113 804 laedentia
1137 763 1315 820 pectus

223 835 439 883 Vincula
463 837 550 899 qui
575 836 723 899 rupit,
751 835 1081 898 dedoluitque
1108 835 1281 882 semel.

1454 836 1550 880 294

158 912 212 960 Si
237 913 317 960 cui
341 920 536 960 tantum
562 913 714 961 animi
740 920 833 968 est,
862 912 1004 958 illum
1029 911 1247 958 mirabor
1272 917 1323 958 et
1347 910 1479 974 ipse:

220 989 287 1037 Et
310 990 490 1047 dicam,
519 989 728 1037 Monitis
755 1006 855 1037 non
880 996 996 1052 eget
1021 989 1104 1037 ille
1131 988 1274 1036 meis.

154 1067 230 1116 Tu
254 1068 390 1125 mihi,
418 1068 521 1132 qui,
549 1069 686 1132 quod
712 1085 865 1124 amas,
894 1083 1024 1130 aegre
1049 1066 1268 1115 dediscis
1294 1081 1490 1122 amare3

222 1146 330 1194 Nec
356 1154 518 1211 poteS,
546 1153 597 1194 et
618 1147 772 1194 velles
798 1162 963 1210 posse,
992 1144 1251 1192 docendus
1277 1143 1390 1191 eris.

153 1223 302 1287 Saepe
327 1223 454 1271 refer
479 1231 647 1271 tecum
672 1224 929 1271 sceleratae
954 1221 1089 1270 facta
1108 1221 1319 1285 puellae;

220 1300 287 1347 Et
311 1317 440 1364 pone
466 1308 582 1348 ante
607 1301 777 1348 oculos
803 1300 970 1348 omnia
995 1301 1179 1347 damna
1204 1306 1334 1345 tuos.

1450 1300 1548 1343 300

151 1378 284 1426 Illud
308 1385 360 1425 et
382 1378 506 1425 illud
525 1378 700 1425 habet:
742 1393 835 1424 nec
862 1378 922 1424 eft
950 1383 1188 1424 contenta
1212 1374 1387 1438 rapina

218 1456 325 1504 Sub
351 1455 553 1504 titulum
578 1463 773 1503 nostros
799 1454 934 1502 misit
959 1469 1105 1502 avara
1128 1454 1274 1501 lares.

191 1699 267 1730 287.
291 1697 333 1728 Et
350 1704 483 1729 assuetas
508 1697 596 1728 Circe
616 1698 754 1728 decurrit
774 1699 814 1728 ad

148 1747 256 1788 artes]
283 1747 335 1778 Sic
352 1747 424 1778 libri
443 1754 577 1778 veteres.
596 1747 715 1788 placet.
731 1758 815 1788 aeger

147 1797 337 1834 Podalirius,
357 1797 411 1839 qui
430 1797 644 1828 Philoctetam
657 1798 762 1828 morbo
775 1796 813 1827 li-

146 1846 278 1882 beravit,
294 1846 435 1877 medicus
450 1846 509 1877 fuit
524 1846 656 1887 aequalis
671 1845 742 1876 diis.
771 1846 811 1882 Q.

146 1895 325 1937 Smyrnaeus
340 1896 410 1926 loco
426 1905 521 1937 supra
535 1894 642 1925 citato.
690 1894 783 1925 Cxor.

190 1946 264 1975 291.
290 1945 420 1975 Domina
437 1946 576 1975 retinebit
592 1946 625 1974 in
640 1944 741 1984 urba]
761 1943 812 1974 Sic

145 1994 227 2025 bene
253 1992 374 2034 Regius
398 1993 510 2035 reliqui
530 1992 605 2029 fere,
631 1994 755 2023 dominae
778 1994 810 2022 in

145 2045 228 2075 urbe.
251 2043 345 2074 male.
369 2042 510 2074 Martial.
525 2041 570 2072 iii.
587 2042 616 2072 1.

193 2093 270 2123 Plus
284 2103 354 2123 sane
367 2093 500 2132 placeat,
516 2092 636 2122 dominii
652 2092 702 2132 qui
721 2097 813 2122 natus

233 2143 266 2172 in
281 2142 353 2172 urbe
368 2148 421 2172 est.

146 2189 198 2220 Sic
226 2192 360 2221 dominas
390 2201 472 2221 arces
508 2189 659 2220 Rutilius.
702 2188 746 2219 sic
781 2194 813 2219 et

146 2239 250 2271 Graeci
272 2240 452 2281 frequenter
474 2238 719 2279 βασιλεύουσαν
746 2238 808 2269 πό-

145 2289 211 2320 λιν.
257 2289 378 2320 mes.

187 2339 262 2370 293.
287 2339 426 2378 Optimus
442 2339 494 2368 ille
503 2338 577 2379 fuit
593 2337 732 2377 vindan]
760 2337 811 2367 Ita

143 2393 176 2418 et
211 2387 336 2430 scripti3
373 2387 481 2429 opinor
518 2393 626 2417 tamen
654 2396 674 2416 a
708 2386 810 2416 Naso-

146 2436 194 2467 nis
218 2447 315 2468 manu
341 2447 421 2472 esse,
445 2438 575 2476 optimus
598 2436 651 2465 ille
669 2437 717 2465 sui
742 2437 808 2465 rin-

145 2487 209 2516 dex.
239 2485 375 2528 optimus
403 2492 536 2517 assertor
557 2495 621 2516 suae
645 2483 810 2515 libertatis.

145 2535 264 2566 mes.

188 2585 263 2616 299.
287 2584 441 2615 Scelerum
455 2584 548 2626 facta
565 2583 703 2624 puellam]
731 2583 808 2619 Alii,

144 2634 246 2669 verba,
264 2638 318 2663 aut
332 2635 427 2664 dicta.
474 2633 688 2669 Sarravianus,
706 2644 810 2674 regnu.

144 2683 304 2724 eleganter
333 2683 540 2714 mehercules.
575 2682 620 2714 sic
649 2682 689 2714 de
716 2693 810 2724 regno

147 2731 296 2765 amatorio
313 2742 408 2774 supra
425 2733 474 2763 15.

927 1698 967 1727 At
986 1697 1009 1726 si
1030 1697 1095 1736 quis
1115 1696 1192 1726 male
1204 1694 1276 1736 fert
1301 1694 1431 1734 indigna?
1455 1703 1547 1734 regna

964 1747 1085 1785 puelloe.
1386 1742 1504 1772 mes.

881 1795 990 1826 Posset
1005 1801 1036 1826 et
1056 1795 1130 1836 legi,
1146 1795 1296 1825 scelerate?
1309 1791 1407 1833 surm
1429 1792 1549 1831 puellae,
1600 1827 1603 1829 ‚

881 1845 919 1876 de
948 1845 985 1875 iis
1011 1845 1095 1876 enim
1125 1844 1188 1885 agit
1218 1843 1250 1873 in
1274 1841 1490 1883 sequentibus.
1516 1847 1548 1871 et

869 1896 963 1936 fucta
982 1901 1013 1926 et
1024 1895 1122 1937 furta
1144 1904 1227 1935 saepe
1243 1891 1326 1934 apud
1343 1891 1492 1921 Nostrum
1508 1890 1545 1920 li-

878 1944 974 1975 brarii
1007 1947 1292 1975 commutaverunt.
1329 1940 1393 1971 vid.
1427 1940 1467 1970 ad
1502 1940 1545 1970 iv.

878 1995 963 2025 Fast.
980 1995 1054 2025 582.

922 2044 996 2073 301.
1022 2042 1085 2073 Nec
1112 2042 1146 2072 eci
1169 2047 1308 2072 contenta
1338 2039 1443 2079 ναρὶηά
1471 2038 1540 2078 est.]

875 2093 1017 2123 Tollatur
1032 2092 1162 2123 verbum
1178 2089 1422 2125 substantivum,
1434 2094 1467 2118 ut
1480 2098 1544 2118 me—

876 2141 938 2173 lius
952 2141 1100 2184 procedat
1115 2139 1263 2171 orationis
1276 2145 1365 2169 tenor
1378 2150 1384 2167 :

1055 2190 1117 2220 Nec
1133 2189 1166 2220 eci
1181 2195 1321 2219 contenta
1339 2186 1447 2226 ιίιμὶηά

923 2241 983 2270 Sub
996 2241 1122 2270 titulum
1136 2245 1249 2268 nostros
1261 2239 1339 2267 misit
1353 2248 1444 2267 ιιυιιι-ιι
1459 2236 1545 2265 [ures.

878 2290 939 2320 Sub
957 2291 1083 2319 titulum
1099 2289 1175 2319 lares
1191 2289 1307 2317 mittere
1329 2293 1376 2317 est
1391 2285 1476 2315 aedes
1490 2294 1545 2314 ve-

877 2339 965 2369 nales
980 2337 1183 2380 proscribere.
1212 2337 1272 2367 Per
1283 2336 1409 2366 titulum
1425 2333 1545 2364 tabella

878 2388 1062 2429 designatur
1084 2386 1206 2417 aedibus
1228 2385 1342 2420 adfixa,
1358 2394 1427 2425 quae
1444 2389 1543 2412 trans-

878 2443 989 2468 euntes
1007 2435 1133 2466 doceret
1156 2435 1283 2465 domum
1307 2444 1373 2464 esse
1391 2431 1544 2462 venalem.

879 2489 995 2518 litteras
1022 2497 1077 2528 pro
1102 2486 1191 2516 titulo
1217 2484 1350 2514 Plautus
1375 2482 1454 2512 dixit
1477 2481 1545 2512 Tri·

879 2547 1023 2567 nummo:
1050 2536 1139 2566 AEdes
1164 2535 1279 2565 venales
1302 2534 1385 2562 hasce
1408 2533 1545 2561 inscribit

878 2587 1000 2620 litteris,
1013 2583 1057 2615 sic
1069 2591 1100 2614 et
1116 2583 1282 2624 mancipiis
1293 2581 1457 2613 venalibus
1471 2580 1545 2610 titu-

878 2634 928 2665 lus
948 2633 1100 2675 ejusmodi
1122 2634 1160 2663 de
1183 2632 1264 2662 collo
1279 2630 1542 2672 suspendebatur,

879 2683 918 2714 de
935 2693 996 2724 quo
1013 2682 1051 2712 ad
1068 2681 1221 2724 Propertii
1234 2681 1349 2712 librum
1361 2679 1403 2711 iv.
1415 2679 1504 2720 Eleg.
1516 2690 1546 2710 v.

880 2731 1085 2763 Passeratius.
1131 2731 1248 2761 mes.

965 2787 1031 2816 H3
