1760 3172
228 196 312 237 308

619 197 668 237 P.
701 195 912 237 OVIDII
947 196 1224 238 NASONIS

233 311 315 357 Sic
341 326 449 373 ego,
479 310 778 359 Sarmaticas
804 311 948 372 longe
973 313 1223 374 projectus
1249 312 1297 358 in
1323 328 1446 368 oras,

298 386 469 434 Efficio
494 387 699 434 tacitum
726 404 786 434 ne
811 388 930 434 mihi
956 387 1101 435 funus
1127 395 1225 435 eat.

231 463 447 511 Delicias
474 464 513 511 si
540 464 667 527 quiS‚
695 464 975 528 lascivaque
1001 466 1217 512 carmina
1237 467 1429 528 quaerit,
1543 469 1599 512 15

294 539 583 588 Praemoneo
608 557 860 603 nunquam
886 541 1071 605 scripta
1096 542 1229 605 quod
1256 542 1349 589 ista
1371 543 1518 604 legat.

226 616 402 681 Aptior
425 618 538 665 huic
561 618 752 674 Gallus,
779 618 1048 681 blandique
1073 618 1362 683 Propertius
1387 618 1500 674 oris,

292 694 484 759 Aptior,
510 695 761 758 ingenium
786 712 943 751 come,
970 695 1195 742 Tibullus
1221 695 1329 742 erit.

226 771 394 835 Atque
420 772 608 819 utinam
633 789 836 820 numero
861 789 922 820 ne
948 789 1036 819 nos
1058 788 1280 819 essemus
1305 772 1354 817 in
1379 771 1498 818 isto!

292 848 405 896 Heu
421 849 564 895 mihi!
588 865 675 896 cur
691 865 908 912 unquam
929 849 1077 896 Musa
1094 850 1263 912 jocata
1277 864 1387 896 mea
1401 849 1510 895 est?
1535 852 1598 895 20

225 924 327 973 Sed
353 926 578 973 dedimus
611 942 780 989 poenas
802 945 812 983 ;
856 926 1182 990 Scythicique
1206 927 1254 972 in
1278 926 1457 972 finibus
1484 925 1598 972 Istri

290 1002 381 1050 Ille
406 1003 673 1066 pharetrati
698 1004 831 1051 lusor
855 1004 1050 1051 Amoris
1076 1004 1232 1051 abest.

225 1079 371 1134 Quod
396 1088 638 1144 superest,
666 1081 853 1128 animos
881 1082 942 1128 ad
967 1081 1167 1145 publica
1191 1080 1407 1127 carmina
1429 1080 1562 1135 flexi,

292 1156 358 1204 Et
381 1174 623 1206 memores
643 1159 769 1221 jussi
795 1160 1006 1207 nominis
1031 1176 1140 1207 esse
1167 1160 1258 1206 sui.

226 1233 279 1279 Si
305 1241 472 1281 tamen
497 1250 523 1282 e
548 1235 686 1282 vobis
713 1236 908 1298 aliquis,
936 1243 1037 1283 tam
1062 1236 1234 1292 multa,
1261 1235 1494 1298 requiret,
1532 1238 1594 1282 25

292 1310 438 1358 Unde
462 1311 676 1358 dolenda
700 1328 874 1359 canam
892 1331 902 1369 ;

943 1313 1098 1360 multa
1121 1312 1333 1359 dolenda
1356 1312 1461 1359 tuli.

223 1386 336 1434 Non
361 1387 466 1434 haec
492 1387 704 1450 ingenio,
727 1405 823 1435 non
848 1389 953 1436 haec
980 1389 1323 1452 componimus
1349 1395 1479 1446 arte;

287 1462 501 1511 Materia
524 1471 601 1512 est
624 1465 833 1528 propriis
858 1465 1114 1528 ingeniosa
1137 1465 1295 1512 malis.

221 1540 287 1588 Et
311 1550 462 1604 quota
484 1542 689 1590 fortunae
715 1559 828 1606 pars
854 1551 930 1591 est
955 1544 1003 1590 in
1028 1543 1242 1591 carmine
1268 1543 1481 1590 nostrae?

287 1619 444 1676 Felix,
468 1620 552 1682 qui
578 1620 778 1683 patitur,
806 1637 917 1684 quae
942 1636 1198 1668 numerare
1223 1619 1378 1667 valet!
1531 1622 1594 1666 30

221 1695 356 1750 Quot
378 1696 580 1744 frutices
607 1697 758 1752 silvae,
787 1706 910 1762 quot
933 1699 1087 1745 flavus
1114 1697 1293 1761 Tybris
1320 1712 1508 1752 arenas,

286 1772 459 1820 Mollia
483 1781 604 1836 quot
628 1773 806 1821 Martis
829 1775 1051 1837 gramina
1075 1790 1279 1838 campus
1304 1774 1483 1830 habet3

218 1849 313 1897 Tot
336 1851 465 1897 mala
488 1851 806 1914 pertulimus:
847 1869 1054 1915 quorum
1079 1851 1326 1899 medicina
1350 1850 1593 1914 quiesque

286 1926 452 1982 Nulla,
479 1927 571 1974 nisi
597 1927 646 1974 in
671 1928 849 1983 studio,
872 1927 1227 1990 Pieridumque
1253 1942 1390 1973 mora
1413 1934 1506 1974 est.

262 2135 312 2165 14.
330 2135 376 2165 Ne
389 2135 519 2176 funus]
547 2136 597 2166 Ne
621 2136 769 2177 relegatio
788 2147 870 2168 mea.

219 2184 278 2214 Eat
293 2185 364 2214 mihi
380 2185 515 2215 tacitum.
551 2185 580 2215 A
593 2195 642 2216 me
657 2184 778 2216 silentio
792 2196 870 2228 prae-

216 2239 359 2264 tereatur.
395 2233 464 2269 Vel,
481 2243 518 2264 ne
544 2234 632 2275 quasi
655 2244 775 2265 summo
799 2245 869 2266 cum

216 2282 338 2313 silentio
353 2281 435 2313 diem
450 2293 555 2313 meum
570 2283 692 2314 obeam.
726 2284 820 2314 Men.

261 2332 310 2362 16.
330 2332 524 2373 Verpoorten
543 2332 588 2363 ita
607 2332 734 2374 exponit
748 2337 768 2350 “
786 2333 869 2364 Prae-

215 2392 314 2411 moneo
343 2388 380 2417 te,
410 2381 519 2417 lector,
547 2381 568 2412 i.
583 2392 611 2412 e.
640 2381 776 2423 praedico
801 2382 868 2419 tibi,

214 2432 290 2470 quod
305 2440 404 2466 nemo,
417 2432 466 2470 qui
484 2431 591 2461 lasciva
607 2432 740 2461 carmina
753 2434 868 2472 quarit,

215 2480 305 2519 legat,
326 2478 480 2519 (lecturus
502 2479 553 2513 sit,
575 2479 676 2520 legere
698 2480 796 2511 soleat
816 2487 869 2511 aut

214 2528 328 2559 debeat
344 2534 375 2558 ut
390 2527 468 2558 infra
485 2529 591 2563 v.40.)
605 2531 715 2569 scripta
731 2531 798 2566 ista,
814 2531 867 2561 sed

212 2577 315 2618 potius
341 2576 464 2606 Gallum
492 2583 543 2607 aut
573 2578 772 2616 Propertium.
816 2578 866 2609 Sic

213 2624 289 2655 nihil
302 2625 358 2656 erit
370 2635 430 2656 non
440 2625 515 2656 satis
522 2626 699 2658 Latinum.'’
722 2627 867 2658 Huius.

254 2674 305 2704 28.
325 2673 485 2714 Propriis]
500 2674 529 2704 h.
542 2674 794 2716 e.singularibus,
806 2686 866 2706 non

212 2721 403 2763 vulgaribus,
414 2728 445 2753 et
461 2733 529 2763 qua}
546 2733 615 2754 curn
633 2723 702 2754 aliis
717 2735 777 2755 non
794 2731 863 2754 sunt

939 2137 1132 2167 communia:
1158 2142 1212 2168 aut
1230 2137 1335 2171 etiam,
1352 2146 1420 2177 quae
1439 2142 1511 2167 sunt
1524 2147 1592 2179 per-

937 2191 1032 2227 petua
1044 2192 1075 2217 et
1090 2186 1223 2217 stabilia.
1255 2186 1402 2216 HARLES.

981 2236 1034 2266 31.
1051 2235 1186 2275 Flavus]
1217 2235 1247 2265 h.
1262 2245 1289 2265 e.
1310 2236 1412 2265 minus
1436 2234 1591 2278 limpidas.

940 2284 1012 2315 Pari
1040 2284 1131 2315 modo
1162 2283 1256 2315 Ovid.
1276 2284 1407 2314 Metam.
1432 2284 1495 2315 xiv.
1516 2286 1590 2316 447.

936 2333 1052 2363 flumen
1082 2343 1204 2374 quoque
1236 2332 1378 2375 rapidum
1413 2338 1590 2375 torrensque

936 2382 1247 2424 nominaturflai*um.
1280 2382 1428 2413 HAms.

979 2432 1030 2461 32.
1047 2431 1154 2461 Mollia
1180 2430 1277 2471 quon]
1297 2430 1457 2461 Leidensis
1479 2430 1588 2467 codex,

936 2482 1054 2516 millia5
1079 2479 1132 2510 sed
1153 2481 1249 2514 molle,
1266 2479 1421 2521 proprium
1443 2480 1590 2520 graminis

936 2528 1102 2570 epitheton,
1128 2529 1202 2560 facit
1224 2535 1257 2559 ut
1284 2528 1326 2558 nil
1350 2534 1484 2559 mutem:
1510 2528 1589 2559 infra

935 2578 1021 2618 Eleg.
1033 2577 1076 2607 iv.
1093 2588 1155 2608 ver.
1165 2579 1198 2613 9,
1212 2589 1263 2608 nec
1273 2583 1374 2618 aperto
1389 2578 1488 2607 mollio
1501 2585 1590 2616 prato

936 2626 1080 2656 Gramina
1097 2638 1108 2664 ;
1132 2627 1175 2657 ita
1190 2628 1299 2667 pabula
1320 2628 1421 2657 mollia
1440 2626 1472 2657 in
1487 2626 1588 2663 Ibide,

935 2687 995 2706 ver.
1014 2676 1071 2705 137
1088 2687 1094 2707 ι
1121 2682 1151 2706 et
1167 2676 1291 2717 passim.
1322 2676 1437 2706 Bunm.
