1760 3172
186 178 270 219 184

486 177 536 217 P.
571 175 784 218 OVIDII
821 174 1117 224 NASONIS,
1153 174 1283 216 ETC.

190 291 281 339 Ille
306 308 418 339 meo
442 307 613 338 vereor
637 307 700 338 ne
726 296 896 354 speret
921 288 1163 351 sanguine
1188 289 1437 352 praedam3

258 367 381 415 Haec
406 367 607 415 titulum
633 374 813 414 nostrae
839 366 1010 413 mortis
1036 366 1221 413 habere
1245 365 1380 412 velit.
1517 367 1582 411 30

191 445 415 493 Barbara
438 461 553 508 pars
577 446 703 492 laeva
727 451 819 499 est,
847 444 1002 491 avidae
1029 443 1288 489 succincta
1311 442 1512 505 rapinae,

257 521 419 576 Quam
445 537 605 576 cruor,
627 528 679 568 et
702 521 882 575 caedes,
905 520 1139 582 bellaque
1163 535 1360 582 semper
1379 519 1581 565 habent.

193 598 464 661 Quumque
491 598 554 644 sit
578 597 798 644 hibernis
824 596 1067 658 agitatum
1093 595 1328 642 fluctibus
1354 610 1540 658 aequor,

258 674 473 722 Pectora
497 681 613 721 sunt
638 673 746 736 ipso
773 672 1048 719 turbidiora
1072 673 1212 719 mari.

191 751 303 807 Quo
323 751 481 814 magis
502 751 579 797 his
603 750 759 797 debes
780 749 1054 811 ignoscere,
1078 749 1289 796 candide
1310 748 1482 803 lector,
1520 749 1584 794 35

260 828 314 875 Si
341 843 430 891 spe
455 834 587 882 sunt,
614 834 669 874 ut
693 833 824 882 sunt,
852 825 1084 873 inferiora
1106 832 1208 874 tua.

192 905 307 952 Non
330 905 435 952 haec
456 905 505 953 in
530 904 728 958 nostris,
752 910 806 949 ut
826 902 1098 966 quondam,
1121 902 1382 949 scribimus
1403 899 1583 948 hortis:

261 982 387 1038 Nec,
416 988 671 1036 consuete,
699 995 883 1034 meum,
910 980 1110 1035 lectule,
1137 994 1320 1042 corpus
1345 978 1517 1025 habes.

189 1058 218 1106 J
225 1067 361 1107 actor
385 1059 435 1105 in
461 1057 719 1113 indomito,
746 1057 959 1104 brumali
982 1057 1110 1113 luce,
1138 1055 1412 1120 profund03

261 1135 481 1200 Ipsaque
507 1134 731 1183 caeruleis
757 1134 930 1181 charta
953 1133 1125 1180 feritur
1150 1133 1312 1196 aquis.
1522 1132 1588 1178 40

193 1213 429 1277 Improba
443 1220 633 1277 pugnat
647 1200 1263 1277 hyemssindignaturque,
1277 1208 1411 1272 quod
1427 1207 1587 1256 ausim

262 1288 591 1346 Scriberffise
617 1289 802 1351 rigidas
826 1287 1102 1360 incutilente
1127 1286 1305 1333 minas.

191 1367 374 1414 Vincat
420 1367 597 1431 hyems
642 1366 894 1413 hominem
915 1384 926 1422 ;
968 1362 1074 1412 -'sed
1117 1364 1293 1411 eodem
1341 1370 1582 1426 tempore,

260 1444 377 1508 Ipse
395 1444 599 1492 modum
621 1451 840 1492 statuam
859 1432 1108 1498 car-minis,
1129 1441 1214 1488 illa
1233 1440 1326 1488 sui.
1371 1441 1583 1503 [quaeso,

234 1590 287 1620 31.
318 1588 458 1620 Barbara
479 1600 552 1629 pars
579 1590 652 1619 laeva
683 1589 753 1629 est.]
791 1588 858 1619 De·

190 1639 293 1680 signat
307 1637 450 1669 Thraciae
471 1638 556 1675 litus,
574 1638 658 1679 quod
680 1638 780 1669 Ponto
802 1637 857 1669 ad-

190 1688 309 1718 luitur:
336 1687 419 1729 quod
444 1686 553 1718 scribit
574 1687 685 1718 Strabo
700 1686 858 1718 desertum

191 1746 272 1772 esse,
295 1741 466 1778 petrosum,
489 1735 728 1778 importuosum.
762 1737 857 1766 Mna.

192 1788 296 1817 Avidae
329 1787 502 1816 substructa
534 1787 661 1825 rapinoe.
716 1786 857 1826 Uterque

192 1834 357 1866 Palatinus
393 1835 547 1876 multique
583 1833 647 1870 alii,
681 1835 856 1872 substrata,-

191 1884 282 1927 prim.
306 1883 412 1915 Vatic.
439 1891 535 1925 atque
561 1888 682 1925 septem
707 1889 858 1925 praeterea

191 1936 346 1964 subtracta
360 1945 370 1970 ,·
395 1932 528 1964 totidem
552 1934 695 1972 subjecta,
720 1938 756 1964 ut
780 1932 857 1962 sorte

192 1983 232 2014 sit
261 1982 460 2014 scribendum
487 1984 640 2022 avidoeque
667 1983 780 2022 objecta
808 1993 858 2012 ra-

191 2034 280 2071 pinae,
295 2032 345 2063 vel
361 2033 523 2062 instructa.
555 2031 672 2061 HmNs.
703 2030 858 2062 Vossiana

193 2086 342 2122 excerpta
352 2080 469 2110 habent
483 2082 576 2110 avidae
593 2082 757 2116 succincta,
773 2079 857 2121 quod

192 2129 329 2160 maxime
357 2130 484 2172 placet3
517 2131 671 2160 succincta
701 2130 783 2160 enim
812 2134 859 2161 est

193 2189 249 2220 pro
263 2184 383 2221 parata,
399 2183 541 2221 prompta
556 2178 596 2210 ad
612 2178 736 2221 praedas
761 2189 855 2220 agen-

195 2226 263 2258 das.
310 2227 428 2258 BunM.

969 1587 1022 1618 36.
1038 1586 1070 1616 Si
1081 1596 1129 1625 spe
1142 1587 1216 1620 sint,
1233 1590 1267 1614 ut
1282 1584 1371 1624 siim]
1398 1583 1430 1613 Si
1443 1593 1491 1622 spe
1505 1589 1587 1618 sunt,

925 1643 960 1667 ut
983 1642 1065 1671 sunt,
1080 1634 1224 1665 meliores
1237 1644 1245 1671 ;
1269 1638 1301 1663 et
1321 1643 1393 1663 mox
1419 1634 1589 1672 scripsimus

925 1695 980 1728 pro
996 1686 1160 1715 scribimus.
1184 1683 1266 1713 Puto
1281 1694 1288 1712 z

970 1735 1001 1765 Si
1016 1745 1063 1774 spe
1077 1740 1160 1768 sunt,
1176 1739 1211 1762 ut
1225 1738 1328 1768 erunt,
1343 1730 1491 1772 inferiora
1507 1737 1559 1761 tua
1574 1742 1584 1767 ‚-

926 1783 1006 1815 infra
1016 1783 1058 1814 iv.
1077 1785 1105 1813 l.
1121 1793 1185 1813 ver.
1204 1783 1217 1812 1
1236 1793 1242 1811 ι

969 1833 1002 1863 Si
1017 1845 1075 1873 qua
1092 1831 1305 1873 meisfuerint,
1319 1836 1353 1861 ut
1369 1837 1472 1865 erunt,
1486 1831 1590 1860 vitiosa

1013 1882 1132 1911 libellis.
1429 1878 1548 1909 Hiems.

971 1930 1023 1960 38.
1049 1929 1125 1965 Nec,
1154 1934 1302 1963 consuete,
1332 1938 1441 1962 meum,
1470 1927 1590 1964 lectu-le,

926 1991 1032 2019 corpus
1065 1977 1176 2018 habes]
1216 1977 1347 2018 Antiqui
1382 1976 1591 2013 meditationi,

928 2036 982 2060 aut
993 2027 1155 2070 scriptioni
1171 2037 1298 2069 operam
1313 2025 1427 2062 daturi,
1443 2025 1476 2056 in
1490 2025 1592 2057 lectu-

926 2078 964 2109 lis
981 2078 1044 2109 suis
1059 2075 1280 2108 lucubratoriis
1294 2086 1327 2106 se
1343 2075 1583 2116 componebant.

970 2128 1024 2158 44.
1051 2126 1177 2157 Modum
1192 2124 1361 2164 carminis]
1390 2124 1499 2155 Finem
1515 2123 1590 2154 scri-

926 2176 1035 2208 bendi.
1074 2175 1139 2206 Illa
1160 2176 1219 2205 sui.
1252 2174 1314 2205 Illa
1340 2174 1449 2215 hyems
1473 2178 1591 2204 statuat

929 2225 1055 2257 modum
1069 2224 1129 2262 sui,
1145 2224 1177 2256 id
1191 2229 1249 2261 est,
1266 2223 1389 2255 desinat
1403 2223 1523 2254 saevire.
