1760 3172
407 163 717 206 TRISTIUM
750 163 870 205 LIB.
905 163 988 205 IV.
1022 164 1202 207 ELEG.
1236 164 1300 206 X.

1467 164 1551 206 301

159 280 351 343 Sponte
370 296 461 327 sua
478 295 680 327 carmen
699 295 932 327 numeros
953 280 1183 327 veniebat
1204 280 1267 326 ad
1287 286 1454 343 aptos;
1486 282 1551 328 25

226 356 308 413 Et,
337 357 472 420 quod
497 357 753 404 tentabam
779 356 963 412 dicere,
990 372 1162 403 versus
1189 363 1310 404 erat.

159 434 374 490 Interea,
402 434 556 482 tacito
582 451 736 499 passu
761 434 1046 482 labentibus
1072 433 1231 489 annis,

226 511 449 559 Liberior
472 511 610 559 fratri
637 518 803 558 sumta
827 510 1051 573 mihique
1077 516 1196 572 toga
1221 516 1325 567 est3

158 589 489 652 Induiturque
514 590 732 637 humeris
759 605 873 636 cum
897 589 1248 651 lato-purpura
1273 587 1440 645 clavo3

225 666 291 714 Et
316 667 537 714 studium
562 665 722 722 nobis,
751 666 887 728 quod
912 664 1006 712 fuit
1030 670 1161 719 ante,
1190 671 1376 711 manet.

1487 668 1553 712 30

156 743 373 806 Jamque
398 743 573 790 decem
598 743 710 790 vitae
735 742 886 789 frater
911 741 1253 804 geminaverat
1278 757 1449 797 annos,

225 820 393 875 Quum
418 820 562 884 perit,
592 827 643 867 et
667 821 792 884 coepi
821 826 963 883 parte
989 834 1158 866 carere
1183 819 1299 866 mei.

158 898 399 962 Cepimus
425 905 476 945 et
499 905 683 945 tenerae
707 897 893 961 primos
918 896 1078 943 aetatis
1103 896 1332 952 honores,

225 974 371 1038 Eque
393 974 510 1022 viris
537 974 790 1038 quondam
816 989 930 1036 pars
956 972 1114 1020 tribus
1140 989 1239 1020 una
1262 973 1349 1020 fui.

158 1051 313 1099 Curia
337 1051 587 1108 restabat3
627 1050 752 1098 clavi
778 1065 1014 1097 mensura
1038 1057 1214 1097 coacta
1238 1057 1316 1098 est
1338 1068 1359 1100 ε»

1488 1053 1551 1097 35

223 1128 391 1192 Majus
416 1135 524 1176 erat
548 1127 730 1176 nostris
754 1127 941 1175 viribus
968 1127 1091 1175 illud
1116 1145 1258 1175 onus.

158 1206 205 1253 N
210 1223 266 1254 ec
292 1206 490 1270 patiens
516 1221 713 1269 corpus,
741 1221 833 1252 nec
860 1221 1002 1251 mens
1028 1204 1120 1252 fuit
1145 1212 1263 1268 apta
1286 1204 1459 1261 labori,

224 1284 567 1347 Sollicitaeque
591 1284 745 1346 fugax
770 1281 1057 1330 ambitionis
1085 1299 1248 1330 eram:

158 1361 225 1409 Et
248 1368 419 1426 petere
444 1360 618 1408 Aoniae
646 1359 927 1408 suadebant
950 1365 1060 1406 tuta
1085 1375 1278 1406 sorores

225 1438 360 1497 Otia,
381 1439 574 1503 judicio
600 1454 799 1502 semper
824 1444 990 1486 amata
1014 1453 1142 1484 meo.

199 1633 254 1663 28.
280 1632 417 1663 Liberior
440 1633 537 1675 tagra]
563 1632 682 1674 Togam
699 1631 819 1663 virilem

153 1680 311 1723 designat,
336 1692 431 1723 quam
460 1681 580 1712 nobiles
607 1681 820 1712 adolescentes

155 1731 240 1773 apud
260 1730 420 1762 Romanos
434 1731 601 1762 sumebant
618 1730 651 1762 in
669 1730 747 1761 festo
767 1730 819 1760 Li-

154 1779 221 1822 beri
235 1779 345 1822 patris,
359 1781 398 1811 16
411 1780 550 1812 Kalend.
562 1780 664 1822 April.
677 1780 819 1822 deposita

154 1834 318 1871 praetexta.

199 1880 252 1910 29.
286 1879 407 1920 Clam]
442 1879 517 1910 h.e.
544 1878 629 1910 linea
655 1878 703 1910 vel
733 1879 818 1920 virga

154 1934 321 1971 purpurea,
341 1939 411 1970 quae
435 1939 491 1971 per
513 1927 647 1959 mediam
674 1927 707 1958 in
732 1934 819 1970 parte

155 1977 307 2009 anteriore
322 1977 461 2009 tunicam
482 1988 500 2008 a
521 1988 642 2008 summo
663 1977 702 2008 ad
721 1977 818 2008 imum

154 2026 330 2058 descendit.
374 2028 467 2058 Hanc
481 2027 620 2058 Rubenii
631 2026 819 2058 sententiam

156 2076 255 2107 tuitus
272 2082 320 2107 est
336 2076 480 2107 Graevius
496 2075 528 2107 in
544 2075 665 2118 praefat.
684 2076 723 2107 ad
744 2082 820 2107 tom.

157 2125 200 2157 vi.
225 2124 365 2156 thesaur.
390 2125 488 2166 antiq.
513 2125 654 2156 Rom.et
677 2124 820 2166 probavit

155 2175 276 2207 Gesner
299 2175 340 2206 ad
355 2174 509 2212 Quinctil.
532 2174 635 2205 Instit.
651 2175 739 2205 Orat.
754 2173 820 2205 viii.

156 2227 186 2256 5.
201 2225 255 2255 28.
275 2230 307 2255 et
326 2223 367 2254 xi.
387 2225 418 2255 3.
444 2225 515 2255 138.
539 2224 619 2254 adde
640 2224 760 2254 Ferrar.
780 2223 819 2254 de

154 2284 186 2305 re
202 2272 361 2304 Vestiaria
375 2273 399 2304 i.
418 2273 467 2304 13.
484 2279 525 2304 et.
543 2272 588 2303 iii.
607 2274 656 2303 12.
676 2283 746 2314 sqq.
765 2272 819 2313 qui

153 2330 260 2354 tamen
275 2333 294 2354 a
308 2322 456 2353 Rubenio
470 2322 625 2354 dissentit.
657 2322 820 2363 Augustus

152 2383 223 2404 vero
244 2372 352 2403 liberis
374 2383 498 2414 quoque
524 2373 709 2403 Senatorum
734 2370 815 2402 virili

151 2428 232 2463 togae
256 2422 356 2453 latum
379 2422 504 2453 clavum
528 2422 687 2458 inducere,
706 2427 738 2452 et
762 2432 815 2452 cu-

152 2473 205 2503 riae
228 2472 378 2503 interesse
397 2471 549 2513 permisit,
565 2482 626 2513 quo
647 2471 817 2502 utebantur

152 2532 253 2563 usque
281 2520 321 2552 ad
348 2531 465 2552 annum
496 2521 598 2552 aetatis
627 2520 813 2552 Senatoriae:

152 2576 227 2601 tunc
246 2569 343 2605 enim,
366 2570 391 2600 si
412 2570 606 2600 Senatoriam
630 2569 817 2610 dignitatem

151 2619 202 2651 vel
224 2619 355 2656 nollent,
371 2619 420 2651 vel
442 2629 504 2650 non
524 2626 650 2661 possent
674 2618 815 2660 adsequi,

152 2668 292 2711 deposito
311 2669 376 2699 lato
398 2668 500 2705 clavo,
520 2669 730 2710 angustiorem
747 2679 815 2698 rur-

152 2729 204 2749 sus
226 2719 403 2752 sumebant‚
429 2723 464 2748 ut
488 2717 652 2759 Verpoort.
671 2717 737 2757 jain
763 2716 816 2746 do-

1487 1439 1552 1483 40

886 1632 962 1662 cuit.
1008 1631 1092 1662 Hinc
1116 1630 1251 1662 Ovidius
1272 1640 1341 1660 mox
1367 1628 1454 1660 canit
1473 1630 1553 1661 clavi.

888 1692 1025 1712 mensura
1046 1687 1150 1711 coacta
1168 1687 1220 1716 est,
1242 1680 1271 1710 h.
1283 1690 1310 1710 e.
1326 1689 1369 1715 se,
1385 1678 1496 1710 omissa
1522 1683 1554 1710 et

888 1731 1013 1772 abjecta
1038 1740 1093 1771 spe
1112 1728 1274 1770 dignitatis
1299 1727 1473 1764 senatoriae,
1489 1728 1553 1758 lato

888 1779 978 1810 clavo
1003 1779 1144 1822 deposito
1166 1778 1373 1820 angustiorem
1395 1777 1554 1810 sumsisse.

887 1840 917 1860 v.
933 1829 1062 1860 Sueton.
1078 1828 1162 1869 Aug.
1178 1839 1206 1858 c.
1222 1829 1274 1859 38.
1291 1827 1398 1868 ibique
1414 1827 1553 1858 Casaub.

888 1878 1054 1909 Rubenius
1070 1878 1108 1908 de
1128 1877 1192 1908 lato
1208 1876 1299 1908 clavo
1311 1876 1399 1907 lib.i.
1415 1886 1484 1918 cap.
1502 1877 1553 1908 14.

887 1927 1038 1958 HARLES.

931 1978 985 2008 33.
1010 1977 1127 2007 Primos
1150 1977 1282 2007 honores.
1333 1974 1552 2016 Magistratus,

887 2026 941 2068 qui
972 2027 1071 2068 primo
1099 2025 1352 2057 adolescentibus
1375 2024 1551 2055 dabantur:

888 2082 923 2108 ut
951 2076 1097 2112 aedilitas,
1130 2081 1298 2117 quaestura,
1328 2074 1552 2111 triumviratus,

888 2124 1057 2167 caeterique
1074 2124 1129 2166 qui
1144 2123 1278 2154 minores
1293 2123 1488 2154 dicebantur.

932 2175 985 2205 34.
1018 2174 1121 2214 Deque
1149 2173 1250 2213 viris]
1285 2172 1495 2203 T1⁴lumvirum
1520 2182 1553 2204 se

888 2223 984 2254 fuisse
1012 2222 1126 2254 innuit.
1178 2221 1335 2252 Caeterum
1359 2220 1438 2251 varii
1466 2220 1553 2252 fuere

887 2272 981 2315 hujus
1007 2270 1142 2302 nominis
1168 2269 1387 2310 magistratus:
1422 2269 1552 2310 quidam

889 2323 1042 2352 triumviri
1052 2321 1196 2360 capitales
1211 2319 1406 2354 dicebantur,
1424 2318 1463 2349 de
1479 2318 1550 2360 qui-

883 2371 943 2402 bus
969 2369 1020 2400 hic
1044 2369 1170 2399 Merula
1194 2367 1341 2409 exponit3
1371 2366 1425 2397 alii
1451 2378 1550 2398 mone-

886 2421 970 2456 tales,
991 2418 1044 2460 qui
1060 2417 1124 2454 aeri,
1142 2422 1282 2458 argeum,
1302 2426 1377 2446 auro
1392 2415 1496 2446 flando
1512 2426 1550 2447 ac

886 2467 1027 2499 feriundo
1042 2465 1183 2508 praefecti
1202 2471 1308 2496 erant:
1327 2463 1380 2495 alii
1395 2467 1550 2502 nocturni,

886 2528 942 2558 per
970 2526 1048 2557 quos
1077 2521 1237 2545 nocturnae
1267 2513 1435 2544 seditiones
1464 2524 1552 2545 arce·

885 2573 990 2598 rentur
1005 2576 1024 2596 a
1045 2564 1177 2600 civibus,
1202 2570 1233 2594 et
1249 2563 1339 2605 quies
1359 2564 1426 2594 urbi
1446 2574 1552 2595 serva-

885 2622 979 2648 retur.
1024 2614 1089 2644 Alii
1113 2613 1232 2645 colonis
1252 2612 1444 2645 deducendis
1462 2623 1550 2646 crea-

885 2667 1009 2698 bantur.
1024 2664 1099 2696 Vid.
1116 2663 1338 2695 Fenestellam.
