1760 3172
421 178 512 218 EX
545 176 757 218 PONTO
793 176 912 217 LIB.
946 175 983 216 Ι.
1018 176 1210 217 EPIST.
1245 175 1308 217 II.

1465 177 1549 216 357

165 293 265 349 Qui
289 294 425 341 nasci
450 300 505 340 ut
528 309 718 356 posses,
746 291 971 354 quamvis
1003 291 1227 338 cecidere
1251 291 1476 346 trecenti,

232 371 347 418 Non
373 387 544 418 omnes
571 370 750 417 Fabios
775 370 981 417 abstulit
1005 385 1104 416 una
1127 369 1262 425 dies;

167 449 394 496 Forsitan
418 449 524 495 haec
550 465 579 495 a
603 465 702 511 quo
727 448 951 494 mittatur
976 447 1187 510 epistola
1212 462 1420 509 quaeras,
1518 448 1546 492 5

233 526 433 590 Quique
457 527 634 589 loquar
656 534 839 579 tecum,
867 523 1045 572 certior
1067 539 1176 570 esse
1201 523 1339 570 velis.

165 603 262 651 Hei
286 605 432 651 mihi!
471 605 592 668 quid
617 604 828 650 faciam?
864 618 1050 658 vereor,
1078 616 1139 648 ne
1165 600 1361 647 nomine
1383 600 1512 647 lecto

233 681 415 738 Durus,
437 690 486 729 et
510 698 682 729 aversa
705 688 886 728 caetera
909 686 1076 727 mente
1102 681 1256 741 legas,

164 758 357 806 Viderit
380 760 485 806 haec
511 760 551 806 si
577 759 717 822 quis3
758 758 849 805 tibi
875 774 954 804 me
980 756 1239 819 scripsisse
1265 754 1405 803 fateri

231 835 460 892 Audebo,
489 844 539 883 et
563 835 773 900 propriis
799 834 1099 897 ingemuisse
1125 832 1284 880 malis.
1492 834 1549 878 lO

165 912 386 970 Viderit3
429 914 624 960 audebo
650 912 740 959 tibi
766 928 845 959 me
871 910 1131 974 scripsisse
1156 909 1313 964 fateri,

230 989 399 1053 Atque
424 991 625 1038 modum
652 991 812 1054 culpae
838 988 1093 1036 notificare
1118 1003 1260 1034 meae.

166 1066 282 1123 Qui,
309 1084 463 1130 quum
487 1084 566 1115 me
592 1083 739 1132 poena
762 1067 966 1129 dignum
992 1065 1212 1128 graviore
1238 1063 1389 1111 fuisse

234 1145 502 1202 Confitear‚
530 1162 734 1210 possum
758 1145 841 1191 vix
867 1143 1090 1207 graviora
1113 1141 1234 1206 pati.

166 1221 409 1270 Hostibus
435 1223 484 1270 in
510 1223 704 1281 mediis,
732 1223 961 1286 interque
987 1220 1210 1285 pericula
1232 1234 1425 1275 versor3
1494 1221 1550 1265 15

233 1299 495 1363 Tanquam
520 1317 634 1348 cum
659 1301 819 1365 patria
843 1317 942 1364 pax
968 1300 1032 1346 sit
1057 1298 1255 1345 ademta
1279 1296 1426 1344 mihi:

166 1376 281 1433 Qui,
308 1378 479 1425 mortis
506 1394 635 1425 saevo
660 1377 914 1440 geminent
938 1384 993 1424 ut
1012 1376 1214 1423 vulnere
1240 1390 1432 1429 causas,

235 1454 418 1502 Omnia
440 1455 636 1519 vipereo
663 1455 856 1519 spicula
879 1454 994 1502 felle
1018 1453 1208 1500 linunt:

166 1653 300 1685 Fabium
323 1654 398 1685 facit
423 1666 537 1686 A.U.c.
564 1667 718 1687 Dccxcui.
738 1661 774 1687 ut
795 1663 826 1687 et

167 1704 291 1746 Lipsius
315 1704 409 1735 fecit:
435 1705 490 1736 sed
512 1706 594 1736 hunc
616 1706 711 1737 fuisse
735 1706 827 1748 hujus

166 1754 257 1785 Fabii
286 1761 404 1797 patrem
433 1755 522 1787 docet
548 1757 687 1787 Masson.
712 1756 743 1787 in
765 1757 830 1787 vita

168 1804 287 1835 Ovidii.
332 1805 393 1839 Qui
413 1807 492 1836 tanti
516 1816 682 1836 mensuram
704 1808 830 1837 nominis

166 1855 279 1893 imples.
331 1854 393 1891 Qui
422 1854 553 1885 nominis
579 1855 827 1896 magnitudinem

168 1913 285 1945 aequas,
313 1914 349 1934 ac
378 1914 505 1946 superas
533 1905 628 1935 animi
656 1905 828 1935 nobilitate.

167 1951 230 1982 Per
249 1963 426 1984 mensuram
454 1959 558 1985 autem
581 1953 659 1984 tanti
683 1954 828 1990 nominis,

167 2001 297 2032 Maximi
312 2002 553 2044 adpellationem
568 2002 719 2044 intellige.

211 2053 242 2082 2.
258 2052 389 2093 Genus]
415 2052 628 2084 Maximorum
644 2052 808 2083 familiam.

212 2102 243 2132 3.
261 2102 404 2136 Quamvis
421 2104 562 2139 cecidere,
577 2103 654 2143 δία]
681 2102 771 2133 Bello
786 2103 829 2132 E-

168 2156 282 2188 trusco,
300 2152 382 2193 quod
397 2157 518 2193 gestum
533 2158 581 2182 est
596 2156 702 2182 contra
714 2150 831 2181 Veien-

169 2205 228 2237 tes,
243 2211 340 2242 quum
353 2201 385 2231 in
396 2201 462 2232 acie
472 2200 636 2231 cecidisset
649 2201 689 2237 Q.
700 2200 831 2232 Fabius:

169 2249 241 2280 vide
264 2249 400 2287 Florum,
416 2250 494 2281 libro
510 2249 531 2281 i.
548 2261 616 2292 cap.
638 2251 687 2280 12.
726 2250 830 2280 Histo-

169 2299 248 2330 riam
271 2299 363 2330 refert
384 2299 478 2331 ovid.
498 2299 531 2330 in
551 2301 636 2331 Fast.
652 2299 707 2330 lib.
720 2298 752 2329 ii.
768 2309 832 2330 ver.

172 2349 245 2379 196.
260 2360 329 2391 sqq.

215 2399 246 2429 4.
263 2399 333 2429 Non
348 2399 473 2429 abstulit
487 2410 582 2429 omnes
600 2398 731 2438 Fabios]
759 2399 832 2428 Non

170 2458 293 2490 prorsus
312 2459 419 2479 omnes
441 2448 553 2480 Fabios
576 2448 702 2479 delevit.
742 2448 833 2478 Unus

170 2497 254 2528 enim
268 2507 306 2529 ex
322 2508 360 2529 ea
375 2506 478 2539 gente,
491 2499 530 2529 ob
545 2498 738 2539 impuberem
755 2503 831 2528 aeta-

172 2552 238 2577 tem
263 2546 347 2577 domi
369 2547 504 2584 relictus,
529 2547 712 2589 propagavit
736 2557 833 2587 genus

172 2596 213 2626 ad
237 2597 277 2633 Q.
294 2596 437 2640 Fabium,
459 2597 512 2638 qui
534 2607 619 2626 mora
642 2595 835 2625 Annibalem

172 2644 277 2686 fregit.

218 2696 249 2726 9.
270 2694 413 2735 Viderin]
433 2696 535 2732 Quam
549 2695 706 2735 eleganter
717 2692 836 2723 dictum

173 2745 223 2780 sit,
240 2743 382 2786 plurimis
399 2743 491 2774 docet
506 2743 653 2774 Heinsius
671 2741 833 2783 exemplis.

894 1655 1089 1687 Recentioris
1117 1653 1262 1689 auctoris,
1289 1663 1351 1683 non
1377 1650 1482 1682 Ovidii
1510 1655 1556 1681 est

893 1716 961 1737 voc.
992 1706 1156 1746 notificare,
1185 1702 1267 1744 quod
1294 1711 1417 1732 versum
1453 1699 1556 1731 reddit

894 1760 1087 1796 suspectum.
1136 1754 1242 1790 Quare
1259 1749 1405 1782 Heinsius
1422 1760 1460 1780 ex
1479 1748 1557 1779 duo-

897 1805 955 1835 bus
981 1802 1122 1833 distichis
1150 1812 1247 1832 unum
1283 1798 1461 1830 faciendum
1499 1797 1557 1828 boc

896 1853 986 1883 modo
1002 1858 1121 1882 censet.
1161 1850 1294 1881 Videris:
1318 1849 1429 1878 audebo
1445 1849 1498 1877 tibi
1514 1857 1558 1876 me

895 1903 1041 1942 scripsisse
1055 1901 1168 1942 fizteri.
1207 1899 1326 1929 Audebo
1353 1898 1482 1937 propriis
1510 1898 1558 1926 in—

895 1953 1038 1993 gemuisse
1062 1951 1167 1980 malis:
1198 1948 1265 1979 Aut
1298 1947 1412 1977 Videris
1437 1947 1508 1982 h0c3
1535 1947 1558 1975 si

897 2003 1012 2042 quidem
1028 2002 1082 2031 tibi
1097 2010 1140 2030 me
1155 1997 1407 2039 scripsissefateri
1424 1996 1555 2031 Audebo,

898 2058 926 2082 et
939 2052 1067 2090 propriis
1083 2050 1256 2090 ingemuisse
1272 2048 1367 2076 malis.
1391 2044 1557 2086 Equidem,

899 2101 973 2143 quia
989 2100 1060 2131 cod.
1072 2100 1188 2130 Erfurt.
1201 2097 1422 2138 habetjiztebor
1433 2100 1556 2136 (supra-

899 2150 1013 2192 scripto
1027 2149 1148 2191 fateri)
1175 2148 1324 2188 legerem,
1343 2146 1488 2184 scripsisse
1502 2144 1560 2185 fa-

901 2202 989 2231 tebor.
1037 2200 1158 2229 Audebo
1178 2197 1484 2236 propriis—sequens
1505 2204 1560 2224 au-

901 2256 963 2280 tem
976 2249 1112 2279 delerem
1124 2245 1288 2277 distichon.
1313 2243 1464 2284 Micyllus
1476 2242 1560 2284 prius

901 2297 1057 2328 distichon
1089 2293 1307 2335 interrogative
1342 2292 1428 2332 legit,
1458 2297 1493 2321 ut
1521 2291 1561 2321 sit

902 2347 998 2377 oratio
1023 2344 1206 2379 dubitantis,
1235 2349 1265 2373 et
1290 2341 1440 2384 posterius
1470 2339 1559 2381 quasi

899 2407 954 2438 per
983 2394 1231 2437 subjunctionem
1263 2391 1334 2421 huic
1363 2389 1558 2431 respondeat.

900 2445 1048 2475 HARLEs.

948 2496 996 2525 15.
1019 2494 1160 2523 Hostibus
1186 2493 1215 2521 in
1239 2489 1366 2529 mediis]
1392 2489 1429 2519 In
1451 2487 1563 2518 mediis

903 2543 1003 2578 Getis,
1021 2542 1073 2584 qui
1089 2542 1197 2572 urbem
1213 2540 1371 2570 infestant.

949 2594 998 2622 17.
1033 2591 1073 2621 L't
1097 2591 1248 2632 geminent
1276 2599 1390 2623 causas,
1415 2587 1491 2626 &c.]
1519 2587 1562 2617 L‘t

904 2640 1022 2683 duplici
1045 2649 1139 2670 causa
1163 2645 1192 2669 et
1208 2638 1259 2668 via
1273 2637 1392 2667 lethum
1410 2635 1562 2668 adferant,

906 2692 982 2721 ferro
996 2689 1115 2720 scilicet
1129 2694 1157 2718 et
1176 2698 1304 2718 venetic.

1037 2788 1060 2817 Α
1088 2789 1134 2817 13
