1760 3172
350 173 442 214 EX
475 172 686 214 PONTO
721 172 839 213 LIB.
874 172 965 213 III.
999 172 1191 214 EPIST.
1226 173 1262 213 Ι.

1415 175 1499 215 441

116 288 192 335 Tu
217 288 374 351 glacie
399 289 524 337 freta
547 288 712 336 vincta
736 296 875 335 tenes
895 307 904 344 ;
946 295 995 335 et
1018 288 1067 334 in
1092 304 1290 351 aequore
1314 289 1464 352 piscis

184 364 414 413 Inclusus
438 372 574 413 tecta
598 382 731 429 saepe
756 366 944 413 natavit
969 382 1114 428 aqua.
1440 369 1498 414 16

118 441 164 489 N
170 458 226 490 ec
252 442 343 490 tibi
368 449 483 490 sunt
506 442 683 498 fontes,
710 442 871 489 laticis
897 441 991 488 nisi
1016 458 1156 505 paene
1182 443 1382 500 marini3

184 518 282 574 Qui
307 526 455 583 potus
480 519 684 566 dubium
711 520 853 566 sistat
877 519 1041 566 alatne
1068 518 1216 564 sitim.

118 596 267 652 Rara,
294 613 460 661 neque
484 597 589 644 haec
615 597 751 652 felix,
780 597 828 643 in
854 595 1037 659 apertis
1064 595 1249 642 eminet
1274 595 1399 642 arvis

183 673 372 732 Arb0r3
414 681 465 722 et
489 674 539 720 in
564 681 695 722 terra
719 681 796 721 est
820 674 974 721 altera
997 673 1153 720 forma
1176 673 1339 719 maris.

1438 677 1502 720 20

120 750 236 799 Non
261 751 363 799 avis
389 752 701 815 obloquitur3
744 752 878 798 silvis
904 751 997 798 nisi
1023 751 1063 797 si
1089 766 1190 814 qua
1213 751 1414 797 remotis

185 828 460 892 AEquoreas
483 845 630 876 rauco
656 835 853 891 gutture
880 835 1019 891 potat
1044 844 1216 890 aquas.

118 904 300 953 Tristia
323 922 412 970 per
434 922 616 953 vacuos
643 906 844 953 horrent
869 906 1120 952 absinthia
1141 921 1360 969 campos,

188 982 604 1046 Conveniensque
624 1000 712 1030 suo
738 984 913 1030 messis
940 999 1105 1031 amara
1129 983 1256 1029 loco,

119 1059 266 1107 Adde
290 1067 470 1117 metus,
488 1068 538 1108 et
557 1062 690 1124 quod
717 1078 885 1108 murus
911 1062 1138 1126 pulsatur
1159 1061 1221 1107 ab
1241 1061 1401 1116 hoste,
1440 1063 1502 1106 25

186 1136 465 1200 Tinctaque
489 1137 739 1185 mortifera
762 1139 877 1185 tabe
903 1138 1083 1200 sagitta
1108 1138 1303 1194 madet3

121 1213 268 1268 Quod
286 1215 458 1279 procul
479 1215 585 1262 haec
606 1216 740 1278 regio
760 1223 853 1272 est,
872 1223 921 1263 et
940 1217 1001 1263 ab
1021 1215 1154 1262 omni
1173 1214 1316 1262 devia
1330 1231 1500 1272 cursu3

189 1291 298 1339 Nec
322 1293 451 1357 pede
476 1308 575 1355 quo
601 1293 883 1357 quisquam,
910 1310 1002 1342 nec
1028 1301 1132 1340 rate
1158 1299 1295 1340 tutus
1322 1300 1417 1340 eat.

169 1454 219 1485 15.
243 1453 284 1484 In
306 1465 418 1494 aequore
437 1456 526 1494 piscis
548 1455 712 1496 inclusus]
741 1455 779 1486 In

120 1513 171 1533 ore
195 1501 319 1545 paludis
343 1503 512 1539 Maeoficae,
538 1508 573 1534 ut
598 1509 644 1534 est
673 1510 780 1535 auctor

120 1552 241 1588 Strabo,
257 1556 346 1582 tanta
360 1557 407 1583 est
426 1551 537 1593 glaciei
552 1551 611 1587 vis,
629 1558 664 1583 ut
684 1553 778 1583 desti-

122 1600 181 1631 tuti
192 1600 225 1630 in
239 1600 339 1642 glacie
350 1600 451 1643 pisces
463 1600 618 1642 ligonibus
630 1601 780 1631 effodian-

121 1655 181 1680 tur.

169 1699 219 1729 19.
232 1699 346 1739 Pelian]
362 1699 521 1736 Fecunda,
534 1705 565 1730 et
582 1699 682 1730 serens
698 1699 781 1730 sruc-

121 1754 182 1780 tus.
212 1749 306 1779 MER.
352 1748 510 1779 Adlusum
532 1749 573 1780 ad
596 1749 686 1785 illud,
701 1750 778 1791 iufe-

122 1799 228 1829 licibus
241 1799 409 1828 ustulanda
423 1799 524 1838 lignis.
569 1799 612 1828 D.

166 1848 219 1877 20.
244 1847 285 1877 Et
301 1850 332 1877 in
348 1853 430 1877 terra
441 1853 482 1877 est
494 1848 590 1878 altera
598 1847 704 1889 formu
722 1859 783 1878 mn-

122 1897 192 1937 ris.]
219 1897 333 1927 Sensus
355 1901 421 1928 est:
445 1896 490 1927 ita
510 1896 622 1928 sterilis
637 1903 669 1927 et
683 1907 784 1927 vacua

123 1947 193 1989 ipsa
215 1952 297 1977 terra
315 1951 373 1982 est,
389 1951 425 1976 ut
445 1946 574 1977 formam
594 1957 630 1977 ac
649 1946 784 1988 speciem

123 1995 217 2027 maris
232 1995 425 2027 intuentibus
439 1997 588 2037 praebeat,
603 1996 635 2027 in
649 2006 710 2037 quo
730 2006 782 2026 ne-

124 2056 186 2088 que
199 2046 332 2081 arbores,
343 2055 444 2087 neque
456 2045 557 2086 fruges
567 2046 639 2076 ullae
650 2056 782 2075 nascun—

123 2100 184 2126 tur.
229 2096 303 2125 Non
317 2094 402 2125 enim
420 2093 460 2125 ad
480 2094 642 2136 planitiem
663 2099 783 2125 tantum

124 2143 293 2187 respexisse
308 2149 444 2186 poetam,
461 2143 517 2174 sed
534 2143 573 2174 ad
589 2143 784 2175 sterilitatem

124 2199 156 2226 et
170 2193 359 2224 vacuitatem
374 2193 474 2234 magis
489 2193 642 2224 existimo.

167 2243 220 2274 21.
245 2242 315 2273 Non
330 2244 392 2273 avis
402 2243 571 2282 obloquitur
581 2242 695 2282 silvis.]
721 2243 784 2272 Ex-

125 2303 225 2334 pono:
258 2302 316 2322 nec
345 2291 411 2322 avis
433 2291 500 2322 ulla
528 2291 706 2333 obloquitur
732 2291 784 2321 sil-

126 2342 183 2378 vis,
204 2341 262 2371 hoc
286 2345 345 2377 est,
360 2345 476 2376 cantat,
492 2340 550 2371 nisi
573 2340 598 2370 si
623 2350 686 2381 qua
710 2339 787 2370 forte

126 2390 159 2422 in
171 2389 327 2427 extremis,
341 2395 372 2421 et
385 2391 424 2421 ab
439 2401 498 2420 usu
513 2389 673 2420 hominum
689 2400 787 2419 remo-

126 2439 166 2470 tis
180 2439 277 2476 silvis,
292 2439 351 2470 hoc
369 2444 426 2475 est,
442 2439 475 2469 in
497 2438 717 2469 solitudinibus
734 2448 787 2479 po—

127 2488 223 2520 tando
246 2498 361 2530 aquam
383 2488 545 2524 marinam,
568 2487 633 2518 edit
654 2487 788 2518 sonitum

128 2538 266 2580 aliquem
280 2543 416 2580 gutture.
460 2538 509 2568 Ex
525 2548 586 2579 quo
602 2537 683 2568 illud
696 2537 787 2567 intel-

127 2587 183 2629 ligi
197 2592 290 2629 poeta
303 2586 425 2618 videtur
438 2587 531 2623 velle,
547 2586 649 2617 nullas
663 2585 788 2616 omnino

131 2647 205 2668 aves
219 2636 284 2667 illic
303 2646 381 2672 esse,
396 2641 509 2678 praeter
522 2635 704 2671 maritimas,
720 2645 787 2665 eas—

131 2696 192 2728 que
206 2685 289 2717 circa
302 2691 442 2717 extrema.
455 2685 546 2718 litora
560 2691 592 2717 et
606 2684 789 2716 solitudines

131 2734 256 2766 versari.
284 2735 410 2765 M1cr1„
453 2734 519 2766 Aut
538 2733 718 2775 recipienda
740 2733 788 2764 di—

846 1455 970 1486 stinctio
999 1454 1136 1497 Micylli‚
1159 1459 1213 1484 aut
1236 1452 1322 1483 locus
1347 1457 1507 1494 corruptus

847 1510 893 1535 est
907 1517 912 1534 ε
939 1515 1011 1534 nam
1027 1503 1096 1546 quis
1116 1513 1255 1544 unquam
1270 1501 1347 1532 vidit
1362 1501 1394 1532 in
1408 1512 1507 1532 remo-

848 1554 888 1585 tis
912 1554 997 1584 silvis
1018 1564 1108 1584 avem
1135 1558 1240 1594 potare
1265 1561 1378 1592 aquam
1402 1562 1506 1592 aequo-

848 1614 932 1634 ream
943 1605 954 1632 ’ἲ
999 1609 1029 1633 et
1064 1608 1216 1644 praeterea
1251 1612 1333 1642 saepe
1370 1600 1509 1641 queritur

848 1653 945 1688 Naso,
975 1652 1078 1682 nullas
1106 1652 1228 1682 arbores
1263 1660 1330 1680 esse
1364 1650 1395 1680 in
1429 1650 1508 1685 loco,

848 1701 931 1742 quod
956 1702 1087 1741 egebat,
1114 1710 1209 1741 quare
1233 1710 1290 1740 ego
1314 1699 1440 1729 mallem
1464 1699 1510 1730 le-

848 1761 937 1791 gere:
965 1751 1034 1780 Non
1055 1751 1117 1779 aris
1135 1750 1325 1788 obloquitw·,·
1348 1749 1429 1778 silvis
1452 1750 1510 1778 nisi

849 1802 873 1830 si
889 1812 947 1840 qua
961 1801 1074 1829 *relictis
1091 1800 1253 1839 ⁴Equoreus
1272 1809 1365 1828 rauco
1381 1803 1509 1839 gutture

848 1856 929 1889 potat
945 1860 1049 1889 aquas.
1097 1848 1202 1879 Verba
1218 1847 1272 1877 illa
1287 1850 1404 1877 remotis
1417 1852 1447 1878 et
1464 1858 1509 1877 re-

852 1900 931 1929 lictis
945 1909 1028 1939 saepe
1044 1897 1183 1929 confusa.
1228 1896 1426 1937 Relinquunt
1439 1907 1510 1927 vero

851 1948 944 1978 silvas
959 1954 990 1978 et
1005 1947 1238 1978 Mediterranea
1250 1957 1324 1977 aves
1338 1946 1448 1987 frigore
1463 1946 1509 1976 in-

850 2003 990 2038 gruente,
1001 2004 1035 2027 ut
1046 1995 1139 2026 maris
1154 2006 1280 2037 aquam,
1293 2006 1362 2036 quae
1373 2005 1435 2025 non
1446 2002 1511 2026 tam

851 2045 912 2076 cito
928 2044 1263 2086 congelascit,bibant,
1309 2045 1425 2075 Bunm.

894 2096 946 2126 23.
973 2096 1083 2125 Tristia
1099 2094 1274 2134 absinthia]
1302 2094 1426 2124 Amarae
1448 2093 1508 2124 illae

851 2144 966 2181 herbae,
990 2155 1120 2185 quarum
1143 2143 1232 2184 copia
1254 2143 1389 2173 maxima
1412 2148 1458 2173 est
1481 2143 1513 2174 in

852 2193 962 2225 Ponto,
994 2194 1034 2224 Et
1050 2193 1144 2223 Ovid.
1157 2192 1252 2223 etiam
1267 2191 1383 2228 scribit,
1399 2192 1511 2223 herbas

852 2242 1011 2274 veneficiis
1027 2248 1115 2283 aptas
1130 2241 1163 2271 in
1175 2242 1275 2271 Ponto
1293 2240 1390 2271 lectas
1406 2240 1512 2271 fuisse.

854 2293 1000 2323 Horrent.
1045 2289 1179 2321 Horrida
1200 2289 1353 2325 videntur,
1369 2290 1513 2331 squalida

853 2348 884 2373 et
907 2342 1036 2372 inculta.
1083 2341 1144 2370 Per
1158 2351 1272 2379 campos
1293 2350 1408 2370 vacuos.
1453 2340 1512 2370 Per

854 2401 979 2432 campos
994 2390 1059 2420 sine
1073 2389 1146 2420 ullis
1160 2389 1328 2419 arboribus.

897 2441 950 2472 24.
976 2440 1158 2469 Conveniens
1173 2449 1224 2468 suo
1246 2438 1332 2477 loca]
1358 2438 1512 2469 Conveni-

855 2499 911 2520 ens
926 2487 1042 2529 regioni
1058 2487 1198 2517 Ponticae
1213 2487 1425 2517 infructuosae.

898 2540 950 2569 25.
975 2537 1113 2577 Murus]
1141 2536 1296 2577 Lapideus
1310 2536 1512 2566 ambitusTo-

855 2587 980 2617 mitanae
995 2585 1141 2617 civitatis.

898 2637 950 2667 27.
983 2636 1023 2666 Et
1046 2636 1082 2665 ab
1104 2636 1181 2664 omni
1205 2635 1291 2664 (levia
1313 2632 1431 2673 curma]
1474 2634 1514 2664 Et

856 2689 975 2716 remota
1003 2685 1041 2715 ab
1066 2684 1150 2714 omni
1177 2682 1392 2723 navigatione:
1424 2693 1513 2712 nemo

857 2734 939 2765 enim
966 2734 1028 2765 fere
1058 2732 1184 2773 navigat
1213 2731 1245 2762 in
1271 2731 1399 2773 plagam
1426 2730 1512 2762 illam
