<?xml version="1.0" encoding="UTF-8"?>
<!DOCTYPE html PUBLIC "-//W3C//DTD XHTML 1.0 Transitional//EN"
    "http://www.w3.org/TR/xhtml1/DTD/xhtml1-transitional.dtd">
<html xmlns="http://www.w3.org/1999/xhtml" xml:lang="en" lang="en">
 <head>
  <title>
</title>
<meta http-equiv="Content-Type" content="text/html;charset=utf-8" />
  <meta name='ocr-system' content='tesseract 3.04.00' />
  <meta name='ocr-capabilities' content='ocr_page ocr_carea ocr_par ocr_line ocrx_word'/>
</head>
<body>
  <div class='ocr_page' id='page_1' title='image "./povidiinasonisop02oviduoft_0518.png"; bbox 0 0 1760 3172; ppageno 0'>
   <div class='ocr_carea' id='block_1_1' title="bbox 253 158 338 201">
    <p class='ocr_par' dir='ltr' id='par_1_1' title="bbox 253 158 338 201">
     <span class='ocr_line' id='line_1_1' title="bbox 253 158 338 201; baseline 0.035 -3"><span class='ocrx_word' id='word_1_1' title='bbox 253 158 338 201; x_wconf 75' lang='lat'>508</span> 
     </span>
    </p>
   </div>
   <div class='ocr_carea' id='block_1_2' title="bbox 643 157 1260 201">
    <p class='ocr_par' dir='ltr' id='par_1_2' title="bbox 643 157 1260 201">
     <span class='ocr_line' id='line_1_2' title="bbox 643 157 1260 201; baseline 0.003 -2"><span class='ocrx_word' id='word_1_2' title='bbox 643 158 695 199; x_wconf 92' lang='grc' dir='ltr'>Ρ.</span> <span class='ocrx_word' id='word_1_3' title='bbox 730 157 944 200; x_wconf 92' lang='lat' dir='ltr'>OVIDII</span> <span class='ocrx_word' id='word_1_4' title='bbox 979 158 1260 201; x_wconf 90' lang='lat' dir='ltr'>NASONIS</span> 
     </span>
    </p>
   </div>
   <div class='ocr_carea' id='block_1_3' title="bbox 257 273 1641 337">
    <p class='ocr_par' dir='ltr' id='par_1_3' title="bbox 257 273 1641 337">
     <span class='ocr_line' id='line_1_3' title="bbox 257 273 1641 337; baseline 0 -16"><span class='ocrx_word' id='word_1_5' title='bbox 257 273 353 328; x_wconf 86' lang='lat' dir='ltr'>Qui</span> <span class='ocrx_word' id='word_1_6' title='bbox 370 288 657 337; x_wconf 81' lang='lat' dir='ltr'>quanquam</span> <span class='ocrx_word' id='word_1_7' title='bbox 677 282 755 325; x_wconf 80' lang='lat' dir='ltr'>est</span> <span class='ocrx_word' id='word_1_8' title='bbox 769 273 960 337; x_wconf 83' lang='lat' dir='ltr'>ingenS,</span> <span class='ocrx_word' id='word_1_9' title='bbox 979 281 1029 322; x_wconf 90' lang='lat' dir='ltr'>et</span> <span class='ocrx_word' id='word_1_10' title='bbox 1043 275 1233 322; x_wconf 91' lang='lat' dir='ltr'>nullum</span> <span class='ocrx_word' id='word_1_11' title='bbox 1250 273 1435 322; x_wconf 83' lang='lat' dir='ltr'>Martia</span> <span class='ocrx_word' id='word_1_12' title='bbox 1449 289 1641 322; x_wconf 85' lang='lat' dir='ltr'>summo</span> 
     </span>
    </p>
   </div>
   <div class='ocr_carea' id='block_1_4' title="bbox 324 350 1373 414">
    <p class='ocr_par' dir='ltr' id='par_1_4' title="bbox 324 350 1373 414">
     <span class='ocr_line' id='line_1_4' title="bbox 324 350 1373 414; baseline 0 -16"><span class='ocrx_word' id='word_1_13' title='bbox 324 351 488 398; x_wconf 89' lang='lat' dir='ltr'>Altius</span> <span class='ocrx_word' id='word_1_14' title='bbox 514 350 774 414; x_wconf 86' lang='lat' dir='ltr'>imperium</span> <span class='ocrx_word' id='word_1_15' title='bbox 796 353 999 399; x_wconf 88' lang='lat' dir='ltr'>consule</span> <span class='ocrx_word' id='word_1_16' title='bbox 1026 352 1189 399; x_wconf 86' lang='lat' dir='ltr'>Roma</span> <span class='ocrx_word' id='word_1_17' title='bbox 1211 351 1373 409; x_wconf 88' lang='lat' dir='ltr'>videt;</span> 
     </span>
    </p>
   </div>
   <div class='ocr_carea' id='block_1_5' title="bbox 1578 353 1641 398">
    <p class='ocr_par' dir='ltr' id='par_1_5' title="bbox 1578 353 1641 398">
     <span class='ocr_line' id='line_1_5' title="bbox 1578 353 1641 398; baseline -0.016 0"><span class='ocrx_word' id='word_1_18' title='bbox 1578 353 1641 398; x_wconf 89' lang='grc'>66</span> 
     </span>
    </p>
   </div>
   <div class='ocr_carea' id='block_1_6' title="bbox 256 427 1639 647">
    <p class='ocr_par' dir='ltr' id='par_1_6' title="bbox 256 427 1639 647">
     <span class='ocr_line' id='line_1_6' title="bbox 258 427 1639 492; baseline -0.001 -17"><span class='ocrx_word' id='word_1_19' title='bbox 258 427 564 492; x_wconf 84' lang='lat' dir='ltr'>Multiplicat</span> <span class='ocrx_word' id='word_1_20' title='bbox 580 435 746 476; x_wconf 85' lang='lat' dir='ltr'>tamen</span> <span class='ocrx_word' id='word_1_21' title='bbox 766 429 897 476; x_wconf 88' lang='lat' dir='ltr'>hune</span> <span class='ocrx_word' id='word_1_22' title='bbox 919 429 1133 491; x_wconf 83' lang='lat' dir='ltr'>gravitas</span> <span class='ocrx_word' id='word_1_23' title='bbox 1154 429 1370 476; x_wconf 88' lang='lat' dir='ltr'>auctoris</span> <span class='ocrx_word' id='word_1_24' title='bbox 1386 431 1639 482; x_wconf 77' lang='lat' dir='ltr'>honorem,</span> 
     </span>
     <span class='ocr_line' id='line_1_7' title="bbox 325 504 1352 568; baseline 0.001 -17"><span class='ocrx_word' id='word_1_25' title='bbox 325 504 391 552; x_wconf 90' lang='lat' dir='ltr'>Et</span> <span class='ocrx_word' id='word_1_26' title='bbox 414 506 726 568; x_wconf 83' lang='lat' dir='ltr'>majestatem</span> <span class='ocrx_word' id='word_1_27' title='bbox 752 522 830 553; x_wconf 87' lang='lat' dir='ltr'>res</span> <span class='ocrx_word' id='word_1_28' title='bbox 856 506 973 553; x_wconf 81' lang='lat' dir='ltr'>data</span> <span class='ocrx_word' id='word_1_29' title='bbox 997 506 1160 553; x_wconf 79' lang='lat' dir='ltr'>dantis</span> <span class='ocrx_word' id='word_1_30' title='bbox 1185 506 1352 553; x_wconf 86' lang='lat' dir='ltr'>habet.</span> 
     </span>
     <span class='ocr_line' id='line_1_8' title="bbox 256 582 1341 647; baseline 0 -18"><span class='ocrx_word' id='word_1_31' title='bbox 256 583 285 629; x_wconf 93' lang='lat' dir='ltr'><strong>J</strong></span> <span class='ocrx_word' id='word_1_32' title='bbox 292 583 467 629; x_wconf 87' lang='lat' dir='ltr'>udiciis</span> <span class='ocrx_word' id='word_1_33' title='bbox 492 582 641 645; x_wconf 88' lang='lat' dir='ltr'>igitur</span> <span class='ocrx_word' id='word_1_34' title='bbox 665 583 815 631; x_wconf 82' lang='lat' dir='ltr'>liceat</span> <span class='ocrx_word' id='word_1_35' title='bbox 841 583 1124 647; x_wconf 80' lang='lat' dir='ltr'>Flaccoque</span> <span class='ocrx_word' id='word_1_36' title='bbox 1149 583 1341 646; x_wconf 91' lang='lat' dir='ltr'>tibique</span> 
     </span>
    </p>
   </div>
   <div class='ocr_carea' id='block_1_7' title="bbox 324 659 1374 725">
    <p class='ocr_par' dir='ltr' id='par_1_7' title="bbox 324 659 1374 725">
     <span class='ocr_line' id='line_1_9' title="bbox 324 659 1374 725; baseline 0.001 -19"><span class='ocrx_word' id='word_1_37' title='bbox 324 659 529 707; x_wconf 79' lang='lat' dir='ltr'>Talibus</span> <span class='ocrx_word' id='word_1_38' title='bbox 555 659 768 723; x_wconf 83' lang='lat' dir='ltr'>Augusti</span> <span class='ocrx_word' id='word_1_39' title='bbox 793 668 991 725; x_wconf 86' lang='lat' dir='ltr'>tempus</span> <span class='ocrx_word' id='word_1_40' title='bbox 1016 661 1067 708; x_wconf 92' lang='lat' dir='ltr'>in</span> <span class='ocrx_word' id='word_1_41' title='bbox 1092 677 1237 709; x_wconf 90' lang='lat' dir='ltr'>omne</span> <span class='ocrx_word' id='word_1_42' title='bbox 1264 661 1374 707; x_wconf 88' lang='lat' dir='ltr'>frui.</span> 
     </span>
    </p>
   </div>
   <div class='ocr_carea' id='block_1_8' title="bbox 1580 663 1643 706">
    <p class='ocr_par' dir='ltr' id='par_1_8' title="bbox 1580 663 1643 706">
     <span class='ocr_line' id='line_1_10' title="bbox 1580 663 1643 706; baseline 0 0"><span class='ocrx_word' id='word_1_43' title='bbox 1580 663 1643 706; x_wconf 88' lang='lat'>70</span> 
     </span>
    </p>
   </div>
   <div class='ocr_carea' id='block_1_9' title="bbox 258 736 1641 1419">
    <p class='ocr_par' dir='ltr' id='par_1_9' title="bbox 258 736 1641 1419">
     <span class='ocr_line' id='line_1_11' title="bbox 260 736 1394 802; baseline 0.001 -19"><span class='ocrx_word' id='word_1_44' title='bbox 260 736 330 783; x_wconf 92' lang='lat' dir='ltr'>Ut</span> <span class='ocrx_word' id='word_1_45' title='bbox 353 744 521 784; x_wconf 87' lang='lat' dir='ltr'>tamen</span> <span class='ocrx_word' id='word_1_46' title='bbox 547 753 574 784; x_wconf 84' lang='lat' dir='ltr'>a</span> <span class='ocrx_word' id='word_1_47' title='bbox 599 753 760 784; x_wconf 87' lang='lat' dir='ltr'>rerum</span> <span class='ocrx_word' id='word_1_48' title='bbox 785 754 904 786; x_wconf 86' lang='lat' dir='ltr'>cura</span> <span class='ocrx_word' id='word_1_49' title='bbox 927 738 1156 802; x_wconf 89' lang='lat' dir='ltr'>propiore</span> <span class='ocrx_word' id='word_1_50' title='bbox 1180 738 1394 793; x_wconf 85' lang='lat' dir='ltr'>vacabit,</span> 
     </span>
     <span class='ocr_line' id='line_1_12' title="bbox 323 814 1345 878; baseline 0.002 -18"><span class='ocrx_word' id='word_1_51' title='bbox 323 814 455 861; x_wconf 84' lang='lat' dir='ltr'>Vota</span> <span class='ocrx_word' id='word_1_52' title='bbox 478 830 652 878; x_wconf 83' lang='lat' dir='ltr'>precor</span> <span class='ocrx_word' id='word_1_53' title='bbox 675 816 799 863; x_wconf 87' lang='lat' dir='ltr'>votis</span> <span class='ocrx_word' id='word_1_54' title='bbox 826 816 992 864; x_wconf 88' lang='lat' dir='ltr'>addite</span> <span class='ocrx_word' id='word_1_55' title='bbox 1016 823 1180 864; x_wconf 80' lang='lat' dir='ltr'>vestra</span> <span class='ocrx_word' id='word_1_56' title='bbox 1204 816 1345 863; x_wconf 90' lang='lat' dir='ltr'>meis.</span> 
     </span>
     <span class='ocr_line' id='line_1_13' title="bbox 259 890 1551 954; baseline 0 -16"><span class='ocrx_word' id='word_1_57' title='bbox 259 890 342 947; x_wconf 88' lang='lat' dir='ltr'>Et,</span> <span class='ocrx_word' id='word_1_58' title='bbox 363 891 402 938; x_wconf 84' lang='lat' dir='ltr'>si</span> <span class='ocrx_word' id='word_1_59' title='bbox 429 907 580 954; x_wconf 89' lang='lat' dir='ltr'>quem</span> <span class='ocrx_word' id='word_1_60' title='bbox 599 893 740 939; x_wconf 84' lang='lat' dir='ltr'>dabit</span> <span class='ocrx_word' id='word_1_61' title='bbox 764 909 883 940; x_wconf 85' lang='lat' dir='ltr'>aura</span> <span class='ocrx_word' id='word_1_62' title='bbox 906 892 1085 949; x_wconf 89' lang='lat' dir='ltr'>sinum,</span> <span class='ocrx_word' id='word_1_63' title='bbox 1112 893 1278 940; x_wconf 83' lang='lat' dir='ltr'>laxate</span> <span class='ocrx_word' id='word_1_64' title='bbox 1299 891 1551 947; x_wconf 85' lang='lat' dir='ltr'>rudentes,</span> 
     </span>
     <span class='ocr_line' id='line_1_14' title="bbox 325 967 1323 1033; baseline 0.002 -19"><span class='ocrx_word' id='word_1_65' title='bbox 325 967 490 1015; x_wconf 81' lang='lat' dir='ltr'>Exeat</span> <span class='ocrx_word' id='word_1_66' title='bbox 514 985 540 1016; x_wconf 92' lang='lat' dir='ltr'>e</span> <span class='ocrx_word' id='word_1_67' title='bbox 569 969 758 1033; x_wconf 82' lang='lat' dir='ltr'>Stygiis</span> <span class='ocrx_word' id='word_1_68' title='bbox 784 976 840 1016; x_wconf 90' lang='lat' dir='ltr'>ut</span> <span class='ocrx_word' id='word_1_69' title='bbox 864 986 976 1017; x_wconf 82' lang='lat' dir='ltr'>mea</span> <span class='ocrx_word' id='word_1_70' title='bbox 998 969 1137 1017; x_wconf 87' lang='lat' dir='ltr'>navis</span> <span class='ocrx_word' id='word_1_71' title='bbox 1163 969 1323 1033; x_wconf 85' lang='lat' dir='ltr'>aquis.</span> 
     </span>
     <span class='ocr_line' id='line_1_15' title="bbox 258 1044 1621 1103; baseline 0 -13"><span class='ocrx_word' id='word_1_72' title='bbox 258 1044 466 1092; x_wconf 85' lang='lat' dir='ltr'>Praefuit</span> <span class='ocrx_word' id='word_1_73' title='bbox 488 1045 581 1102; x_wconf 86' lang='lat' dir='ltr'>his,</span> <span class='ocrx_word' id='word_1_74' title='bbox 602 1046 847 1103; x_wconf 86' lang='lat' dir='ltr'>Graecine,</span> <span class='ocrx_word' id='word_1_75' title='bbox 874 1046 996 1094; x_wconf 90' lang='lat' dir='ltr'>locis</span> <span class='ocrx_word' id='word_1_76' title='bbox 1021 1047 1169 1094; x_wconf 90' lang='lat' dir='ltr'>modo</span> <span class='ocrx_word' id='word_1_77' title='bbox 1196 1046 1432 1103; x_wconf 84' lang='lat' dir='ltr'>Flaccus;</span> <span class='ocrx_word' id='word_1_78' title='bbox 1463 1052 1514 1092; x_wconf 89' lang='lat' dir='ltr'>et</span> <span class='ocrx_word' id='word_1_79' title='bbox 1536 1044 1621 1091; x_wconf 86' lang='lat' dir='ltr'>illo</span> 
     </span>
     <span class='ocr_line' id='line_1_16' title="bbox 325 1121 1641 1186; baseline -0.001 -18"><span class='ocrx_word' id='word_1_80' title='bbox 325 1121 459 1186; x_wconf 86' lang='lat' dir='ltr'>Ripa</span> <span class='ocrx_word' id='word_1_81' title='bbox 481 1122 620 1170; x_wconf 88' lang='lat' dir='ltr'>ferox</span> <span class='ocrx_word' id='word_1_82' title='bbox 648 1123 763 1171; x_wconf 90' lang='lat' dir='ltr'>Istri</span> <span class='ocrx_word' id='word_1_83' title='bbox 784 1124 876 1171; x_wconf 91' lang='lat' dir='ltr'>sub</span> <span class='ocrx_word' id='word_1_84' title='bbox 902 1124 1030 1171; x_wconf 90' lang='lat' dir='ltr'>duce</span> <span class='ocrx_word' id='word_1_85' title='bbox 1054 1130 1164 1170; x_wconf 86' lang='lat' dir='ltr'>tuta</span> <span class='ocrx_word' id='word_1_86' title='bbox 1186 1123 1294 1171; x_wconf 91' lang='lat' dir='ltr'>fuit.</span> <span class='ocrx_word' id='word_1_87' title='bbox 1580 1124 1641 1168; x_wconf 87' lang='grc'>76</span> 
     </span>
     <span class='ocr_line' id='line_1_17' title="bbox 259 1198 1354 1266; baseline 0.003 -21"><span class='ocrx_word' id='word_1_88' title='bbox 259 1198 357 1246; x_wconf 85' lang='lat' dir='ltr'>Hie</span> <span class='ocrx_word' id='word_1_89' title='bbox 383 1201 544 1247; x_wconf 88' lang='lat' dir='ltr'>tenuit</span> <span class='ocrx_word' id='word_1_90' title='bbox 568 1200 744 1265; x_wconf 84' lang='lat' dir='ltr'>Mysas</span> <span class='ocrx_word' id='word_1_91' title='bbox 771 1209 947 1264; x_wconf 80' lang='lat' dir='ltr'>gentes</span> <span class='ocrx_word' id='word_1_92' title='bbox 969 1201 1020 1248; x_wconf 91' lang='lat' dir='ltr'>in</span> <span class='ocrx_word' id='word_1_93' title='bbox 1042 1218 1168 1266; x_wconf 86' lang='lat' dir='ltr'>pace</span> <span class='ocrx_word' id='word_1_94' title='bbox 1192 1201 1354 1258; x_wconf 88' lang='lat' dir='ltr'>fideli;</span> 
     </span>
     <span class='ocr_line' id='line_1_18' title="bbox 324 1275 1240 1327; baseline 0.004 -5"><span class='ocrx_word' id='word_1_95' title='bbox 324 1275 422 1324; x_wconf 87' lang='lat' dir='ltr'>Hie</span> <span class='ocrx_word' id='word_1_96' title='bbox 441 1293 558 1324; x_wconf 84' lang='lat' dir='ltr'>areu</span> <span class='ocrx_word' id='word_1_97' title='bbox 581 1278 698 1326; x_wconf 86' lang='lat' dir='ltr'>fisos</span> <span class='ocrx_word' id='word_1_98' title='bbox 723 1279 898 1326; x_wconf 87' lang='lat' dir='ltr'>terruit</span> <span class='ocrx_word' id='word_1_99' title='bbox 921 1294 1040 1327; x_wconf 90' lang='lat' dir='ltr'>ense</span> <span class='ocrx_word' id='word_1_100' title='bbox 1067 1279 1240 1327; x_wconf 82' lang='lat' dir='ltr'>Getas.</span> 
     </span>
     <span class='ocr_line' id='line_1_19' title="bbox 260 1352 1446 1419; baseline 0.002 -19"><span class='ocrx_word' id='word_1_101' title='bbox 260 1352 356 1401; x_wconf 88' lang='lat' dir='ltr'>Hie</span> <span class='ocrx_word' id='word_1_102' title='bbox 382 1361 581 1419; x_wconf 84' lang='lat' dir='ltr'>captam</span> <span class='ocrx_word' id='word_1_103' title='bbox 607 1354 838 1402; x_wconf 81' lang='lat' dir='ltr'>Trosmin</span> <span class='ocrx_word' id='word_1_104' title='bbox 862 1356 1012 1404; x_wconf 88' lang='lat' dir='ltr'>celeri</span> <span class='ocrx_word' id='word_1_105' title='bbox 1035 1356 1215 1404; x_wconf 89' lang='lat' dir='ltr'>virtute</span> <span class='ocrx_word' id='word_1_106' title='bbox 1239 1354 1446 1419; x_wconf 88' lang='lat' dir='ltr'>recepit,</span> 
     </span>
    </p>
   </div>
   <div class='ocr_carea' id='block_1_10' title="bbox 324 1431 1328 1498">
    <p class='ocr_par' dir='ltr' id='par_1_10' title="bbox 324 1431 1328 1498">
     <span class='ocr_line' id='line_1_20' title="bbox 324 1431 1328 1498; baseline 0.002 -20"><span class='ocrx_word' id='word_1_107' title='bbox 324 1431 606 1496; x_wconf 87' lang='lat' dir='ltr'>Infecitque</span> <span class='ocrx_word' id='word_1_108' title='bbox 630 1432 732 1481; x_wconf 85' lang='lat' dir='ltr'>fero</span> <span class='ocrx_word' id='word_1_109' title='bbox 759 1435 998 1498; x_wconf 87' lang='lat' dir='ltr'>sanguine</span> <span class='ocrx_word' id='word_1_110' title='bbox 1023 1434 1328 1482; x_wconf 81' lang='lat' dir='ltr'>Danubium.</span> 
     </span>
    </p>
   </div>
   <div class='ocr_carea' id='block_1_11' title="bbox 255 1581 916 1722">
    <p class='ocr_par' dir='ltr' id='par_1_11' title="bbox 255 1581 916 1722">
     <span class='ocr_line' id='line_1_21' title="bbox 299 1581 915 1626; baseline 0.006 -14"><span class='ocrx_word' id='word_1_111' title='bbox 299 1581 354 1613; x_wconf 88' lang='grc'>68.</span> <span class='ocrx_word' id='word_1_112' title='bbox 385 1582 575 1623; x_wconf 75' lang='lat' dir='ltr'>Majestatem</span> <span class='ocrx_word' id='word_1_113' title='bbox 601 1585 730 1625; x_wconf 64' lang='lat' dir='ltr'>dantis]</span> <span class='ocrx_word' id='word_1_114' title='bbox 768 1584 915 1626; x_wconf 82' lang='lat' dir='ltr'>Augusti,</span> 
     </span>
     <span class='ocr_line' id='line_1_22' title="bbox 255 1630 846 1675; baseline 0.007 -14"><span class='ocrx_word' id='word_1_115' title='bbox 255 1631 308 1672; x_wconf 89' lang='lat' dir='ltr'>qui</span> <span class='ocrx_word' id='word_1_116' title='bbox 325 1630 382 1662; x_wconf 86' lang='lat' dir='ltr'>tibi</span> <span class='ocrx_word' id='word_1_117' title='bbox 398 1631 511 1664; x_wconf 88' lang='lat' dir='ltr'>detulit</span> <span class='ocrx_word' id='word_1_118' title='bbox 525 1633 608 1664; x_wconf 89' lang='lat' dir='ltr'>hunc</span> <span class='ocrx_word' id='word_1_119' title='bbox 618 1634 846 1675; x_wconf 82' lang='lat' dir='ltr'>magistratum.</span> 
     </span>
     <span class='ocr_line' id='line_1_23' title="bbox 300 1680 916 1722; baseline 0.006 -12"><span class='ocrx_word' id='word_1_120' title='bbox 300 1680 352 1712; x_wconf 87' lang='lat'>69.</span> <span class='ocrx_word' id='word_1_121' title='bbox 369 1681 397 1710; x_wconf 88' lang='lat' dir='ltr'><strong><em>F</em></strong></span> <span class='ocrx_word' id='word_1_122' title='bbox 398 1681 561 1722; x_wconf 51' lang='lat' dir='ltr'>laevoque]</span> <span class='ocrx_word' id='word_1_123' title='bbox 586 1683 628 1713; x_wconf 86' lang='lat' dir='ltr'>Et</span> <span class='ocrx_word' id='word_1_124' title='bbox 647 1683 733 1713; x_wconf 80' lang='lat' dir='ltr'>fratri</span> <span class='ocrx_word' id='word_1_125' title='bbox 752 1688 804 1714; x_wconf 86' lang='lat' dir='ltr'>tuo</span> <span class='ocrx_word' id='word_1_126' title='bbox 825 1683 916 1714; x_wconf 87' lang='lat' dir='ltr'>Flac-</span> 
     </span>
    </p>
   </div>
   <div class='ocr_carea' id='block_1_12' title="bbox 256 1730 918 2756">
    <p class='ocr_par' dir='ltr' id='par_1_12' title="bbox 256 1730 918 1821">
     <span class='ocr_line' id='line_1_24' title="bbox 256 1730 918 1773; baseline 0.006 -14"><span class='ocrx_word' id='word_1_127' title='bbox 256 1739 303 1766; x_wconf 89' lang='lat' dir='ltr'>co,</span> <span class='ocrx_word' id='word_1_128' title='bbox 328 1740 422 1771; x_wconf 90' lang='lat' dir='ltr'>quem</span> <span class='ocrx_word' id='word_1_129' title='bbox 449 1730 612 1772; x_wconf 85' lang='lat' dir='ltr'>Augustus</span> <span class='ocrx_word' id='word_1_130' title='bbox 640 1731 770 1773; x_wconf 85' lang='lat' dir='ltr'>dignum</span> <span class='ocrx_word' id='word_1_131' title='bbox 797 1732 918 1764; x_wconf 90' lang='lat' dir='ltr'>censuit</span> 
     </span>
     <span class='ocr_line' id='line_1_25' title="bbox 257 1779 504 1821; baseline 0.008 -12"><span class='ocrx_word' id='word_1_132' title='bbox 257 1789 294 1809; x_wconf 86' lang='lat' dir='ltr'>eo</span> <span class='ocrx_word' id='word_1_133' title='bbox 307 1779 504 1821; x_wconf 83' lang='lat' dir='ltr'>magistratu.</span> 
     </span>
    </p>

    <p class='ocr_par' dir='ltr' id='par_1_13' title="bbox 256 1829 918 2301">
     <span class='ocr_line' id='line_1_26' title="bbox 303 1829 916 1871; baseline 0.003 -13"><span class='ocrx_word' id='word_1_134' title='bbox 303 1829 354 1859; x_wconf 88' lang='lat'>73.</span> <span class='ocrx_word' id='word_1_135' title='bbox 371 1829 466 1860; x_wconf 84' lang='lat' dir='ltr'>Dabit</span> <span class='ocrx_word' id='word_1_136' title='bbox 481 1830 609 1871; x_wconf 64' lang='lat' dir='ltr'>simum]</span> <span class='ocrx_word' id='word_1_137' title='bbox 623 1830 849 1861; x_wconf 84' lang='lat' dir='ltr'>Inflabitvela:</span> <span class='ocrx_word' id='word_1_138' title='bbox 866 1830 916 1862; x_wconf 87' lang='lat' dir='ltr'>vel</span> 
     </span>
     <span class='ocr_line' id='line_1_27' title="bbox 258 1877 917 1922; baseline 0.006 -15"><span class='ocrx_word' id='word_1_139' title='bbox 258 1877 283 1907; x_wconf 90' lang='lat' dir='ltr'>si</span> <span class='ocrx_word' id='word_1_140' title='bbox 307 1878 478 1909; x_wconf 87' lang='lat' dir='ltr'>ostenderit</span> <span class='ocrx_word' id='word_1_141' title='bbox 500 1889 532 1909; x_wconf 91' lang='lat' dir='ltr'>se</span> <span class='ocrx_word' id='word_1_142' title='bbox 553 1880 768 1921; x_wconf 83' lang='lat' dir='ltr'>opportunitas</span> <span class='ocrx_word' id='word_1_143' title='bbox 793 1886 824 1911; x_wconf 83' lang='lat' dir='ltr'>et</span> <span class='ocrx_word' id='word_1_144' title='bbox 846 1890 917 1922; x_wconf 88' lang='lat' dir='ltr'>spes</span> 
     </span>
     <span class='ocr_line' id='line_1_28' title="bbox 258 1926 917 1969; baseline 0.005 -13"><span class='ocrx_word' id='word_1_145' title='bbox 258 1926 378 1968; x_wconf 82' lang='lat' dir='ltr'>aliquid</span> <span class='ocrx_word' id='word_1_146' title='bbox 394 1927 591 1969; x_wconf 84' lang='lat' dir='ltr'>impetrandi.</span> <span class='ocrx_word' id='word_1_147' title='bbox 636 1929 705 1959; x_wconf 89' lang='lat' dir='ltr'>Hoc</span> <span class='ocrx_word' id='word_1_148' title='bbox 720 1935 778 1965; x_wconf 86' lang='lat' dir='ltr'>est,</span> <span class='ocrx_word' id='word_1_149' title='bbox 790 1929 815 1959; x_wconf 87' lang='lat' dir='ltr'>si</span> <span class='ocrx_word' id='word_1_150' title='bbox 830 1929 917 1960; x_wconf 86' lang='lat' dir='ltr'>vide-</span> 
     </span>
     <span class='ocr_line' id='line_1_29' title="bbox 258 1974 917 2019; baseline 0.006 -14"><span class='ocrx_word' id='word_1_151' title='bbox 258 1974 300 2005; x_wconf 84' lang='lat' dir='ltr'>ris</span> <span class='ocrx_word' id='word_1_152' title='bbox 319 1975 536 2018; x_wconf 83' lang='lat' dir='ltr'>imperatorem</span> <span class='ocrx_word' id='word_1_153' title='bbox 558 1977 716 2008; x_wconf 84' lang='lat' dir='ltr'>Tiberium</span> <span class='ocrx_word' id='word_1_154' title='bbox 742 1983 772 2009; x_wconf 88' lang='lat' dir='ltr'>te</span> <span class='ocrx_word' id='word_1_155' title='bbox 794 1977 917 2019; x_wconf 87' lang='lat' dir='ltr'>placide</span> 
     </span>
     <span class='ocr_line' id='line_1_30' title="bbox 259 2024 918 2067; baseline 0.005 -13"><span class='ocrx_word' id='word_1_156' title='bbox 259 2024 366 2055; x_wconf 91' lang='lat' dir='ltr'>audire</span> <span class='ocrx_word' id='word_1_157' title='bbox 395 2025 573 2066; x_wconf 86' lang='lat' dir='ltr'>loquentem</span> <span class='ocrx_word' id='word_1_158' title='bbox 607 2036 663 2067; x_wconf 88' lang='lat' dir='ltr'>pro</span> <span class='ocrx_word' id='word_1_159' title='bbox 690 2037 752 2057; x_wconf 89' lang='lat' dir='ltr'>me.</span> <span class='ocrx_word' id='word_1_160' title='bbox 802 2028 918 2058; x_wconf 67' lang='lat' dir='ltr'>Lazate</span> 
     </span>
     <span class='ocr_line' id='line_1_31' title="bbox 256 2075 916 2117; baseline 0.005 -14"><span class='ocrx_word' id='word_1_161' title='bbox 256 2075 408 2105; x_wconf 70' lang='lat' dir='ltr'>rudentes.</span> <span class='ocrx_word' id='word_1_162' title='bbox 442 2075 487 2106; x_wconf 90' lang='lat' dir='ltr'>Eo</span> <span class='ocrx_word' id='word_1_163' title='bbox 512 2075 629 2106; x_wconf 87' lang='lat' dir='ltr'>flectite</span> <span class='ocrx_word' id='word_1_164' title='bbox 652 2075 764 2117; x_wconf 88' lang='lat' dir='ltr'>pedem</span> <span class='ocrx_word' id='word_1_165' title='bbox 787 2080 819 2106; x_wconf 86' lang='lat' dir='ltr'>et</span> <span class='ocrx_word' id='word_1_166' title='bbox 833 2076 916 2106; x_wconf 87' lang='lat' dir='ltr'>vela.</span> 
     </span>
     <span class='ocr_line' id='line_1_32' title="bbox 257 2123 918 2166; baseline 0.003 -13"><span class='ocrx_word' id='word_1_167' title='bbox 257 2123 366 2154; x_wconf 83' lang='lat' dir='ltr'>Solent</span> <span class='ocrx_word' id='word_1_168' title='bbox 379 2124 462 2154; x_wconf 86' lang='lat' dir='ltr'>enim</span> <span class='ocrx_word' id='word_1_169' title='bbox 477 2130 582 2155; x_wconf 79' lang='lat' dir='ltr'>nautae</span> <span class='ocrx_word' id='word_1_170' title='bbox 596 2124 784 2166; x_wconf 87' lang='lat' dir='ltr'>quandoque</span> <span class='ocrx_word' id='word_1_171' title='bbox 798 2124 829 2155; x_wconf 89' lang='lat' dir='ltr'>in</span> <span class='ocrx_word' id='word_1_172' title='bbox 841 2124 918 2156; x_wconf 81' lang='lat' dir='ltr'>dex-</span> 
     </span>
     <span class='ocr_line' id='line_1_33' title="bbox 258 2172 918 2214; baseline 0.005 -13"><span class='ocrx_word' id='word_1_173' title='bbox 258 2177 350 2208; x_wconf 84' lang='lat' dir='ltr'>tram,</span> <span class='ocrx_word' id='word_1_174' title='bbox 382 2173 570 2214; x_wconf 83' lang='lat' dir='ltr'>quandoque</span> <span class='ocrx_word' id='word_1_175' title='bbox 603 2173 635 2203; x_wconf 91' lang='lat' dir='ltr'>in</span> <span class='ocrx_word' id='word_1_176' title='bbox 668 2172 823 2204; x_wconf 77' lang='lat' dir='ltr'>sinistram</span> <span class='ocrx_word' id='word_1_177' title='bbox 846 2174 918 2205; x_wconf 85' lang='lat' dir='ltr'>vela</span> 
     </span>
     <span class='ocr_line' id='line_1_34' title="bbox 258 2221 917 2265; baseline 0.003 -14"><span class='ocrx_word' id='word_1_178' title='bbox 258 2221 395 2258; x_wconf 86' lang='lat' dir='ltr'>flectere,</span> <span class='ocrx_word' id='word_1_179' title='bbox 420 2222 453 2252; x_wconf 88' lang='lat' dir='ltr'>in</span> <span class='ocrx_word' id='word_1_180' title='bbox 475 2232 544 2253; x_wconf 90' lang='lat' dir='ltr'>eam</span> <span class='ocrx_word' id='word_1_181' title='bbox 568 2227 701 2265; x_wconf 87' lang='lat' dir='ltr'>partem,</span> <span class='ocrx_word' id='word_1_182' title='bbox 728 2222 812 2253; x_wconf 89' lang='lat' dir='ltr'>unde</span> <span class='ocrx_word' id='word_1_183' title='bbox 833 2222 917 2253; x_wconf 88' lang='lat' dir='ltr'>venti</span> 
     </span>
     <span class='ocr_line' id='line_1_35' title="bbox 258 2270 344 2301; baseline 0 -1"><span class='ocrx_word' id='word_1_184' title='bbox 258 2270 344 2301; x_wconf 86' lang='lat' dir='ltr'>flant.</span> 
     </span>
    </p>

    <p class='ocr_par' dir='ltr' id='par_1_14' title="bbox 256 2320 918 2756">
     <span class='ocr_line' id='line_1_36' title="bbox 302 2320 915 2361; baseline 0.003 -12"><span class='ocrx_word' id='word_1_185' title='bbox 302 2320 356 2351; x_wconf 88' lang='lat'>75.</span> <span class='ocrx_word' id='word_1_186' title='bbox 372 2320 525 2361; x_wconf 64' lang='lat' dir='ltr'>Flaccus]</span> <span class='ocrx_word' id='word_1_187' title='bbox 550 2321 656 2351; x_wconf 80' lang='lat' dir='ltr'>Frater</span> <span class='ocrx_word' id='word_1_188' title='bbox 670 2326 754 2351; x_wconf 87' lang='lat' dir='ltr'>tuus.</span> <span class='ocrx_word' id='word_1_189' title='bbox 789 2320 840 2351; x_wconf 88' lang='lat' dir='ltr'>Ab</span> <span class='ocrx_word' id='word_1_190' title='bbox 856 2320 915 2352; x_wconf 88' lang='lat' dir='ltr'>hoc</span> 
     </span>
     <span class='ocr_line' id='line_1_37' title="bbox 258 2368 916 2410; baseline 0.002 -11"><span class='ocrx_word' id='word_1_191' title='bbox 258 2368 373 2399; x_wconf 86' lang='lat' dir='ltr'>Flacco</span> <span class='ocrx_word' id='word_1_192' title='bbox 389 2368 498 2399; x_wconf 91' lang='lat' dir='ltr'>volunt</span> <span class='ocrx_word' id='word_1_193' title='bbox 514 2369 643 2410; x_wconf 88' lang='lat' dir='ltr'>quidam</span> <span class='ocrx_word' id='word_1_194' title='bbox 659 2368 845 2400; x_wconf 74' lang='lat' dir='ltr'>Valachiam</span> <span class='ocrx_word' id='word_1_195' title='bbox 869 2370 916 2400; x_wconf 90' lang='lat' dir='ltr'>fu-</span> 
     </span>
     <span class='ocr_line' id='line_1_38' title="bbox 256 2418 915 2462; baseline 0.002 -13"><span class='ocrx_word' id='word_1_196' title='bbox 256 2418 316 2450; x_wconf 83' lang='lat' dir='ltr'>isse</span> <span class='ocrx_word' id='word_1_197' title='bbox 340 2418 456 2450; x_wconf 88' lang='lat' dir='ltr'>dictam</span> <span class='ocrx_word' id='word_1_198' title='bbox 479 2419 553 2450; x_wconf 88' lang='lat' dir='ltr'>olim</span> <span class='ocrx_word' id='word_1_199' title='bbox 571 2420 598 2450; x_wconf 83' lang='lat' dir='ltr'><em>F</em></span> <span class='ocrx_word' id='word_1_200' title='bbox 600 2421 736 2456; x_wconf 77' lang='lat' dir='ltr'>luceium,</span> <span class='ocrx_word' id='word_1_201' title='bbox 755 2419 839 2462; x_wconf 91' lang='lat' dir='ltr'>quod</span> <span class='ocrx_word' id='word_1_202' title='bbox 861 2430 915 2450; x_wconf 92' lang='lat' dir='ltr'>no-</span> 
     </span>
     <span class='ocr_line' id='line_1_39' title="bbox 257 2468 916 2511; baseline 0.002 -13"><span class='ocrx_word' id='word_1_203' title='bbox 257 2478 330 2499; x_wconf 89' lang='lat' dir='ltr'>men</span> <span class='ocrx_word' id='word_1_204' title='bbox 343 2468 457 2499; x_wconf 88' lang='lat' dir='ltr'>sensim</span> <span class='ocrx_word' id='word_1_205' title='bbox 477 2469 654 2511; x_wconf 87' lang='lat' dir='ltr'>corruptela</span> <span class='ocrx_word' id='word_1_206' title='bbox 669 2469 818 2500; x_wconf 86' lang='lat' dir='ltr'>sermonis</span> <span class='ocrx_word' id='word_1_207' title='bbox 834 2474 916 2500; x_wconf 86' lang='lat' dir='ltr'>tran-</span> 
     </span>
     <span class='ocr_line' id='line_1_40' title="bbox 258 2516 917 2559; baseline 0.003 -13"><span class='ocrx_word' id='word_1_208' title='bbox 258 2516 310 2548; x_wconf 90' lang='lat' dir='ltr'>siit</span> <span class='ocrx_word' id='word_1_209' title='bbox 339 2517 370 2547; x_wconf 88' lang='lat' dir='ltr'>in</span> <span class='ocrx_word' id='word_1_210' title='bbox 405 2517 588 2549; x_wconf 77' lang='lat' dir='ltr'>Valachiam.</span> <span class='ocrx_word' id='word_1_211' title='bbox 633 2518 715 2549; x_wconf 72' lang='lat' dir='ltr'>Vide</span> <span class='ocrx_word' id='word_1_212' title='bbox 744 2518 873 2559; x_wconf 83' lang='lat' dir='ltr'>Georgii</span> <span class='ocrx_word' id='word_1_213' title='bbox 899 2528 917 2549; x_wconf 93' lang='lat' dir='ltr'>a</span> 
     </span>
     <span class='ocr_line' id='line_1_41' title="bbox 258 2566 916 2609; baseline 0.003 -13"><span class='ocrx_word' id='word_1_214' title='bbox 258 2566 502 2608; x_wconf 75' lang='lat' dir='ltr'>Reychersdorff</span> <span class='ocrx_word' id='word_1_215' title='bbox 528 2567 795 2609; x_wconf 82' lang='lat' dir='ltr'>Chorograpliiam</span> <span class='ocrx_word' id='word_1_216' title='bbox 819 2568 916 2598; x_wconf 92' lang='lat' dir='ltr'>Tran-</span> 
     </span>
     <span class='ocr_line' id='line_1_42' title="bbox 258 2615 917 2657; baseline 0.002 -12"><span class='ocrx_word' id='word_1_217' title='bbox 258 2615 419 2656; x_wconf 79' lang='lat' dir='ltr'>sylvaniae,</span> <span class='ocrx_word' id='word_1_218' title='bbox 443 2627 475 2657; x_wconf 90' lang='lat' dir='ltr'>p.</span> <span class='ocrx_word' id='word_1_219' title='bbox 499 2617 551 2646; x_wconf 88' lang='lat'>33.</span> <span class='ocrx_word' id='word_1_220' title='bbox 572 2616 625 2657; x_wconf 89' lang='lat' dir='ltr'>qui</span> <span class='ocrx_word' id='word_1_221' title='bbox 650 2616 738 2647; x_wconf 82' lang='lat' dir='ltr'>addit</span> <span class='ocrx_word' id='word_1_222' title='bbox 760 2615 832 2647; x_wconf 88' lang='lat' dir='ltr'>hinc</span> <span class='ocrx_word' id='word_1_223' title='bbox 863 2616 917 2646; x_wconf 87' lang='lat' dir='ltr'>ad-</span> 
     </span>
     <span class='ocr_line' id='line_1_43' title="bbox 259 2664 918 2701; baseline 0.003 -7"><span class='ocrx_word' id='word_1_224' title='bbox 259 2664 320 2695; x_wconf 90' lang='lat' dir='ltr'>huc</span> <span class='ocrx_word' id='word_1_225' title='bbox 345 2664 523 2696; x_wconf 88' lang='lat' dir='ltr'>Romanum</span> <span class='ocrx_word' id='word_1_226' title='bbox 547 2664 590 2696; x_wconf 89' lang='lat' dir='ltr'>ibi</span> <span class='ocrx_word' id='word_1_227' title='bbox 610 2675 780 2696; x_wconf 88' lang='lat' dir='ltr'>sermonem</span> <span class='ocrx_word' id='word_1_228' title='bbox 796 2665 918 2701; x_wconf 85' lang='lat' dir='ltr'>durare,</span> 
     </span>
     <span class='ocr_line' id='line_1_44' title="bbox 258 2712 917 2756; baseline 0.003 -13"><span class='ocrx_word' id='word_1_229' title='bbox 258 2712 334 2744; x_wconf 86' lang='lat' dir='ltr'>licet</span> <span class='ocrx_word' id='word_1_230' title='bbox 357 2713 525 2746; x_wconf 89' lang='lat' dir='ltr'>admodum</span> <span class='ocrx_word' id='word_1_231' title='bbox 548 2720 739 2756; x_wconf 86' lang='lat' dir='ltr'>corruptum.</span> <span class='ocrx_word' id='word_1_232' title='bbox 785 2714 847 2746; x_wconf 86' lang='lat' dir='ltr'>Sed</span> <span class='ocrx_word' id='word_1_233' title='bbox 870 2715 917 2745; x_wconf 76' lang='lat' dir='ltr'>hae</span> 
     </span>
    </p>
   </div>
   <div class='ocr_carea' id='block_1_13' title="bbox 1580 1436 1644 1480">
    <p class='ocr_par' dir='ltr' id='par_1_15' title="bbox 1580 1436 1644 1480">
     <span class='ocr_line' id='line_1_45' title="bbox 1580 1436 1644 1480; baseline 0 0"><span class='ocrx_word' id='word_1_234' title='bbox 1580 1436 1644 1480; x_wconf 82' lang='lat'>80</span> 
     </span>
    </p>
   </div>
   <div class='ocr_carea' id='block_1_14' title="bbox 980 1582 1646 2759">
    <p class='ocr_par' dir='ltr' id='par_1_16' title="bbox 980 1582 1645 2110">
     <span class='ocr_line' id='line_1_46' title="bbox 984 1582 1645 1621; baseline -0.008 -4"><span class='ocrx_word' id='word_1_235' title='bbox 984 1584 1110 1617; x_wconf 80' lang='lat' dir='ltr'>fabulae.</span> <span class='ocrx_word' id='word_1_236' title='bbox 1160 1585 1347 1616; x_wconf 79' lang='lat' dir='ltr'>Walachium</span> <span class='ocrx_word' id='word_1_237' title='bbox 1362 1588 1514 1614; x_wconf 86' lang='lat' dir='ltr'>vocarunt</span> <span class='ocrx_word' id='word_1_238' title='bbox 1527 1582 1645 1621; x_wconf 85' lang='lat' dir='ltr'>exteri;</span> 
     </span>
     <span class='ocr_line' id='line_1_47' title="bbox 982 1632 1644 1676; baseline -0.008 -10"><span class='ocrx_word' id='word_1_239' title='bbox 982 1635 1038 1666; x_wconf 89' lang='lat' dir='ltr'>sed</span> <span class='ocrx_word' id='word_1_240' title='bbox 1065 1634 1248 1676; x_wconf 85' lang='lat' dir='ltr'>Hungarica</span> <span class='ocrx_word' id='word_1_241' title='bbox 1272 1633 1381 1674; x_wconf 86' lang='lat' dir='ltr'>lingua</span> <span class='ocrx_word' id='word_1_242' title='bbox 1400 1632 1570 1663; x_wconf 81' lang='lat' dir='ltr'>Walachos</span> <span class='ocrx_word' id='word_1_243' title='bbox 1590 1642 1644 1662; x_wconf 85' lang='lat' dir='ltr'>vo-</span> 
     </span>
     <span class='ocr_line' id='line_1_48' title="bbox 984 1681 1643 1721; baseline -0.006 -5"><span class='ocrx_word' id='word_1_244' title='bbox 984 1685 1047 1716; x_wconf 88' lang='lat' dir='ltr'>cari</span> <span class='ocrx_word' id='word_1_245' title='bbox 1065 1686 1154 1721; x_wconf 82' lang='lat' dir='ltr'>Olah,</span> <span class='ocrx_word' id='word_1_246' title='bbox 1167 1684 1217 1715; x_wconf 88' lang='lat' dir='ltr'>vel</span> <span class='ocrx_word' id='word_1_247' title='bbox 1235 1684 1331 1714; x_wconf 76' lang='lat' dir='ltr'>Olach</span> <span class='ocrx_word' id='word_1_248' title='bbox 1345 1683 1437 1713; x_wconf 84' lang='lat' dir='ltr'>docet</span> <span class='ocrx_word' id='word_1_249' title='bbox 1448 1681 1534 1713; x_wconf 83' lang='lat' dir='ltr'>Foris</span> <span class='ocrx_word' id='word_1_250' title='bbox 1550 1682 1643 1713; x_wconf 88' lang='lat' dir='ltr'>Otro-</span> 
     </span>
     <span class='ocr_line' id='line_1_49' title="bbox 983 1731 1645 1775; baseline -0.005 -9"><span class='ocrx_word' id='word_1_251' title='bbox 983 1735 1068 1766; x_wconf 86' lang='lat' dir='ltr'>kocsi</span> <span class='ocrx_word' id='word_1_252' title='bbox 1091 1734 1123 1765; x_wconf 91' lang='lat' dir='ltr'>in</span> <span class='ocrx_word' id='word_1_253' title='bbox 1145 1733 1310 1775; x_wconf 84' lang='lat' dir='ltr'>Originum</span> <span class='ocrx_word' id='word_1_254' title='bbox 1334 1733 1477 1773; x_wconf 86' lang='lat' dir='ltr'>Hungar.</span> <span class='ocrx_word' id='word_1_255' title='bbox 1494 1741 1564 1773; x_wconf 90' lang='lat' dir='ltr'>cap.</span> <span class='ocrx_word' id='word_1_256' title='bbox 1580 1731 1645 1763; x_wconf 81' lang='lat' dir='ltr'>xiv.</span> 
     </span>
     <span class='ocr_line' id='line_1_50' title="bbox 980 1781 1644 1827; baseline -0.003 -14"><span class='ocrx_word' id='word_1_257' title='bbox 980 1795 1014 1827; x_wconf 81' lang='lat' dir='ltr'>p.</span> <span class='ocrx_word' id='word_1_258' title='bbox 1025 1785 1099 1815; x_wconf 85' lang='lat'><strong>308.</strong></span> <span class='ocrx_word' id='word_1_259' title='bbox 1115 1783 1197 1814; x_wconf 89' lang='lat' dir='ltr'>unde</span> <span class='ocrx_word' id='word_1_260' title='bbox 1217 1783 1341 1813; x_wconf 74' lang='lat' dir='ltr'>I&#39;alaclzi</span> <span class='ocrx_word' id='word_1_261' title='bbox 1360 1787 1391 1812; x_wconf 87' lang='lat' dir='ltr'>et</span> <span class='ocrx_word' id='word_1_262' title='bbox 1411 1781 1549 1812; x_wconf 78' lang='lat' dir='ltr'>H&#39;alachi</span> <span class='ocrx_word' id='word_1_263' title='bbox 1566 1781 1644 1812; x_wconf 81' lang='lat' dir='ltr'>dicti</span> 
     </span>
     <span class='ocr_line' id='line_1_51' title="bbox 985 1830 1643 1872; baseline -0.009 -7"><span class='ocrx_word' id='word_1_264' title='bbox 985 1835 1023 1865; x_wconf 90' lang='lat' dir='ltr'>ab</span> <span class='ocrx_word' id='word_1_265' title='bbox 1049 1834 1128 1864; x_wconf 77' lang='lat' dir='ltr'>aliis.</span> <span class='ocrx_word' id='word_1_266' title='bbox 1173 1832 1247 1863; x_wconf 87' lang='lat' dir='ltr'>Non</span> <span class='ocrx_word' id='word_1_267' title='bbox 1276 1832 1377 1863; x_wconf 86' lang='lat' dir='ltr'>sanior</span> <span class='ocrx_word' id='word_1_268' title='bbox 1405 1841 1477 1861; x_wconf 86' lang='lat' dir='ltr'>vero</span> <span class='ocrx_word' id='word_1_269' title='bbox 1503 1830 1643 1872; x_wconf 87' lang='lat' dir='ltr'>reliquis,</span> 
     </span>
     <span class='ocr_line' id='line_1_52' title="bbox 985 1879 1643 1925; baseline -0.008 -11"><span class='ocrx_word' id='word_1_270' title='bbox 985 1883 1038 1925; x_wconf 90' lang='lat' dir='ltr'>qui</span> <span class='ocrx_word' id='word_1_271' title='bbox 1063 1882 1146 1914; x_wconf 82' lang='lat' dir='ltr'>circa</span> <span class='ocrx_word' id='word_1_272' title='bbox 1169 1881 1302 1922; x_wconf 81' lang='lat' dir='ltr'>origines</span> <span class='ocrx_word' id='word_1_273' title='bbox 1325 1880 1465 1922; x_wconf 85' lang='lat' dir='ltr'>gentium</span> <span class='ocrx_word' id='word_1_274' title='bbox 1487 1890 1569 1921; x_wconf 79' lang='lat' dir='ltr'>saepe</span> <span class='ocrx_word' id='word_1_275' title='bbox 1595 1879 1643 1910; x_wconf 87' lang='lat' dir='ltr'>in-</span> 
     </span>
     <span class='ocr_line' id='line_1_53' title="bbox 985 1928 1643 1974; baseline -0.008 -11"><span class='ocrx_word' id='word_1_276' title='bbox 985 1932 1120 1974; x_wconf 87' lang='lat' dir='ltr'>eptiunt,</span> <span class='ocrx_word' id='word_1_277' title='bbox 1138 1931 1223 1962; x_wconf 86' lang='lat' dir='ltr'>Foris</span> <span class='ocrx_word' id='word_1_278' title='bbox 1237 1930 1315 1972; x_wconf 90' lang='lat' dir='ltr'>ipse,</span> <span class='ocrx_word' id='word_1_279' title='bbox 1326 1929 1381 1971; x_wconf 90' lang='lat' dir='ltr'>qui</span> <span class='ocrx_word' id='word_1_280' title='bbox 1395 1928 1556 1959; x_wconf 89' lang='lat' dir='ltr'>mulierem</span> <span class='ocrx_word' id='word_1_281' title='bbox 1565 1929 1643 1959; x_wconf 83' lang='lat' dir='ltr'>Wa-</span> 
     </span>
     <span class='ocr_line' id='line_1_54' title="bbox 984 1978 1642 2020; baseline -0.008 -8"><span class='ocrx_word' id='word_1_282' title='bbox 984 1981 1109 2012; x_wconf 81' lang='lat' dir='ltr'>lacham</span> <span class='ocrx_word' id='word_1_283' title='bbox 1136 1991 1155 2011; x_wconf 92' lang='lat' dir='ltr'>a</span> <span class='ocrx_word' id='word_1_284' title='bbox 1183 1979 1329 2020; x_wconf 82' lang='lat' dir='ltr'>Phrygiae</span> <span class='ocrx_word' id='word_1_285' title='bbox 1359 1979 1404 2009; x_wconf 88' lang='lat' dir='ltr'>ita</span> <span class='ocrx_word' id='word_1_286' title='bbox 1431 1978 1517 2014; x_wconf 85' lang='lat' dir='ltr'>urbe,</span> <span class='ocrx_word' id='word_1_287' title='bbox 1547 1989 1642 2019; x_wconf 88' lang='lat' dir='ltr'>quam</span> 
     </span>
     <span class='ocr_line' id='line_1_55' title="bbox 983 2026 1643 2063; baseline -0.006 -1"><span class='ocrx_word' id='word_1_288' title='bbox 983 2029 1187 2062; x_wconf 83' lang='grc' dir='ltr'>Ὀλοοσσόνα</span> <span class='ocrx_word' id='word_1_289' title='bbox 1201 2034 1291 2059; x_wconf 88' lang='lat' dir='ltr'>vocat</span> <span class='ocrx_word' id='word_1_290' title='bbox 1300 2028 1466 2063; x_wconf 87' lang='lat' dir='ltr'>Homerus,</span> <span class='ocrx_word' id='word_1_291' title='bbox 1475 2027 1514 2057; x_wconf 86' lang='lat'>11.</span> <span class='ocrx_word' id='word_1_292' title='bbox 1524 2026 1556 2057; x_wconf 93' lang='lat' dir='ltr'>ii.</span> <span class='ocrx_word' id='word_1_293' title='bbox 1570 2028 1643 2058; x_wconf 88' lang='lat'><strong>739.</strong></span> 
     </span>
     <span class='ocr_line' id='line_1_56' title="bbox 985 2079 1277 2110; baseline -0.01 0"><span class='ocrx_word' id='word_1_294' title='bbox 985 2079 1123 2110; x_wconf 83' lang='lat' dir='ltr'>deducit.</span> <span class='ocrx_word' id='word_1_295' title='bbox 1160 2079 1277 2108; x_wconf 73' lang='lat' dir='ltr'>chi.</span> 
     </span>
    </p>

    <p class='ocr_par' dir='ltr' id='par_1_17' title="bbox 984 2123 1643 2264">
     <span class='ocr_line' id='line_1_57' title="bbox 1029 2123 1643 2168; baseline -0.003 -10"><span class='ocrx_word' id='word_1_296' title='bbox 1029 2129 1080 2158; x_wconf 91' lang='lat'>77.</span> <span class='ocrx_word' id='word_1_297' title='bbox 1095 2128 1197 2168; x_wconf 80' lang='lat' dir='ltr'>Mysas</span> <span class='ocrx_word' id='word_1_298' title='bbox 1208 2125 1339 2168; x_wconf 56' lang='lat' dir='ltr'>gentes]</span> <span class='ocrx_word' id='word_1_299' title='bbox 1366 2123 1502 2166; x_wconf 86' lang='lat' dir='ltr'>Populos</span> <span class='ocrx_word' id='word_1_300' title='bbox 1517 2124 1643 2167; x_wconf 74' lang='lat' dir='ltr'>Mysiae.</span> 
     </span>
     <span class='ocr_line' id='line_1_58' title="bbox 984 2173 1643 2218; baseline -0.003 -11"><span class='ocrx_word' id='word_1_301' title='bbox 984 2176 1092 2218; x_wconf 83' lang='lat' dir='ltr'>Mysia</span> <span class='ocrx_word' id='word_1_302' title='bbox 1101 2182 1205 2207; x_wconf 84' lang='lat' dir='ltr'>autem</span> <span class='ocrx_word' id='word_1_303' title='bbox 1214 2174 1373 2217; x_wconf 78' lang='lat' dir='ltr'>provincia</span> <span class='ocrx_word' id='word_1_304' title='bbox 1385 2173 1554 2204; x_wconf 84' lang='lat' dir='ltr'>Pannoniae</span> <span class='ocrx_word' id='word_1_305' title='bbox 1569 2185 1643 2205; x_wconf 89' lang='lat' dir='ltr'>con-</span> 
     </span>
     <span class='ocr_line' id='line_1_59' title="bbox 984 2222 1611 2264; baseline -0.006 -8"><span class='ocrx_word' id='word_1_306' title='bbox 984 2225 1126 2261; x_wconf 89' lang='lat' dir='ltr'>termina,</span> <span class='ocrx_word' id='word_1_307' title='bbox 1143 2224 1183 2255; x_wconf 89' lang='lat' dir='ltr'>ad</span> <span class='ocrx_word' id='word_1_308' title='bbox 1196 2224 1331 2255; x_wconf 89' lang='lat' dir='ltr'>Pontum</span> <span class='ocrx_word' id='word_1_309' title='bbox 1347 2233 1446 2264; x_wconf 88' lang='lat' dir='ltr'>usque</span> <span class='ocrx_word' id='word_1_310' title='bbox 1462 2222 1611 2253; x_wconf 86' lang='lat' dir='ltr'>decurrit.</span> 
     </span>
    </p>

    <p class='ocr_par' dir='ltr' id='par_1_18' title="bbox 983 2273 1646 2759">
     <span class='ocr_line' id='line_1_60' title="bbox 1029 2273 1642 2314; baseline -0.005 -9"><span class='ocrx_word' id='word_1_311' title='bbox 1029 2275 1080 2305; x_wconf 87' lang='lat'>79.</span> <span class='ocrx_word' id='word_1_312' title='bbox 1100 2274 1162 2306; x_wconf 79' lang='lat' dir='ltr'>Hic</span> <span class='ocrx_word' id='word_1_313' title='bbox 1185 2281 1303 2314; x_wconf 82' lang='lat' dir='ltr'>raptam</span> <span class='ocrx_word' id='word_1_314' title='bbox 1325 2273 1443 2303; x_wconf 77' lang='lat' dir='ltr'>Traezen</span> <span class='ocrx_word' id='word_1_315' title='bbox 1468 2273 1557 2303; x_wconf 78' lang='lat' dir='ltr'>celeri</span> <span class='ocrx_word' id='word_1_316' title='bbox 1580 2274 1642 2302; x_wconf 78' lang='lat' dir='ltr'>vir-</span> 
     </span>
     <span class='ocr_line' id='line_1_61' title="bbox 985 2321 1643 2363; baseline -0.005 -9"><span class='ocrx_word' id='word_1_317' title='bbox 985 2330 1048 2354; x_wconf 74' lang='lat' dir='ltr'>tute</span> <span class='ocrx_word' id='word_1_318' title='bbox 1062 2323 1199 2363; x_wconf 61' lang='lat' dir='ltr'>recepit]</span> <span class='ocrx_word' id='word_1_319' title='bbox 1219 2323 1302 2363; x_wconf 82' lang='lat' dir='ltr'>Lege</span> <span class='ocrx_word' id='word_1_320' title='bbox 1314 2328 1431 2361; x_wconf 81' lang='lat' dir='ltr'>captam</span> <span class='ocrx_word' id='word_1_321' title='bbox 1445 2332 1482 2352; x_wconf 84' lang='lat' dir='ltr'>ex</span> <span class='ocrx_word' id='word_1_322' title='bbox 1499 2321 1623 2363; x_wconf 86' lang='lat' dir='ltr'>scriptis</span> <span class='ocrx_word' id='word_1_323' title='bbox 1636 2334 1643 2351; x_wconf 89' lang='lat'>:</span> 
     </span>
     <span class='ocr_line' id='line_1_62' title="bbox 984 2371 1644 2415; baseline -0.006 -11"><span class='ocrx_word' id='word_1_324' title='bbox 984 2373 1098 2404; x_wconf 88' lang='lat' dir='ltr'>deinde</span> <span class='ocrx_word' id='word_1_325' title='bbox 1128 2383 1183 2415; x_wconf 92' lang='lat' dir='ltr'>pro</span> <span class='ocrx_word' id='word_1_326' title='bbox 1211 2372 1341 2408; x_wconf 69' lang='lat' dir='ltr'>Traezen,</span> <span class='ocrx_word' id='word_1_327' title='bbox 1371 2371 1472 2402; x_wconf 89' lang='lat' dir='ltr'>scribe</span> <span class='ocrx_word' id='word_1_328' title='bbox 1498 2371 1644 2401; x_wconf 79' lang='lat' dir='ltr'>Trosmin.</span> 
     </span>
     <span class='ocr_line' id='line_1_63' title="bbox 983 2420 1644 2465; baseline -0.005 -11"><span class='ocrx_word' id='word_1_329' title='bbox 983 2423 1115 2465; x_wconf 83' lang='grc' dir='ltr'><strong><em>Τρισμὶς</em></strong></span> <span class='ocrx_word' id='word_1_330' title='bbox 1133 2422 1304 2453; x_wconf 67' lang='lat' dir='ltr'>Ptolemaeo</span> <span class='ocrx_word' id='word_1_331' title='bbox 1327 2426 1374 2452; x_wconf 87' lang='lat' dir='ltr'>est</span> <span class='ocrx_word' id='word_1_332' title='bbox 1388 2420 1502 2462; x_wconf 64' lang='lat' dir='ltr'>Mysiae</span> <span class='ocrx_word' id='word_1_333' title='bbox 1520 2420 1644 2451; x_wconf 85' lang='lat' dir='ltr'>inferio-</span> 
     </span>
     <span class='ocr_line' id='line_1_64' title="bbox 983 2469 1644 2514; baseline -0.003 -12"><span class='ocrx_word' id='word_1_334' title='bbox 983 2471 1024 2503; x_wconf 86' lang='lat' dir='ltr'>ris</span> <span class='ocrx_word' id='word_1_335' title='bbox 1050 2471 1220 2514; x_wconf 86' lang='lat' dir='ltr'>oppidum:</span> <span class='ocrx_word' id='word_1_336' title='bbox 1256 2469 1311 2501; x_wconf 89' lang='lat' dir='ltr'>sed</span> <span class='ocrx_word' id='word_1_337' title='bbox 1339 2469 1518 2511; x_wconf 86' lang='lat' dir='ltr'>legendum,</span> <span class='ocrx_word' id='word_1_338' title='bbox 1547 2473 1644 2511; x_wconf 82' lang='grc' dir='ltr'><strong>Τρωι-</strong></span> 
     </span>
     <span class='ocr_line' id='line_1_65' title="bbox 983 2518 1644 2562; baseline -0.005 -11"><span class='ocrx_word' id='word_1_339' title='bbox 983 2521 1069 2562; x_wconf 79' lang='grc' dir='ltr'><strong><em>σμῖς,</em></strong></span> <span class='ocrx_word' id='word_1_340' title='bbox 1100 2520 1152 2551; x_wconf 87' lang='lat' dir='ltr'>vel</span> <span class='ocrx_word' id='word_1_341' title='bbox 1184 2518 1350 2562; x_wconf 76' lang='grc' dir='ltr'><em>Τρωσμίςε</em></span> <span class='ocrx_word' id='word_1_342' title='bbox 1391 2529 1463 2549; x_wconf 89' lang='lat' dir='ltr'>nam</span> <span class='ocrx_word' id='word_1_343' title='bbox 1497 2521 1644 2560; x_wconf 75' lang='grc' dir='ltr'><em>Τρῶσμες</em></span> 
     </span>
     <span class='ocr_line' id='line_1_66' title="bbox 985 2568 1646 2610; baseline -0.005 -9"><span class='ocrx_word' id='word_1_344' title='bbox 985 2570 1190 2601; x_wconf 86' lang='lat' dir='ltr'>Constantino</span> <span class='ocrx_word' id='word_1_345' title='bbox 1214 2569 1508 2610; x_wconf 77' lang='lat' dir='ltr'>Porphyrogenetae,</span> <span class='ocrx_word' id='word_1_346' title='bbox 1536 2568 1590 2598; x_wconf 91' lang='lat' dir='ltr'>lib.</span> <span class='ocrx_word' id='word_1_347' title='bbox 1611 2568 1646 2599; x_wconf 82' lang='lat' dir='ltr'>ii.</span> 
     </span>
     <span class='ocr_line' id='line_1_67' title="bbox 984 2616 1646 2650; baseline -0.005 0"><span class='ocrx_word' id='word_1_348' title='bbox 984 2619 1094 2650; x_wconf 80' lang='lat' dir='ltr'>Tbem.</span> <span class='ocrx_word' id='word_1_349' title='bbox 1124 2618 1146 2650; x_wconf 90' lang='lat' dir='ltr'>i.</span> <span class='ocrx_word' id='word_1_350' title='bbox 1171 2617 1324 2649; x_wconf 86' lang='lat' dir='ltr'>Antonini</span> <span class='ocrx_word' id='word_1_351' title='bbox 1360 2617 1454 2648; x_wconf 87' lang='lat' dir='ltr'>etiam</span> <span class='ocrx_word' id='word_1_352' title='bbox 1482 2616 1646 2647; x_wconf 83' lang='lat' dir='ltr'>Itinerario</span> 
     </span>
     <span class='ocr_line' id='line_1_68' title="bbox 989 2665 1646 2708; baseline -0.003 -10"><span class='ocrx_word' id='word_1_353' title='bbox 989 2668 1115 2699; x_wconf 81' lang='lat' dir='ltr'>Trosmis</span> <span class='ocrx_word' id='word_1_354' title='bbox 1139 2673 1186 2698; x_wconf 86' lang='lat' dir='ltr'>est</span> <span class='ocrx_word' id='word_1_355' title='bbox 1211 2673 1243 2698; x_wconf 87' lang='lat' dir='ltr'>et</span> <span class='ocrx_word' id='word_1_356' title='bbox 1266 2666 1396 2697; x_wconf 83' lang='lat' dir='ltr'>Notitiae</span> <span class='ocrx_word' id='word_1_357' title='bbox 1422 2665 1567 2708; x_wconf 87' lang='lat' dir='ltr'>Imperii:</span> <span class='ocrx_word' id='word_1_358' title='bbox 1592 2675 1646 2697; x_wconf 84' lang='lat' dir='ltr'>ne-</span> 
     </span>
     <span class='ocr_line' id='line_1_69' title="bbox 986 2715 1496 2759; baseline -0.004 -11"><span class='ocrx_word' id='word_1_359' title='bbox 986 2728 1048 2759; x_wconf 90' lang='lat' dir='ltr'>que</span> <span class='ocrx_word' id='word_1_360' title='bbox 1065 2717 1185 2748; x_wconf 84' lang='lat' dir='ltr'>variant</span> <span class='ocrx_word' id='word_1_361' title='bbox 1200 2716 1264 2747; x_wconf 89' lang='lat' dir='ltr'>illic</span> <span class='ocrx_word' id='word_1_362' title='bbox 1277 2715 1348 2747; x_wconf 91' lang='lat' dir='ltr'>libri</span> <span class='ocrx_word' id='word_1_363' title='bbox 1365 2721 1496 2747; x_wconf 82' lang='lat' dir='ltr'>veteres.</span> 
     </span>
    </p>
   </div>
  </div>
 </body>
</html>
