1760 3172
187 185 274 226 284

578 185 628 226 P.
662 184 876 226 OVIDII
911 184 1192 226 NASONIS

191 299 303 354 Quo
323 315 522 347 vereare
542 300 723 355 minus,
741 316 802 347 ne
822 299 915 346 sim
934 299 1026 346 tibi
1045 300 1232 346 crimen
1256 299 1444 346 amicus
1463 317 1473 355 ;
1514 301 1577 345 25

259 376 521 432 Invidiam,
549 377 589 422 si
616 392 717 439 qua
741 383 832 431 est,
861 383 1034 422 auctor
1059 375 1242 422 habere
1268 382 1450 439 potest.

192 452 325 500 Nam
349 459 465 500 tuus
491 460 568 500 est
590 452 761 516 primis
787 452 952 498 cultus
978 452 1097 498 mihi
1124 468 1321 516 semper
1340 453 1402 499 ab
1422 451 1580 507 annis,

260 529 372 576 Hoc
398 530 498 576 noli
524 535 659 577 certe
685 528 1015 584 dissimulare,
1043 535 1212 591 pater:

192 607 562 669 Ingeniumque
586 622 768 661 meum,
787 612 931 669 potes
957 605 1063 652 haec
1085 605 1388 661 meminisse,
1406 605 1583 669 proba-

260 683 384 730 Plus
406 684 571 738 etiam,
590 698 741 745 quam
762 698 841 728 me
856 681 1028 744 judice
1048 681 1230 744 dignus
1251 697 1385 729 eram
1404 700 1414 738 ;
1458 682 1581 743 [bat‚

196 759 378 823 Deque
402 761 526 807 meis
552 760 636 806 illo
663 758 909 806 referebat
932 759 1156 806 versibus
1182 775 1282 814 ore,
1520 760 1578 804 31

263 836 323 882 In
348 852 447 899 quo
472 853 587 900 pars
613 836 724 883 altae
751 836 1025 883 nobilitatis
1051 844 1174 884 erat.

197 914 314 962 Non
339 914 490 976 igitur
507 914 598 960 tibi
623 930 771 970 nunc,
790 915 925 977 quod
952 929 1030 960 me
1056 913 1234 960 domus
1259 913 1355 959 ista
1379 910 1584 974 recepit,

265 991 367 1038 Sed
392 991 528 1054 prius
554 991 741 1038 auctori
768 997 883 1037 sunt
907 990 1025 1037 data
1048 991 1200 1037 verba
1223 997 1326 1036 tuo.

198 1067 308 1115 Nec
335 1068 454 1114 data
478 1074 610 1122 sunt,
638 1067 758 1113 mihi
791 1067 955 1122 crede,
984 1073 1180 1114 tamen:
1223 1065 1312 1113 sed
1346 1065 1396 1112 in
1428 1063 1585 1112 omni-

397 1145 491 1191 bus
517 1144 659 1198 actis,

1523 1143 1586 1188 35

267 1220 457 1268 Ultima
483 1220 523 1267 si
549 1220 738 1274 demas,
765 1219 866 1267 vita
889 1219 1076 1267 tuenda
1100 1235 1211 1265 mea
1235 1226 1328 1265 est.

199 1297 344 1345 Hanc
370 1312 589 1359 quoque,
613 1312 714 1359 qua
737 1295 878 1358 perii,
900 1296 1100 1359 culpam
1122 1295 1285 1342 scelus
1306 1309 1418 1341 esse
1439 1310 1587 1356 nega-

268 1374 321 1421 Si
347 1373 472 1420 tanti
496 1372 648 1420 series
675 1371 738 1419 sit
762 1372 853 1419 tibi
879 1379 1001 1419 nota
1024 1373 1158 1419 mali.

1471 1370 1587 1433 [bis,

198 1451 303 1498 Aut
325 1451 486 1505 timor,
515 1456 600 1496 aut
624 1465 756 1496 error
781 1449 940 1505 nobis,
969 1449 1105 1512 prius
1131 1448 1292 1496 obfuit
1314 1464 1475 1496 error:

266 1527 364 1583 Ah,
391 1526 498 1574 sine
523 1542 602 1572 me
627 1525 714 1573 fati
737 1541 835 1572 non
862 1525 1149 1573 meminisse
1175 1525 1298 1572 mei!
1527 1527 1591 1571 40

200 1706 256 1740 tui,
281 1703 342 1734 [xc.
366 1703 482 1745 passim
508 1703 539 1733 in
564 1701 680 1734 Ovidio
701 1702 860 1733 dicuntur.

202 1755 228 1784 Ο
244 1760 342 1784 noster
359 1753 505 1788 Chremes,
519 1753 646 1783 Terent.
664 1752 766 1783 Andr.
782 1763 811 1783 v.
827 1752 861 1783 ii.

200 1805 237 1841 53
255 1809 285 1833 et
300 1802 414 1844 saepius
427 1802 514 1832 alibi.
551 1803 668 1832 Brun.

243 1852 296 1881 26.
310 1852 426 1881 Auctor
445 1857 539 1890 potest
562 1851 666 1880 habere
688 1849 860 1890 invidiam]

200 1901 267 1942 Ego
283 1899 417 1931 Ovidius
431 1910 558 1942 possum
574 1899 635 1930 dici
651 1899 744 1929 fuisse
760 1898 862 1929 crimi-

201 1961 249 1981 ms
264 1959 373 1980 causa.

244 2000 296 2030 30.
314 1997 508 2039 Mejudz'ce.]
524 1997 580 2028 Me
591 1997 686 2028 etiam
698 1996 862 2038 judicante

201 2047 360 2089 ingenium
390 2057 493 2083 meum
526 2057 588 2077 non
625 2056 691 2076 esse
730 2051 862 2081 tantum,

201 2102 356 2139 quantum
370 2096 417 2127 illi
432 2094 614 2136 adparebat.
641 2095 734 2124 Men.

246 2147 301 2177 31.
318 2145 377 2176 Illo
392 2144 467 2184 ora]
493 2145 555 2175 Illa
578 2143 731 2185 gravitate
752 2143 863 2174 oratio-

202 2196 249 2227 nis
269 2206 344 2231 suae,
367 2205 431 2236 qua
455 2193 690 2228 nobilitabatur,
717 2193 754 2224 (le
771 2193 864 2224 versi-

201 2246 260 2276 bus
276 2245 352 2275 meis
367 2243 588 2286 pronuntiabat
598 2242 753 2284 judicium
762 2253 862 2273 suum.

202 2296 309 2326 Posr.

246 2345 300 2375 32.
323 2343 401 2373 Pars
423 2352 538 2383 mugnoe
566 2341 758 2381 nobilitatis]
790 2340 864 2371 Par-

202 2400 265 2425 tem
291 2403 413 2433 magnae
436 2390 608 2422 nobilitatis
630 2390 778 2431 intelligit
802 2390 864 2421 elo-

202 2442 372 2485 quentiam,
389 2452 458 2483 quae
472 2440 552 2471 inter
562 2446 691 2470 caeteras
703 2439 865 2470 Messalini

203 2491 381 2523 nobilitates
397 2495 463 2521 erat
475 2499 590 2530 magna
604 2499 684 2530 pars.

247 2541 299 2571 34.
315 2540 393 2570 Sunt
409 2541 482 2570 data
499 2538 612 2578 verbm]
640 2537 740 2568 Dedit
756 2538 863 2573 verba,

203 2601 264 2621 non
294 2600 369 2625 rem,
395 2588 659 2630 quemadmodum
683 2593 771 2629 patei·
793 2592 865 2618 tuus

202 2638 423 2675 existimabat;
446 2637 595 2668 credebat
613 2636 697 2667 enim
714 2647 763 2667 me
779 2636 864 2677 inge-

205 2686 256 2718 nio
285 2687 325 2717 ad
358 2696 513 2717 summum
544 2685 706 2727 dignitatis
735 2685 865 2726 gradum

204 2742 434 2778 perventurum,
447 2745 544 2775 quum
557 2735 589 2765 in
605 2734 769 2776 praesentia
780 2734 863 2775 ejec-

930 1708 980 1733 tus
1002 1701 1060 1733 sim
1085 1701 1118 1732 in
1136 1700 1282 1732 exsilium
1303 1706 1416 1742 praeter
1433 1700 1501 1741 ejus
1524 1700 1591 1743 opi-

930 1753 1065 1782 nionem.
1121 1752 1177 1781 Est
1206 1756 1310 1781 autem
1340 1752 1413 1780 dare
1438 1751 1535 1787 rerba,
1558 1756 1594 1780 ut

930 1801 1076 1831 Donatus
1100 1800 1218 1836 scribit,
1246 1799 1390 1841 decipere
1419 1809 1502 1835 eum,
1527 1799 1593 1841 qui,

931 1860 1027 1891 quum
1064 1859 1127 1879 rem
1157 1854 1330 1890 exspectet,
1360 1847 1437 1878 nihil
1475 1848 1595 1879 invenit

930 1905 1043 1941 praeter
1058 1899 1162 1929 verba.
1201 1899 1328 1928 Auctori
1341 1904 1402 1927 tuo.
1427 1897 1513 1927 Patri
1529 1903 1593 1934 tuo,

930 1948 984 1990 qui
1011 1948 1067 1979 tibi
1090 1953 1200 1978 auctor
1230 1946 1288 1977 fuit
1315 1947 1408 1988 hujus
1433 1946 1592 1983 amicitiae,

929 1996 1089 2039 probando
1111 1995 1270 2037 ingenium
1288 2006 1402 2031 meum,
1419 2002 1449 2026 et
1464 1995 1593 2036 loquen-

929 2046 969 2077 do
984 2045 1150 2077 honorifice
1165 2045 1203 2075 de
1220 2044 1296 2075 meis
1312 2045 1432 2075 studiis.
1463 2045 1580 2075 chi.

975 2097 1026 2127 35.
1046 2096 1108 2126 Nec
1121 2102 1217 2125 tamen
1234 2094 1421 2134 smirnam]
1441 2095 1595 2131 Quamvis

931 2145 1063 2176 dixerim
1089 2156 1138 2175 me
1164 2144 1244 2186 patri
1266 2150 1319 2174 tuo
1339 2145 1435 2174 verba
1459 2143 1594 2180 dedisse,

931 2205 969 2225 ne
986 2194 1095 2225 credas
1109 2200 1216 2224 tamen
1231 2204 1280 2223 nie
1296 2193 1409 2224 dixisse
1423 2192 1506 2234 quod
1522 2203 1594 2223 eum

930 2243 1120 2286 deceperim,
1139 2243 1221 2285 quod
1239 2242 1339 2276 exsilii
1361 2248 1433 2273 nota
1451 2242 1595 2273 adfectus

932 2293 975 2324 fui
990 2305 995 2323 :
1021 2293 1104 2334 quod
1121 2292 1242 2322 videtur
1264 2302 1330 2322 esse
1346 2292 1484 2322 alienum
1501 2292 1541 2322 ab
1557 2301 1594 2322 eo

933 2343 1016 2384 quod
1044 2343 1097 2372 ille
1124 2342 1163 2373 de
1194 2351 1244 2372 me
1273 2347 1424 2371 senserat.
1476 2341 1533 2371 Sed
1563 2342 1595 2371 in

932 2394 1066 2422 omnibus
1089 2393 1176 2427 actis,
1200 2390 1313 2421 Ultima
1336 2393 1360 2420 si
1380 2392 1487 2421 demas.
1534 2389 1596 2421 Sed

933 2441 1028 2471 vitam
1059 2451 1160 2471 meam
1189 2439 1347 2481 probabis,
1376 2445 1408 2470 et
1437 2438 1595 2479 intelliges

934 2500 983 2520 me
1007 2499 1067 2520 non
1093 2488 1216 2519 dedisse
1234 2489 1340 2524 verba,
1365 2487 1390 2519 si
1413 2487 1508 2518 totius
1523 2487 1595 2518 vitae

934 2547 1009 2568 meae
1035 2548 1170 2573 cui-suin,
1187 2536 1289 2578 potius
1315 2547 1409 2578 quam
1429 2537 1533 2572 finem,
1549 2535 1597 2566 in-

933 2586 1079 2629 spexeris.

977 2636 1032 2666 39.
1051 2635 1179 2675 Timon]
1206 2636 1312 2671 Quum
1332 2644 1385 2676 per
1401 2644 1532 2664 errorem
1549 2632 1594 2663 vi-

933 2683 1024 2720 derit,
1040 2684 1083 2714 ita
1107 2683 1165 2713 fuit
1187 2682 1349 2718 attonitus,
1366 2688 1400 2713 ut
1421 2692 1480 2712 non
1505 2688 1595 2723 potu—

933 2733 990 2764 erit
1006 2744 1037 2765 se
1053 2732 1210 2775 expedire,
1229 2732 1278 2763 vel
1296 2742 1390 2763 ausus
1406 2731 1496 2762 fuerit
1514 2741 1594 2761 erro-
