1760 3172
251 171 271 190 ,-

248 170 333 211 010

643 169 693 209 P.
719 168 932 211 OVIDII
967 169 1246 211 NASONIS

252 284 566 332 Conveniens
591 284 785 332 miseris
810 286 918 333 haec
938 300 1226 348 quanquam
1249 285 1404 348 gloria
1421 302 1518 332 11011
1545 292 1636 341 051,

318 361 558 409 Proxima
581 362 703 409 dant
726 362 871 409 nobis
897 362 1084 427 oppida
1109 360 1290 408 munus
1318 362 1467 409 idem.

252 440 361 487 Nec
377 439 538 503 pietas
554 439 723 502 ignota
737 455 849 487 mea
863 445 940 486 est
959 456 968 487 :
996 439 1132 486 videt
1145 438 1347 502 hospita
1363 440 1511 486 tellus
1547 442 1638 487 105

317 516 377 563 Ι11
402 523 571 564 nostra
595 533 790 564 sacrum
818 516 1033 564 Caesaris
1059 533 1170 564 esse
1195 517 1360 564 domo.

253 594 402 641 Stant
425 594 609 657 pariter
634 600 881 656 natusque
906 594 1034 658 pius,
1055 595 1342 657 conjuxque
1367 594 1615 648 sacerdos,

319 670 540 717 Numina
557 672 663 733 jam
686 670 819 718 facto
845 686 943 717 non
967 670 1150 718 leviora
1175 670 1301 718 Deo.

253 748 367 796 Neu
392 747 524 795 desit
543 765 657 812 pars
682 748 783 795 ulla
802 749 996 805 domus,
1024 756 1123 796 stat
1146 756 1359 813 uterque
1384 756 1637 812 nepotum,

319 825 416 873 Hic
442 825 561 872 aviae
582 826 724 874 lateri
749 826 1022 890 proximus,
1046 827 1129 874 ille
1155 827 1330 891 patris.

1548 829 1639 873 110

251 903 345 951 Η15
371 920 463 966 ego
488 904 552 950 do
576 903 724 950 toties
751 919 865 950 cum
889 910 999 950 ture
1024 905 1281 968 precantia
1304 905 1468 961 verba,

320 981 426 1028 Eoo
451 980 650 1044 quoties
676 980 833 1043 surgit
857 981 919 1027 ab
945 981 1063 1028 orbe
1089 981 1212 1029 dies.

251 1059 392 1114 Tota,
420 1058 540 1106 licet
565 1074 776 1121 quaeras,
804 1059 899 1106 hoc
925 1074 1004 1106 me
1030 1075 1128 1106 non
1152 1059 1340 1122 fingere
1364 1059 1514 1114 dicet,

320 1136 484 1183 Officii
508 1136 651 1184 testis
678 1135 890 1184 Pontica
913 1143 1045 1184 terra
1069 1138 1184 1185 mei.

252 1213 464 1261 Pontica
488 1230 568 1260 me
591 1214 755 1269 tellus,
779 1213 980 1277 quantis
1002 1215 1095 1262 hac
1121 1230 1388 1278 possumus
1414 1230 1514 1270 ora,
1546 1216 1636 1260 115

319 1291 553 1339 Natalem
576 1291 707 1338 ludis
733 1291 827 1339 scit
851 1292 1104 1340 celebrare
1132 1293 1244 1341 Dei.

252 1367 361 1416 Nec
386 1369 548 1416 minus
574 1369 855 1433 hospitibus
876 1369 1037 1433 pietas
1064 1377 1142 1417 est
1166 1370 1367 1433 cognita
1389 1369 1519 1425 talis,

318 1447 462 1495 Misit
484 1448 535 1494 in
560 1447 648 1495 has
675 1448 715 1495 si
741 1464 866 1511 quos
891 1448 1042 1511 longa
1065 1447 1331 1512 Propontis
1356 1464 1530 1512 aquas.

251 1523 302 1572 Is
329 1541 546 1589 quoque,
575 1542 675 1589 quo
707 1527 859 1573 laevus
885 1526 1045 1574 fuerat
1069 1527 1162 1573 sub
1188 1526 1400 1590 praeside
1426 1525 1635 1579 Pontus,

317 1602 547 1650 Audierit
569 1601 719 1651 frater
742 1603 948 1651 forsitan
972 1603 1069 1652 ista
1091 1610 1224 1652 tuus.

295 1810 366 1840 104.
383 1810 468 1840 Dant
485 1811 566 1840 nobis
581 1812 657 1840 idem
672 1810 808 1851 munus]
825 1811 909 1841 Prae-

250 1865 333 1891 stant
352 1865 383 1890 et
397 1859 532 1890 offerunt
546 1859 622 1890 mihi
640 1859 782 1890 eamdem
799 1859 911 1891 immu-

249 1909 393 1944 nitatem,
413 1914 444 1940 et
459 1919 508 1939 me
527 1909 660 1940 liberant
678 1909 761 1939 omni
778 1908 909 1940 tributo-

248 1968 317 1988 rum
331 1968 435 1988 onere.

294 2007 368 2037 105.
395 2006 498 2036 Pietas
518 2006 609 2046 mem]
636 2007 729 2036 Meus
747 2016 822 2047 erga
838 2006 907 2037 Cae-

249 2066 334 2087 sares
351 2066 446 2087 amor.
484 2055 611 2095 Hospita
627 2056 726 2086 tellus.
744 2055 839 2086 Terra
848 2056 908 2086 To-

249 2105 379 2141 mitana,
395 2115 465 2146 quae
482 2115 532 2135 me
548 2103 702 2146 hospitem
718 2104 824 2135 habet.

297 2155 368 2185 107.
388 2154 562 2194 Covjuxque
582 2154 741 2194 sacerdos]
765 2155 806 2185 Et
821 2154 910 2186 Livia

249 2209 347 2240 casta,
360 2214 430 2246 quae
442 2204 548 2234 Deum
563 2214 655 2234 suum
665 2203 843 2245 Augustum
858 2214 909 2235 co-

249 2253 296 2289 lit,
313 2258 463 2294 tanquam
477 2251 654 2283 sacerdotes
668 2263 724 2284 sua
739 2253 878 2284 numina.

297 2304 367 2334 109.
385 2303 464 2333 Pars
478 2304 542 2333 ulla
558 2302 686 2342 domus]
708 2301 826 2343 Aliqua
839 2313 910 2344 pars

250 2352 376 2384 familiae
406 2353 556 2393 Augusti.
607 2353 737 2394 Uterque
761 2360 909 2393 nepotum.

250 2403 391 2444 Uterque
420 2402 556 2444 Augusti
593 2413 701 2444 nepos,
733 2403 782 2434 vel
813 2403 910 2435 Caius

248 2452 371 2483 scilicet
391 2458 422 2483 et
443 2452 558 2483 Lucius
578 2462 615 2483 ex
638 2452 778 2494 Agrippa
798 2459 830 2483 et
849 2455 909 2485 Ju-

246 2500 291 2531 lia
305 2513 310 2530 :
341 2500 388 2531 vel
420 2501 522 2543 (quod
550 2501 650 2542 magis
677 2501 800 2543 placet)
829 2502 910 2533 filius

249 2549 346 2580 Drusi
361 2549 495 2592 privigni
511 2556 541 2581 et
555 2549 683 2586 Tiberii,
704 2550 911 2582 Germanicus

248 2598 369 2630 scilicet
384 2605 415 2630 et
431 2599 563 2630 Drusus.

297 2649 367 2679 111.
392 2648 476 2689 His]
503 2649 645 2690 Augusto
660 2649 756 2681 Liviae
773 2655 855 2686 nato,
872 2659 908 2680 ac

250 2697 425 2739 nepotibus

1546 1605 1638 1649 120

1024 1811 1097 1841 116.
1135 1809 1276 1840 Natalem
1307 1809 1414 1850 ludis]
1455 1808 1558 1840 Ludos
1587 1807 1638 1838 hic

977 1858 1103 1889 Merula
1118 1858 1247 1900 exponit
1269 1858 1382 1894 aleam,
1400 1863 1431 1888 et
1450 1857 1567 1888 similes
1590 1857 1638 1888 lu-

976 1918 1038 1939 sus.
1084 1909 1152 1949 Ego
1160 1919 1232 1939 vero
1246 1907 1285 1939 de
1301 1907 1468 1943 athleticis,
1482 1912 1535 1938 aut
1549 1917 1637 1948 gym-

976 1956 1066 1994 nicis,
1077 1963 1132 1988 aut
1147 1957 1290 1994 scenicis,
1302 1957 1396 1988 etiam
1411 1956 1552 1998 intelligo
1564 1967 1637 1999 poe-

977 2012 1041 2037 tam
1056 2005 1180 2037 dixisse.
1225 2007 1352 2037 Micm..

1022 2057 1093 2086 119.
1111 2056 1141 2087 Is
1152 2067 1324 2097 quoquequo
1337 2056 1548 2098 loevusfuerat,
1559 2054 1635 2095 δια]

976 2105 1021 2136 Ut
1055 2104 1268 2146 intelligamus
1300 2116 1383 2141 eum,
1413 2105 1465 2147 qui
1492 2104 1638 2135 Maesiam

975 2155 1112 2186 tenuerit
1129 2167 1135 2185 ε
1184 2166 1286 2197 neque
1326 2155 1410 2186 enim
1445 2154 1637 2198 provinciam

976 2205 1112 2235 Pontum
1149 2205 1292 2242 Flaccus,
1321 2204 1376 2236 sed
1413 2205 1527 2235 laevum
1563 2203 1637 2235 litus

979 2254 1102 2285 Pontici
1122 2254 1227 2290 maris,
1249 2255 1308 2285 hoc
1332 2260 1390 2291 est,
1410 2253 1544 2285 confinia
1569 2254 1635 2284 Da—

977 2314 1082 2335 corum
1103 2310 1134 2335 et
1155 2305 1318 2340 Getarum,
1335 2316 1405 2346 quae
1426 2303 1540 2334 Maesia
1559 2310 1636 2340 erat,

976 2353 1016 2384 ad
1039 2353 1140 2395 ripam
1167 2353 1238 2384 Istri
1265 2353 1325 2384 sita
1347 2353 1479 2388 scilicet,
1504 2358 1638 2384 rexerat.

975 2403 1048 2434 Jam
1074 2408 1105 2434 et
1131 2403 1305 2439 sciendum,
1331 2403 1512 2434 Graecinum
1540 2403 1636 2439 hunc,

977 2452 1066 2494 cujus
1091 2453 1285 2484 consulatum
1312 2453 1370 2484 hac
1397 2453 1528 2494 epistola
1554 2452 1637 2483 cele-

976 2502 1047 2532 brat
1074 2508 1176 2543 poeta,
1197 2503 1229 2533 in
1255 2502 1399 2543 catalogo
1430 2501 1517 2533 Coss.
1542 2501 1637 2543 vulgo

978 2561 1039 2582 non
1055 2550 1181 2590 haberi3
1203 2551 1267 2582 sive
1282 2552 1367 2582 fama
1378 2551 1528 2592 deceptus
1542 2556 1637 2591 poeta

978 2599 1047 2636 suit,
1064 2599 1130 2630 sive
1147 2600 1192 2630 illi
1213 2599 1392 2631 humanitus
1412 2598 1531 2641 aliquid
1551 2599 1634 2630 acci-

975 2649 1033 2686 dit,
1050 2655 1219 2692 antequam
1243 2649 1458 2691 magistratum
1481 2647 1583 2685 iniret,
1603 2653 1637 2679 ut

977 2698 1106 2740 quidam
1121 2698 1239 2741 opinati
1256 2704 1339 2730 sunt.
1383 2699 1508 2729 MicYL.
