1760 3172
219 181 304 222 364

611 179 662 220 Ρ.
696 178 806 220 OVI
816 177 910 218 DII
944 177 1224 219 NASONIS

221 296 322 343 Sed
348 295 486 359 piger
511 294 574 341 ad
600 310 771 358 poenas
797 293 1048 358 princeps,
1077 293 1139 340 ad
1166 292 1369 357 praemia
1392 294 1553 346 velox,

286 372 486 435 Quique
512 372 663 427 dolet,
691 371 888 433 quoties
913 370 1107 432 cogitur
1133 386 1243 417 esse
1268 370 1434 417 ferox:

219 449 316 504 Qui
342 450 460 496 vicit
485 465 697 512 semper,
725 448 867 494 victis
894 455 947 494 ut
974 463 1178 511 parcere
1204 455 1389 511 posset,

1513 449 1602 494 125

288 526 485 573 Clausit
509 534 559 573 et
584 534 770 573 aeterna
793 525 950 572 civica
974 526 1106 572 bella
1131 541 1241 572 sera
1261 543 1270 581 ;

221 603 385 652 Multa
408 611 542 651 metu
569 620 744 667 poenae,
772 619 917 667 poena
943 603 1029 666 qui
1055 618 1216 666 pauca
1241 609 1437 649 coercet
1459 620 1470 657 ;

288 681 355 728 Et
372 681 498 744 jacit
517 681 670 728 invita
692 681 899 728 fulmina
923 697 1032 727 rara
1055 696 1222 727 manu.

222 758 370 822 Ergo,
397 766 499 806 tam
526 758 749 822 placidas
776 766 938 805 orator
962 758 1145 805 missus
1173 757 1235 805 ad
1261 773 1420 813 aures,

289 836 360 883 Ut
383 837 582 900 propior
607 835 780 900 patriae
807 836 871 882 sit
894 836 1012 899 fuga
1037 843 1222 891 nostra,
1249 851 1383 898 roga.

1517 837 1609 880 130

221 913 314 961 Ille
339 930 432 976 ego
460 930 585 969 sum,
614 913 699 977 qui
724 920 775 961 te
801 914 932 961 colui
954 933 964 971 ;
1007 930 1158 977 quem
1182 913 1311 961 festa
1334 913 1528 959 solebat

288 991 427 1037 Inter
451 990 678 1038 convivas
704 1007 878 1037 mensa
900 991 1066 1038 videre
1092 998 1204 1038 tuos
1224 1008 1233 1038 ε

223 1067 314 1116 Ille
340 1084 448 1130 ego,
476 1067 561 1131 qui
587 1067 707 1113 duxi
732 1074 922 1114 vestros
950 1067 1263 1131 Hymenaeon
1289 1067 1351 1114 ad
1377 1066 1533 1129 ignes,

292 1145 358 1192 Et
381 1145 539 1192 cecini
565 1144 727 1191 fausto
753 1145 972 1191 carmina
997 1145 1148 1207 digna
1173 1152 1308 1192 toro:

224 1223 383 1286 Cujus
409 1230 458 1269 te
485 1221 683 1269 solitum
709 1221 910 1268 memini
936 1222 1139 1268 laudare
1164 1221 1375 1277 libellos,

1520 1223 1610 1267 135

291 1299 549 1362 Exceptis,
577 1298 776 1345 domino
804 1298 888 1361 qui
915 1314 1128 1346 nocuere
1155 1315 1261 1346 suo.

225 1376 321 1424 Cui
346 1384 433 1424 tua
456 1393 811 1440 nonnunquam
837 1376 1036 1423 miranti
1063 1375 1250 1440 scripta
1273 1376 1493 1438 legebas,

291 1454 383 1502 Ille
409 1471 517 1517 ego,
545 1454 608 1501 de
633 1462 798 1502 vestra
821 1454 902 1501 cui
927 1455 1044 1501 data
1068 1461 1226 1518 nupta
1250 1454 1414 1501 domo.

225 1530 368 1580 Hanc
397 1533 587 1596 probat,
616 1539 666 1579 et
690 1533 849 1596 primo
876 1533 1111 1580 dilectam
1139 1547 1335 1595 semper
1360 1532 1422 1578 ab
1448 1547 1550 1578 aevo

294 1608 386 1656 Est
410 1609 536 1656 inter
556 1609 763 1657 comites
791 1608 984 1657 Marcia
1008 1626 1159 1657 censa
1184 1625 1326 1666 suas3

1523 1610 1614 1654 140

225 1685 386 1750 Inque
411 1687 511 1734 suis
537 1686 713 1734 habuit
736 1695 1003 1736 matertera
1028 1687 1242 1735 Caesaris
1268 1693 1413 1742 ante3

292 1763 514 1818 Quarum
534 1764 724 1828 judicio
750 1765 790 1812 si
818 1782 917 1829 qua
942 1767 1166 1830 probata,
1194 1765 1350 1830 proba
1374 1771 1467 1812 est.

224 1901 264 1933 ad
286 1902 459 1934 Alexandri
482 1913 581 1944 usque
605 1902 798 1934 dominatum
817 1914 886 1946 per-

224 1951 350 1988 mansit,
379 1957 414 1983 ut
438 1952 566 1982 Diodor2
590 1953 640 1983 Sic
668 1953 712 1983 iv.
740 1955 789 1984 15.
813 1964 886 1996 pag.

224 2002 427 2032 261.narrat.
472 2001 620 2032 HAnLEs.

271 2051 341 2082 126.
366 2050 489 2082 Clausit
502 2050 663 2092 Augustus
676 2050 791 2081 Janum
808 2050 886 2088 Qui-

223 2099 294 2136 rini,
325 2101 408 2142 quod
435 2100 557 2141 signum
586 2100 672 2142 pacis
697 2100 767 2130 fuit.
794 2101 886 2132 Trist.

224 2149 269 2179 iii.
289 2150 315 2180 l.
331 2150 383 2180 44.
396 2149 484 2190 Yirg.
502 2150 576 2179 AEn.
592 2149 613 2179 i.
625 2150 699 2180 297.
738 2150 887 2181 HARLES.

272 2199 341 2229 127.
363 2199 467 2229 Multa
483 2205 561 2229 metu
575 2199 692 2239 prmum]
720 2200 771 2230 Sic
788 2199 887 2231 Tacit.

227 2247 320 2279 Poena
341 2250 380 2279 ud
396 2260 514 2289 paucos,
530 2256 623 2279 metus
644 2251 682 2279 ad
700 2250 800 2288 plures
821 2261 887 2289 pen·-

226 2300 340 2329 veniat.

272 2348 344 2377 133.
382 2346 494 2386 Danu]
534 2347 670 2377 Broukh.
700 2346 740 2377 ad
769 2347 886 2377 Tibull.

226 2395 259 2427 ii.
278 2397 304 2426 1.
322 2397 374 2427 54.
398 2395 499 2431 docet,
515 2398 623 2427 ducere
646 2397 734 2438 epico
758 2397 887 2427 carmini

226 2444 329 2487 potius
343 2445 519 2482 convenire,
537 2447 636 2477 dicere
651 2453 755 2477 autem
771 2452 805 2476 ut
818 2446 847 2476 h.
868 2447 888 2476 l.

225 2496 318 2526 rebus
333 2495 482 2525 momenti
498 2495 631 2525 levioris.
677 2496 826 2526 HAntfis.

272 2544 486 2584 Hyuzenoeow]
506 2545 642 2575 Carmen
656 2544 806 2585 nuptiale.
822 2545 888 2574 De-

227 2604 279 2624 um
297 2599 401 2623 autem
422 2593 601 2634 nuptiarum
622 2593 723 2635 posuit
746 2604 800 2634 pro
822 2593 888 2634 ipso

227 2642 439 2684 epithalamio.
463 2643 513 2673 De
528 2643 700 2683 Hymenaeo
712 2642 786 2673 alibi
798 2642 887 2684 plura

227 2691 372 2721 diximus.
397 2692 443 2721 Ad
462 2694 543 2732 ignes
562 2699 676 2722 [θεῖν-05.
701 2692 751 2722 Ad
768 2698 886 2723 vestras

226 2740 333 2775 taedas,
345 2751 412 2782 quae
425 2741 613 2772 nubentibus
623 2742 866 2783 praeferebantur
878 2755 886 2781 ;

953 1905 1014 1941 vel,
1032 1910 1066 1936 ut
1090 1904 1192 1947 potius
1214 1905 1395 1934 Burmanno
1417 1902 1551 1939 videtur,
1576 1902 1616 1933 ad

954 1960 1070 1986 vestras
1085 1965 1164 1988 aras.
1177 1954 1217 1984 ad
1231 1964 1308 1995 quas
1320 1963 1449 1995 sponsus
1462 1958 1493 1983 et
1505 1962 1619 1994 sponsa

953 2004 1171 2034 sacrificabant
1187 2009 1218 2033 et
1233 2002 1522 2044 comprecabantur.

1000 2054 1073 2084 140.
1111 2053 1160 2083 Est
1196 2054 1277 2083 inter
1314 2053 1431 2082 comites
1465 2050 1614 2091 Marcia]

954 2102 1076 2133 Marcia
1096 2102 1175 2137 haec,
1192 2112 1253 2131 non
1273 2099 1413 2136 Catonis,
1429 2105 1464 2130 ut
1480 2099 1529 2130 hic
1545 2099 1617 2129 Me-

955 2152 1022 2182 rula
1041 2151 1145 2187 tradit,
1162 2149 1217 2181 sed
1241 2149 1373 2180 Maximi
1399 2159 1476 2179 uxor
1496 2148 1566 2184 fuit,
1585 2147 1618 2178 id

956 2201 1039 2242 quod
1053 2211 1090 2232 ex
1106 2200 1215 2231 Tacito
1231 2199 1362 2241 adparet
1376 2198 1463 2228 Ann.
1480 2197 1501 2227 i.
1517 2199 1547 2228 5.
1563 2196 1618 2228 ubi

955 2250 999 2280 ita
1018 2249 1153 2291 legitur:
1188 2249 1305 2288 Quippe
1327 2258 1427 2277 rumor
1450 2249 1618 2282 incesserat,

952 2310 1062 2338 paucos
1088 2305 1158 2328 ante
1188 2308 1294 2328 menses
1321 2298 1490 2336 Augustum
1519 2297 1620 2326 electis

955 2349 1088 2383 consciis,
1113 2355 1139 2378 et
1157 2349 1260 2378 comite
1282 2358 1340 2377 uno
1365 2345 1456 2375 Fabio
1477 2345 1619 2380 Manum,

959 2398 1130 2428 Planasiam
1148 2404 1276 2431 rectum,
1290 2398 1328 2426 ml
1343 2397 1492 2426 visendum
1508 2396 1620 2436 Agrip-

955 2458 1035 2487 pam,
1054 2448 1112 2477 ἃς.
1146 2446 1231 2481 Quod
1247 2446 1413 2475 Mammam
1428 2446 1514 2474 ¹niori
1532 2443 1618 2473 Mar-

956 2498 1008 2526 cicr
1023 2497 1180 2535 aperuisse,
1198 2497 1281 2525 illum
1301 2494 1414 2524 Liviae:
1435 2504 1569 2534 gnarum
1590 2494 1620 2522 icl

960 2545 1079 2580 Coesari,
1095 2546 1152 2575 ἃς.
1199 2543 1289 2581 Quod
1305 2549 1408 2574 autem
1428 2542 1536 2573 eadem
1553 2541 1618 2571 filia

956 2593 1046 2624 fuerit
1064 2593 1175 2623 Marcii
1193 2591 1342 2634 Philippi,
1356 2590 1455 2622 vitrici
1470 2590 1619 2631 Augusti,

955 2654 991 2673 ex
1009 2649 1096 2673 sexto
1114 2643 1271 2673 Fastorum
1290 2646 1387 2683 patet.
1435 2640 1561 2669 Mici'i..

1002 2693 1072 2721 141.
1098 2692 1263 2721 Macen-tera
1288 2690 1438 2729 thsuris.]
1466 2690 1513 2719 Ex
1529 2688 1617 2719 Julia

957 2741 995 2772 C.
1014 2740 1147 2772 Caesaris
1163 2750 1272 2776 sorore,
1290 2745 1319 2769 et
1336 2739 1383 2769 M.
1401 2737 1497 2769 Accio
1514 2737 1615 2767 Balbo
