1760 3172
121 2113 125 2117 -
185 2090 278 2132 pauci
293 2090 431 2122 sciunt.'’

442 171 534 212 EX
567 171 779 212 PONTO
815 171 934 212 LIB.
969 172 1004 212 I.
1039 172 1232 214 EPIST.
1265 173 1302 213 Ι.
1476 172 1562 212 353

178 285 285 333 Nec
311 302 390 333 ine
414 286 694 333 nominibus
720 286 932 334 furiosus
958 287 1156 335 consero
1180 288 1359 335 tantis:

1497 291 1560 335 25

246 362 389 410 Saeva
414 362 551 409 Deos
577 369 751 410 contra
775 380 874 410 non
902 371 1070 411 tamen
1095 380 1231 411 arma
1253 364 1360 411 tuli.

178 438 412 502 Denique
433 440 680 496 Caesareo,
709 442 843 504 quod
870 457 968 488 non
993 441 1244 488 desiderat
1270 441 1394 505 ipse,

245 515 359 563 Non
385 524 520 564 caret
545 534 571 564 e
596 520 774 565 nostris
800 519 930 566 ullus
956 520 1142 566 honore
1168 519 1308 566 liber.

180 592 234 639 Si
260 593 459 641 dubitas
486 595 547 641 de
574 611 669 651 me,
696 596 870 644 laudes
898 597 1105 659 admitte
1132 596 1380 652 Deorum;

246 669 311 717 Et
336 687 534 718 carmen
560 672 728 719 demto
754 673 952 721 nomine
978 690 1118 721 sume
1143 689 1326 721 meum.

1499 676 1563 719 30

178 746 396 809 Adjuvat
420 747 469 793 in
493 748 626 795 bello
652 757 842 812 pacatae
868 767 1033 798 ramus
1059 750 1227 798 olivae:

245 823 476 871 Proderit
501 833 754 873 auctorem
780 827 918 890 pacis
944 828 1127 874 habere
1153 827 1309 874 nihil?

180 899 345 954 Quum
371 901 495 949 foret
519 902 689 950 AEneae
715 904 882 950 cervix
909 905 1138 967 subjecta
1161 904 1371 968 parenti,

247 977 442 1026 Dicitur
467 979 577 1043 ipsa
599 979 701 1027 viro
726 981 928 1027 flamma
951 981 1151 1028 dedisse
1176 981 1322 1028 viam.

181 1053 297 1102 Fert
314 1056 439 1103 liber
457 1056 712 1104 .OEneaden
733 1076 741 1104 ;
771 1065 820 1104 et
840 1075 937 1104 non
963 1058 1054 1105 iter
1073 1075 1217 1105 omne
1236 1057 1462 1122 patebit?
1500 1060 1561 1104 35

245 1132 313 1179 At
336 1134 506 1197 patriae
532 1142 672 1198 pater
696 1127 803 1192 hicg
846 1136 1002 1199 ipsius
1029 1136 1110 1183 ille
1136 1135 1244 1183 fuit.

182 1208 371 1272 Ecquis
396 1210 465 1257 ita
489 1218 566 1258 est
591 1212 772 1267 audax,
799 1220 853 1259 ut
880 1213 1044 1261 limine
1070 1220 1217 1275 cogat
1243 1213 1377 1259 abire

245 1285 274 1332 J
281 1288 736 1336 actantensPharia
759 1289 953 1337 tinnula
978 1291 1125 1337 sistra
1148 1290 1331 1338 manu?

182 1494 288 1532 hostis,
301 1495 354 1537 qui
369 1496 474 1537 paullo
486 1503 558 1528 ante
574 1498 719 1540 proelium
731 1499 839 1530 Actia-

181 1555 253 1575 cum
278 1545 318 1576 de
348 1545 498 1576 ebrietate
526 1546 610 1588 Aug.
628 1547 728 1579 edidit
751 1550 840 1580 libel-

181 1594 258 1630 lum,
273 1595 354 1626 Plin.
368 1595 430 1627 xiv.
440 1597 493 1627 22.
530 1597 680 1628 HAnLEs.

225 1645 276 1675 24.
300 1644 421 1675 Scrinia
450 1644 568 1677 Brutus
595 1647 708 1687 habet]
741 1647 841 1684 Bruti,

182 1699 292 1735 praeter
322 1694 434 1724 librum
465 1694 502 1725 de
532 1695 656 1726 Virtute
688 1696 840 1733 Ciceroni,

183 1743 323 1780 Senecae,
354 1744 533 1780 Plutarcho,
565 1745 633 1776 aliis
668 1746 841 1783 laudatum,

183 1792 278 1824 etiam
291 1804 396 1824 versus
412 1795 588 1830 exstabant,
606 1800 636 1825 et
653 1795 778 1837 quidem
796 1807 843 1827 sa-

184 1841 224 1874 tis
239 1842 361 1879 lascivi,
377 1848 412 1873 ut
427 1854 464 1874 ex
484 1843 596 1880 Plinio,
613 1845 667 1875 lib.
680 1845 724 1876 iii.
746 1846 844 1886 Epist.

185 1895 215 1930 5,
232 1893 389 1924 discimus.
425 1893 547 1923 Auctor
562 1893 678 1936 dialogi
695 1895 733 1925 de
752 1894 844 1925 claris

186 1942 390 1973 Oratoribus:
430 1947 449 1959 “
467 1943 621 1974 Fecerunt
659 1945 776 1974 Brutus
814 1950 846 1974 et

186 1991 293 2022 Caesar
313 1991 450 2022 carmina
470 2002 531 2022 non
550 1993 661 2024 melius
677 2004 770 2035 quam
787 1993 842 2025 Ci-

186 2051 267 2077 cero,
293 2041 347 2072 sed
375 2040 507 2077 felicius,
536 2042 610 2082 quia
635 2042 704 2074 illos
735 2043 843 2074 fecisse

470 2090 588 2122 Hzms.

229 2141 281 2171 26.
298 2139 369 2171 Non
382 2146 480 2171 tamen
495 2151 580 2171 arma
596 2141 683 2182 tuli]
702 2143 775 2172 Non
796 2147 843 2173 ta-

186 2199 259 2220 men
285 2188 371 2220 bella
402 2189 494 2231 gessi,
525 2196 559 2220 ut
588 2190 635 2220 M.
665 2190 784 2221 Anton.
815 2196 845 2222 et

185 2239 312 2270 Brutus.

229 2288 282 2318 29.
306 2287 339 2317 Si
362 2288 480 2318 dubitas
501 2289 536 2319 de
558 2288 629 2328 ma]
664 2288 696 2319 Si
719 2289 845 2320 dubitas

186 2347 257 2367 mea
272 2347 367 2368 causa
386 2336 440 2367 hos
454 2347 539 2367 meos
553 2336 675 2368 libellos
691 2338 845 2380 excipere.

189 2387 308 2418 Laudes
328 2388 451 2417 admitte
465 2387 609 2418 Deorum.
637 2387 756 2429 Excipe
776 2388 846 2419 illos

187 2436 322 2478 Augusti
348 2446 453 2473 causa,
477 2436 566 2479 cujus
595 2437 706 2468 laudes
728 2437 760 2467 in
784 2436 846 2468 illis

186 2486 396 2517 continentur.

231 2537 283 2566 31.
298 2537 432 2576 Adjuvat
446 2538 479 2566 in
495 2536 598 2576 bellm]
614 2537 670 2566 Est
682 2545 845 2577 argumen-

188 2591 255 2616 tum
285 2595 305 2615 a
334 2584 463 2615 minori:
496 2585 617 2615 Ramus
645 2584 733 2620 oleae,
764 2583 846 2625 quod

181 2634 311 2676 ,signum
341 2634 428 2676 pacis
451 2639 510 2671 est,
540 2634 668 2676 adjuvat
704 2635 736 2664 in
764 2633 847 2664 bello

189 2683 454 2726 praetendentem:
493 2684 592 2714 multo
628 2683 723 2724 igitur
751 2682 849 2724 magis

190 2733 285 2765 debet
309 2733 431 2775 juvare,
455 2744 516 2765 non
544 2734 677 2774 signum,
700 2733 755 2764 sed
785 2733 850 2774 ipse

235 2784 334 2814 VOL.
360 2783 404 2814 Π.

909 1506 1014 1530 auctor
1030 1499 1126 1541 pacis,
1137 1498 1168 1529 id
1179 1498 1260 1540 quod
1277 1498 1395 1528 faciunt
1410 1496 1480 1527 libri
1495 1496 1567 1527 mei.

908 1549 1034 1579 wa'L.

953 1600 1004 1629 35.
1020 1597 1202 1638 AEneaden]
1216 1596 1452 1638 Augustum,ab
1464 1596 1570 1626 Hinea

909 1647 1085 1683 oriundum,
1098 1653 1221 1688 propter
1232 1651 1351 1687 patrem
1365 1644 1484 1676 Julium
1499 1644 1569 1675 Cae-

909 1707 1019 1731 sarem,
1036 1695 1089 1737 qui
1105 1705 1203 1736 genus
1219 1705 1309 1725 suum
1325 1693 1363 1724 ad
1379 1694 1397 1724 J
1402 1693 1498 1724 ulium
1510 1692 1570 1724 As-

911 1745 1046 1780 canium,
1064 1747 1174 1775 xlineae
1195 1744 1304 1779 filium,
1321 1743 1483 1774 referebat.

954 1796 1005 1826 36.
1036 1794 1160 1835 Ipsius]
1202 1793 1252 1823 Ita
1286 1792 1480 1834 interpretor,
1507 1791 1569 1827 hic,

911 1855 1005 1886 quem
1029 1855 1116 1874 meus
1142 1843 1219 1874 liber
1241 1842 1310 1878 fert,
1333 1847 1379 1872 est
1401 1848 1490 1883 pater
1514 1851 1571 1883 pa-

911 1894 989 1929 triae,
1005 1894 1058 1924 ille
1081 1899 1186 1923 autern
1202 1892 1367 1928 Anchises,
1387 1902 1479 1933 quem
1500 1891 1572 1922 tulit

911 1945 1043 1979 Hineas,
1058 1942 1116 1973 fuit
1136 1942 1233 1984 ipsius
1251 1947 1373 1972 tantum
1389 1943 1500 1972 AEneae
1516 1951 1571 1982 pa—

911 1998 966 2023 ter.
1013 1993 1213 2022 Burmannus
1232 2001 1314 2028 vero,
1335 1995 1354 2008 ‘¹
1372 2001 1434 2032 quo
1457 1990 1571 2021 referas

910 2041 989 2072 illud
1009 2041 1137 2081 ipsius,’'
1152 2040 1265 2082 inquit,
1280 2044 1301 2057 “
1322 2051 1382 2071 non
1397 2039 1507 2078 vide03
1532 2050 1571 2071 an

911 2090 951 2121 ad
974 2091 1175 2131 Augustum?
1200 2095 1235 2119 ut
1260 2089 1310 2125 sit,
1326 2089 1486 2130 Augustus
1513 2089 1574 2119 fuit

911 2145 999 2182 pater
1009 2139 1129 2182 paffiae,
1139 2139 1193 2169 ille
1206 2138 1362 2180 (AEneas)
1377 2144 1465 2180 pater
1474 2138 1572 2180 ipsius

913 2189 1096 2231 (Augusti.)
1141 2189 1179 2219 In
1200 2188 1343 2220 Francos.
1369 2184 1445 2224 erat,
1465 2190 1574 2219 unicus

913 2241 965 2270 ille
981 2239 1076 2281 fuit;
1102 2239 1179 2269 forte
1207 2240 1298 2268 unius
1318 2239 1372 2268 ille
1382 2238 1466 2279 fuit.
1511 2237 1573 2268 Hic

913 2289 981 2320 scil.
1007 2289 1169 2330 Augustus
1192 2294 1239 2318 est
1266 2292 1354 2329 pater
1378 2287 1498 2329 patriae,
1519 2288 1572 2329 qui

913 2344 970 2373 est,
988 2337 1147 2368 AEneades
1160 2337 1224 2373 ille,
1240 2347 1333 2378 quem
1348 2337 1406 2367 fert
1420 2347 1508 2366 meus
1522 2336 1573 2367 hic

913 2388 1003 2424 liber,
1022 2387 1074 2418 ille
1090 2397 1172 2422 vero,
1190 2388 1320 2422 AEneas‚
1336 2390 1424 2428 pater
1439 2385 1497 2416 fuit
1511 2396 1572 2416 non

914 2437 1085 2468 communis
1099 2435 1218 2477 patriae,
1236 2440 1267 2465 et
1287 2434 1425 2465 omnium
1445 2434 1571 2470 civium,

914 2486 968 2517 sed
991 2485 1082 2516 unius
1098 2484 1187 2520 Julii,
1203 2484 1253 2515 cui
1274 2489 1379 2514 tamen
1394 2484 1452 2514 iter
1471 2483 1573 2525 patuit

914 2547 968 2578 per
983 2537 1095 2567 ferrum
1112 2540 1142 2565 et
1160 2535 1282 2575 ignes.’'
1322 2534 1423 2564 Penes
1438 2533 1572 2575 pruden-

914 2592 959 2616 tes
974 2586 1105 2616 lectores
1121 2591 1185 2615 esto
1198 2583 1363 2625 judicium.
1396 2583 1545 2614 HARLES.

959 2635 1010 2665 37.
1031 2634 1070 2664 Ut
1094 2635 1194 2664 limine
1215 2639 1300 2674 cogat
1316 2633 1427 2673 abira]
1454 2633 1499 2664 Ut
1514 2631 1573 2663 Isi-

917 2683 965 2714 dis
987 2683 1172 2718 sacerdotes,
1195 2683 1284 2713 sistra
1301 2681 1452 2724 AEgyptia
1475 2681 1572 2713 feren-

918 2739 976 2769 tes,
992 2732 1088 2774 pellat
1102 2742 1118 2761 e
1134 2731 1251 2762 limine.

1051 2781 1077 2810 A
1098 2792 1114 2809 A
