1760 3172
220 182 304 224 428

598 180 648 220 Ρ.
683 179 895 221 OVIDII
945 179 1224 220 NASONIS

224 298 306 343 Sic
334 295 435 343 scra
459 295 821 358 quamprimum
847 295 1025 358 pavido
1053 295 1321 342 Germania
1344 295 1480 341 vultu

288 372 417 419 Ante
442 371 804 434 triumphantes
830 387 970 418 serva
994 370 1175 417 feratur
1200 387 1373 434 equos.

1539 374 1603 415 40

223 450 306 496 Sic
334 456 473 512 pater
498 449 547 495 in
574 448 761 511 Pylios,
792 447 1022 494 Cumaeos
1048 455 1203 495 mater
1228 448 1277 494 in
1303 464 1456 495 annos

289 527 470 574 Vivant
482 545 501 585 3-
538 533 588 573 et
612 525 773 589 possis
798 525 926 572 filius
952 541 1063 572 esse
1087 525 1188 572 diu.

219 604 294 651 Tu
320 586 537 667 quoque,
565 602 862 650 conveniens
889 602 1074 664 ingenti
1100 609 1255 666 nupta
1278 602 1469 656 marito,

287 681 477 744 Accipe
502 697 599 727 non
624 680 748 726 dura
773 679 1013 743 supplicis
1039 694 1156 725 aure
1180 694 1371 741 preces.

225 757 307 805 Sic
333 758 422 804 tibi
442 757 514 803 vir
538 772 728 820 sospes,
757 755 827 802 sic
854 755 953 802 sint
977 770 1091 802 cum
1116 756 1253 819 prole
1279 760 1503 818 nepoteS‚
1541 756 1603 801 45

290 834 520 897 Cumque
545 833 688 880 bonis
715 832 936 888 nuribus,
965 848 1089 900 quas
1115 848 1372 896 peperere,
1400 847 1578 878 nurus:

224 912 324 967 Sic,
352 927 502 975 quem
527 910 633 957 dira
656 909 746 956 tibi
772 909 935 973 rapuit
962 909 1247 965 Germania,
1276 909 1471 955 Drusus

286 989 410 1036 Pars
435 988 583 1036 fuerit
607 995 778 1051 partus
804 987 909 1034 sola
932 987 1124 1034 caduca
1147 986 1218 1033 tui
1238 1003 1248 1033 :

224 1066 306 1114 Sic
332 1067 422 1113 tibi
449 1065 613 1113 Marte
638 1080 743 1121 suo,
770 1064 970 1111 fraterni
996 1063 1183 1111 funeris
1210 1063 1353 1119 ultor,

288 1144 575 1207 Purpureus
600 1143 754 1190 niveis
779 1142 909 1189 filius
935 1141 1088 1188 instet
1112 1140 1272 1203 equis.

1544 1142 1607 1186 50

221 1221 440 1268 Adnuite
465 1237 494 1268 o
517 1220 720 1276 timidis,
748 1219 1011 1267 mitissima
1034 1217 1253 1274 numina,
1278 1217 1432 1265 votis!

288 1298 569 1345 Praesentes
596 1298 784 1362 aliquid
810 1296 965 1361 prosit
988 1296 1172 1344 habere
1199 1294 1364 1343 Deos!

223 1375 436 1422 Caesaris
462 1375 676 1423 adventu
700 1383 810 1423 tuta
828 1373 1070 1438 gladiator
1095 1389 1244 1421 arena

289 1452 409 1499 Exit
413 1463 464 1524 js
478 1459 528 1500 et
547 1452 786 1500 auxilium
812 1468 910 1500 non
935 1453 1042 1500 leve
1067 1451 1230 1498 vultus
1256 1450 1422 1497 habet.

221 1529 330 1576 Nos
359 1545 561 1592 quoque
585 1537 749 1578 vestra
778 1532 919 1594 juvet
955 1530 1107 1594 quod,
1135 1544 1235 1592 qua
1268 1528 1401 1583 licet,
1428 1543 1514 1574 ora
1538 1528 1604 1574 vi-

419 1607 594 1655 demus
613 1626 623 1665 ;

1544 1608 1606 1652 55

288 1683 480 1731 Intrata
504 1691 580 1731 est
607 1684 810 1748 Superis
837 1685 971 1755 quod
997 1684 1173 1731 domus
1199 1698 1299 1729 una
1322 1681 1496 1729 tribus.

263 1855 314 1884 40.
338 1857 416 1885 Ante
444 1855 640 1894 triumphales
665 1855 776 1895 equos]
812 1855 879 1886 Tri-

219 1904 393 1942 umphantes
406 1908 454 1934 est
474 1902 505 1933 in
521 1903 751 1934 vetustioribus.
795 1903 878 1935 Ante

219 1963 315 1992 equos
339 1952 466 1988 Tiberii,
491 1952 529 1982 de
560 1952 730 1983 Germania
755 1953 879 1984 devicta

220 2000 410 2043 triumphum
426 2002 557 2042 agentis.

264 2050 423 2091 Feratur]
451 2051 542 2081 Picta
558 2050 606 2081 vel
619 2051 740 2082 caelata.
769 2052 878 2082 llam„

264 2099 315 2129 41.
335 2099 463 2140 Pylios]
483 2099 513 2130 h.
528 2109 555 2130 e.
569 2099 824 2131 Nestoris.Trist.
836 2102 878 2131 V.

223 2160 251 2179 v.
265 2148 317 2178 62.
333 2148 368 2178 P.
381 2149 408 2178 Ι.
421 2148 463 2179 iv.
482 2149 531 2179 10.
549 2148 676 2178 (ἷιιιηιεωΙ
692 2148 722 2179 h.
734 2160 762 2179 e.
777 2149 879 2189 Sibyl-

222 2197 260 2228 lae
287 2198 423 2228 Cumaeae
446 2209 474 2228 v.
491 2198 579 2239 Virg.
596 2199 671 2228 AEn.
684 2209 713 2229 v.
729 2199 806 2228 321.
822 2198 880 2229 ibi-

222 2257 282 2288 que
300 2246 452 2277 Servium.
498 2247 645 2277 limus.

264 2296 315 2326 49.
329 2295 378 2325 Sic
394 2297 446 2325 tibi
464 2295 565 2326 ,Marte
580 2295 879 2337 sztojrczte1·11if1me-

226 2347 265 2375 ris
281 2345 415 2385 ancwin]
447 2345 535 2375 Ultor
551 2350 582 2376 et
604 2345 705 2375 Marte
725 2344 883 2386 ingeniose

221 2400 447 2436 comparantur.
463 2406 492 2425 v.
507 2394 559 2425 Tr.
582 2394 614 2425 ii.
635 2395 708 2426 296.
728 2401 759 2425 et
782 2395 879 2425 Octa·

221 2443 332 2474 vianus
352 2443 383 2474 in
404 2443 468 2474 foro
491 2454 509 2474 a
533 2454 565 2474 se
588 2449 704 2474 structo
728 2443 878 2485 templum

220 2493 334 2524 Martis
357 2493 473 2524 Ultoris
496 2494 700 2524 consecravit.
723 2505 750 2524 v.
774 2493 880 2523 Moni-

221 2547 359 2571 mentum
376 2541 588 2583 Ancyranum‚
630 2540 773 2572 Tiberius
787 2541 879 2572 ulcis-

222 2597 309 2621 catur
328 2596 458 2621 mortem
474 2591 575 2622 fratris
590 2597 620 2622 et
635 2590 828 2633 triumphans
843 2591 881 2622 de

223 2640 387 2670 Germanis
430 2639 552 2672 insistat
588 2640 747 2682 quadrigis
791 2640 880 2671 albis.

222 2688 315 2719 Trist.
333 2689 393 2720 IV.
408 2689 440 2720 ii.
455 2690 509 2720 47.
556 2689 704 2721 mutas.

265 2738 316 2767 50.
360 2738 533 2777 Purpureus
563 2738 682 2779 filius]
730 2738 880 2774 Tiberius,

947 1853 1044 1885 Liviae
1059 1853 1151 1890 filius,
1167 1852 1389 1895 paludamento
1410 1851 1606 1894 imperatorio

947 1910 978 1934 et
992 1913 1145 1945 purpureo
1159 1902 1298 1932 indutus.

989 1954 1042 1984 52.
1062 1953 1138 1982 Deos
1150 1951 1335 1992 praesentes.]
1354 1950 1606 1992 Augusti‚Tibe-

946 2001 982 2032 rii
997 2008 1027 2032 et
1043 2000 1138 2031 Liviae
1154 2000 1306 2041 imagines
1319 1999 1429 2030 missas
1444 1999 1557 2031 Roma.

988 2051 1042 2081 53.
1079 2050 1202 2080 Coesaris
1224 2048 1387 2089 adventu]
1425 2048 1549 2079 Caesare
1573 2048 1606 2079 in

946 2109 1071 2130 arenam
1102 2098 1263 2135 veniente;
1300 2107 1372 2127 nam
1409 2097 1607 2138 gladiatores,

947 2147 1000 2189 qui
1015 2147 1095 2178 servi
1110 2153 1208 2182 erant,
1223 2146 1309 2182 victi,
1325 2145 1546 2187 confugiebant
1566 2146 1606 2177 ad

946 2195 1043 2238 pedes
1066 2195 1209 2231 Caesaris,
1226 2201 1257 2225 et
1278 2195 1447 2225 incolumes
1467 2193 1606 2226 dimitte-

947 2246 1070 2275 bantur.
1097 2245 1137 2275 Et
1149 2244 1174 2274 si
1186 2244 1400 2285 confugientes
1409 2243 1447 2274 ad
1459 2249 1607 2280 statuam,

947 2294 1036 2325 liberi
1053 2291 1152 2330 erant,
1168 2294 1266 2324 multo
1281 2293 1380 2335 magis
1394 2293 1608 2335 confugientes

948 2343 989 2374 ad
1019 2343 1119 2385 ipsum
1146 2343 1372 2386 imperatorem.
1422 2343 1543 2378 Vultus,
1574 2343 1606 2374 id

943 2398 999 2429 est,
1016 2393 1148 2424 Caesaris
1162 2391 1327 2434 praesentia
1348 2391 1445 2422 habet
1465 2402 1526 2422 non
1541 2402 1605 2422 mo-

944 2441 1060 2478 dicum,
1083 2441 1137 2472 sed
1166 2452 1313 2482 magnum
1339 2440 1502 2477 auxilium,
1531 2441 1606 2482 quia

944 2491 998 2522 ille
1022 2491 1182 2522 liberatur.
1232 2491 1310 2521 Tuta
1331 2491 1486 2532 gladiator
1501 2502 1605 2528 arena,

946 2552 1001 2583 pro
1029 2543 1086 2580 ipse
1108 2542 1265 2582 gladiator
1290 2547 1383 2577 tutus,
1407 2546 1480 2571 nota
1509 2540 1608 2582 poetis

946 2590 1124 2621 metathesi.
1169 2590 1286 2620 Hzrxs.

991 2641 1044 2670 55.
1072 2640 1132 2670 Nos
1147 2650 1257 2680 quoque
1269 2637 1490 2678 vestr-ajunetJ
1518 2635 1604 2667 Ordo

949 2695 1012 2720 est:
1038 2689 1104 2720 Nos
1120 2698 1244 2730 quoque
1256 2688 1356 2729 juvet,
1368 2686 1450 2728 quod
1466 2685 1608 2716 videmus

949 2745 1049 2769 vestra
1071 2748 1134 2774 ora,
1158 2748 1219 2779 quo
1245 2737 1335 2767 modo
1360 2734 1606 2775 licet,‚imagine

1652 848 1671 867 ’φ
