1760 3172
333 176 425 219 EX
459 176 671 218 PONTO
705 175 824 217 LIB.
859 177 951 218 ΙΙΙ.
986 177 1178 219 EPIST.
1212 178 1249 219 Ι.

1399 180 1483 221 445

100 293 170 340 Ut
192 293 356 340 minus
383 292 563 340 infesta
580 294 775 356 jaceam
801 292 1018 354 regione,
1046 293 1244 340 labora:
1421 297 1481 341 85

167 370 362 417 Clauda
386 386 478 417 nec
504 369 649 416 officii
677 384 789 432 pars
817 369 909 415 erit
933 369 1034 415 ulla
1057 369 1145 416 tui.

96 446 286 510 Magna
309 454 441 511 peto,
466 448 554 494 sed
580 463 678 494 non
703 453 869 494 tamen
895 445 1139 492 invidiosa
1164 446 1383 508 roganti:

164 524 337 587 thue
363 540 422 571 ea
445 540 542 571 non
566 531 755 579 teneas,
783 530 892 570 tuta
916 523 1118 586 repulsa
1142 530 1228 570 tua
1253 530 1345 570 est.

95 600 204 648 Nec
228 601 348 648 mihi
374 618 630 658 succense,
654 602 801 649 toties
829 602 868 648 si
896 601 1113 659 carmine
1140 607 1323 655 nostro,

160 677 307 732 Quod
332 677 470 733 facis,
498 687 553 725 ut
576 678 744 734 faciaS,
771 685 922 741 teque
949 678 1158 734 imitere,
1187 694 1323 740 rogo.
1417 681 1480 725 90

95 754 328 802 Fortibus
354 755 580 802 adsuevit
604 755 806 802 tubicen
833 755 1087 818 prodesse,
1112 771 1304 817 suoque

163 831 281 878 Dux
305 832 433 879 bene
458 839 740 895 pugnantes
767 831 940 878 incitat
965 848 1047 878 ore
1073 831 1217 878 viros.

97 907 232 955 Nota
252 915 338 956 tua
358 915 435 956 est
455 908 696 972 probitas,
715 915 1001 971 testataque
1018 915 1215 971 tempus
1238 908 1287 955 in
1303 925 1447 956 omne
1467 926 1477 956 :

164 984 242 1032 Sit
264 985 418 1033 virtus
444 985 595 1033 etiam
620 1002 717 1032 non
743 985 991 1049 probitate
1018 985 1190 1031 minor.

97 1060 211 1108 Non
226 1062 318 1110 tibi
333 1061 609 1109 Amazonia
623 1070 700 1109 est
719 1079 808 1126 pro
826 1078 903 1109 me
925 1062 1167 1108 sumenda
1191 1062 1393 1119 securis,
1419 1064 1481 1109 95

162 1137 265 1186 Aut
289 1139 460 1186 excisa
482 1140 577 1187 levi
603 1140 739 1203 pelta
763 1139 982 1202 gerenda
1006 1155 1171 1186 manu.

97 1214 299 1263 Numen
325 1216 629 1264 adorandum
657 1223 759 1273 est;
790 1232 888 1262 non
913 1222 969 1262 ut
993 1215 1113 1261 mihi
1138 1214 1224 1262 fiat
1248 1214 1478 1271 amicum,

164 1292 266 1340 Sed
292 1292 357 1340 sit
382 1300 438 1340 ut
462 1292 658 1349 iratum,
686 1309 837 1355 quam
863 1292 954 1339 fuit
975 1299 1104 1349 ante,
1128 1292 1308 1338 minus.

97 1368 271 1417 Gratia
295 1370 335 1417 si
361 1371 497 1418 nulla
521 1378 612 1426 est,
641 1371 874 1434 lacrymae
899 1369 989 1417 tibi
1016 1369 1175 1432 gratia
1197 1369 1346 1416 fient:

163 1446 272 1494 Hac
299 1454 460 1511 potes,
489 1454 573 1495 aut
597 1448 748 1505 nulla,
777 1455 918 1511 parte
944 1463 1139 1494 movere
1167 1445 1319 1493 Deos.

139 1651 190 1681 86.
209 1651 328 1682 Clauda
344 1662 396 1682 nec
415 1651 505 1693 officii
525 1663 594 1691 pars
613 1655 669 1683 erit
689 1654 753 1683 ulla

95 1700 169 1740 tui.]
203 1700 298 1730 Omni
322 1710 360 1731 ex
387 1706 474 1742 parte
502 1701 675 1742 perfectum
698 1701 755 1732 erit

94 1749 230 1780 officium
246 1754 345 1780 tuum.

138 1799 190 1828 87.
206 1798 263 1829 Sed
281 1810 339 1829 non
360 1805 459 1829 tamen
482 1800 626 1830 invidiosa
644 1811 754 1841 rogan-

95 1847 146 1887 ti.]
169 1846 232 1877 Sed
253 1853 358 1878 tamen
380 1847 500 1878 nullam
523 1849 580 1879 tibi
604 1849 754 1879 invidiam

94 1901 126 1926 et
148 1895 418 1933 detrectationem,
442 1907 497 1928 seu
520 1897 627 1928 odium
651 1897 755 1928 conci-

94 1944 220 1976 liatura.

137 1995 193 2025 88.
214 1993 311 2034 thue
326 2005 359 2024 ea
370 2006 429 2025 ηοη
447 1995 571 2036 teneas]
595 1997 636 2026 Et
646 2006 757 2037 quam—

93 2041 141 2073 vis
166 2053 228 2073 non
253 2042 394 2074 obtineas
418 2054 488 2085 quae
508 2055 563 2085 pro
589 2055 639 2076 me
659 2050 758 2086 petes.

97 2092 177 2122 Tuta
194 2093 315 2132 repulsa
340 2099 394 2123 tua
418 2101 470 2124 est.
507 2093 539 2123 Si
560 2093 707 2135 rejiciefis
726 2105 757 2124 re

93 2140 221 2178 infecta,
242 2141 320 2173 nihil
340 2143 379 2173 ob
398 2142 431 2173 id
452 2142 509 2173 tibi
533 2143 608 2173 mali
636 2142 755 2174 contin-

94 2196 158 2232 get.

137 2241 192 2271 90.
214 2240 256 2270 Ut
267 2239 374 2281 facias
387 2243 464 2281 quod
477 2241 594 2283 facis]
621 2242 666 2272 Ut
680 2241 756 2271 mihi

94 2288 268 2331 opituleris,
287 2289 550 2330 quemadmodum
568 2289 654 2320 facis.
703 2290 756 2320 Te-

93 2350 149 2379 que
172 2340 298 2369 imitere.
326 2339 368 2369 Et
389 2350 462 2380 rogo
484 2339 593 2374 etiam,
619 2347 654 2370 ut
678 2338 755 2370 velis

95 2398 196 2418 mores
220 2393 251 2418 et
275 2393 420 2418 naturam
444 2394 530 2419 tuam
551 2388 676 2424 imitari,
694 2399 757 2429 qua

95 2436 175 2468 soles
194 2442 303 2478 sponte
323 2447 445 2479 semper
465 2437 504 2469 de
519 2437 662 2468 omnibus
676 2438 756 2468 bene

96 2496 218 2516 mereri.

137 2536 191 2565 91.
213 2535 353 2565 Fortibus
379 2536 514 2566 adsuevit
544 2537 662 2566 tubicen
686 2547 755 2575 pro-

95 2584 199 2624 desse]
231 2584 506 2621 Quemadmodum
535 2584 568 2615 in
594 2585 677 2615 bello
708 2590 756 2615 tu-

96 2632 188 2664 bicen
202 2639 298 2664 cantu
313 2633 406 2665 fortes
421 2633 537 2665 milites
552 2633 706 2670 accendit,
725 2639 756 2664 et

96 2683 197 2713 bonus
222 2682 317 2714 etiam
340 2683 506 2725 imperator
527 2683 666 2714 oratione
693 2683 756 2714 ala—

97 2731 210 2763 criores
234 2732 356 2764 reddit:
382 2733 426 2763 sic
450 2744 483 2764 se
507 2733 584 2763 dicit
608 2744 644 2764 eo
668 2732 758 2763 modo

1391 1449 1481 1492 lOO

823 1663 950 1683 uxorem
977 1646 1085 1694 sponte
1109 1651 1272 1682 incitatam
1297 1650 1392 1681 etiam
1414 1650 1482 1682 hor-

822 1701 890 1732 tari.

865 1752 917 1781 94.
943 1751 989 1780 Sit
1014 1752 1110 1780 virtus
1135 1752 1223 1780 etiam
1253 1761 1312 1780 uon
1337 1752 1483 1789 probitate

822 1800 946 1840 minora]
965 1799 1082 1829 Versus
1098 1798 1206 1829 merito
1219 1804 1382 1840 suspectus
1397 1798 1484 1830 mihi.

822 1849 942 1879 mes.
989 1848 1122 1878 Videtur
1147 1853 1254 1877 tamen
1280 1854 1412 1888 purgatu
1434 1848 1480 1878 fa-

824 1897 905 1928 cilis.
957 1897 1148 1932 Probitatem,
1164 1896 1196 1926 id
1212 1902 1258 1927 est
1273 1907 1372 1927 mores
1389 1902 1420 1927 et
1435 1897 1481 1927 af-

824 1947 940 1978 fectum
960 1947 1090 1984 laudat,
1114 1949 1267 1982 virtutem,
1283 1947 1314 1976 id
1335 1952 1381 1977 est
1396 1947 1482 1977 forti-

824 1995 964 2027 tudinem
980 1996 1177 2037 aliquantum
1193 1995 1366 2026 desiderat:
1387 1997 1420 2026 id
1435 1997 1483 2027 αἰ-

826 2045 967 2077 νίττεται
989 2045 1073 2086 quod
1093 2045 1262 2087 praecessit,
1280 2052 1346 2075 tuta
1365 2049 1484 2085 repulsa

824 2101 878 2125 tua
903 2102 964 2126 est.-
989 2095 1153 2136 sequentia
1170 2106 1241 2125 vero
1267 2095 1403 2135 apertius
1425 2096 1481 2127 de-

823 2145 966 2184 clarant;
989 2145 1069 2175 illud
1093 2144 1262 2186 praecipue,
1287 2144 1369 2178 Quid
1393 2148 1482 2185 trepi-

823 2195 886 2229 das,
902 2200 930 2224 et
946 2195 1030 2224 adire
1047 2196 1139 2223 times.

866 2243 920 2273 96.
937 2243 1001 2272 Aut
1024 2243 1106 2281 pelta
1128 2242 1249 2281 excisa]
1276 2240 1342 2271 Aut
1360 2248 1482 2272 scutum

824 2292 864 2323 ad
894 2292 1129 2323 similitudinem
1158 2292 1239 2322 lunae
1266 2292 1332 2333 jam
1361 2291 1482 2328 mediae,

825 2352 886 2383 quo
900 2342 1074 2372 Amazones
1089 2342 1270 2372 utebantur.

867 2391 921 2421 97.
935 2390 1055 2420 Numen
1067 2391 1255 2420 adorandum
1271 2390 1339 2430 est.]
1353 2390 1413 2420 Per
1425 2401 1480 2421 nu-

824 2450 908 2475 men,
926 2439 1103 2480 Augustum
1126 2439 1276 2479 intellige.
1308 2440 1411 2469 Docet
1425 2450 1481 2471 au-

825 2494 898 2524 tem,
915 2488 990 2529 quid
1005 2488 1043 2519 ab
1060 2498 1157 2519 uxore
1172 2488 1236 2518 fieri
1251 2487 1376 2518 debeat.

866 2538 918 2568 99.
936 2537 1092 2577 Lacrymae
1109 2538 1162 2567 tibi
1183 2538 1285 2578 gratia
1295 2537 1404 2577 fient]
1428 2537 1480 2567 In-

824 2586 921 2628 cipias
958 2586 1104 2627 lacrymis
1145 2585 1227 2627 apud
1266 2586 1482 2627 imperatorem

825 2645 926 2676 agere,
951 2645 1020 2675 quae
1044 2640 1134 2665 erunt
1159 2633 1227 2664 loco
1255 2633 1383 2675 gratiae:
1408 2640 1481 2665 tunc

825 2684 907 2714 enim
922 2685 1064 2714 flectetur
1080 2683 1120 2713 ad
1136 2682 1387 2719 misericordiam,
1400 2688 1431 2714 et
1446 2693 1482 2714 eo

826 2739 918 2774 pacto
934 2732 1038 2763 omnia
1055 2743 1123 2774 quae
1140 2731 1235 2768 voles,
1250 2732 1415 2763 obtinebis.
