1760 3172
318 435 606 484 PUBLII

670 433 941 482 OVIDII
1004 432 1359 480 NASONIS

617 615 1058 674 TRISTIUM

539 797 742 835 LIBER

789 796 1146 834 SECUNDUS

713 975 973 1008 -4—

672 1126 836 1157 ELEGIA
860 1125 1014 1157 UNICA.

147 1218 298 1273 an
324 1218 444 1265 mihi
468 1218 727 1266 vobiscum
753 1226 846 1275 est,
874 1218 1046 1267 infelix
1072 1235 1206 1275 cura,
1234 1219 1406 1276 libelli,

215 1295 424 1358 Ingenio
449 1296 573 1360 perii
600 1296 687 1359 qui
712 1296 862 1343 miser
887 1295 995 1359 ipse
1021 1296 1167 1343 meo?

148 1372 268 1429 Cur,
286 1373 434 1420 modo
453 1373 734 1429 damnatas,
756 1380 946 1437 repeto,
965 1389 1077 1421 mea
1091 1373 1313 1431 crimina,
1335 1373 1542 1422 Musas?

212 1449 293 1497 An
318 1450 472 1498 semel
498 1457 574 1498 est
598 1466 797 1514 poenam
823 1451 1178 1499 commeruisse
1204 1452 1408 1515 parum?

149 1527 387 1575 Carmina
409 1527 650 1584 fecerunt,
678 1536 734 1575 ut
758 1544 836 1575 me
863 1545 1166 1591 cognoscere
1190 1529 1377 1576 vellent
1513 1532 1542 1575 5

216 1603 397 1653 Omine
423 1621 522 1652 non
546 1604 710 1652 fausto
736 1605 922 1653 femina
944 1607 1134 1670 virque,
1163 1622 1304 1654 mea:

149 1680 385 1729 Carmina
408 1681 649 1738 fecerunt,
678 1689 733 1729 ut
757 1698 836 1730 me
862 1699 1126 1746 moresque
1152 1690 1349 1730 notaret

213 1757 244 1804 J
249 1774 328 1805 am
353 1758 555 1806 demum
580 1759 685 1805 visa
712 1758 884 1806 Caesar
910 1760 972 1806 ab
999 1759 1121 1807 Arte
1147 1776 1304 1806 meos.

149 1834 310 1883 Deme
335 1835 453 1882 mihi
481 1836 726 1894 studium;
756 1836 870 1883 vitae
893 1853 1095 1900 quoque
1117 1837 1324 1884 crimina
1342 1838 1538 1886 demes:

214 1912 496 1977 Acceptum
522 1913 679 1961 refero
704 1915 947 1971 versibus,
976 1932 1088 1963 esse
1115 1931 1318 1962 nocens.
1487 1919 1546 1961 10

143 1988 260 2036 vHoc
286 1990 501 2054 pretium
527 2007 659 2038 curae
683 1991 1102 2055 vigilatorumque
1128 1992 1355 2039 laborum

216 2067 486 2132 Cepimus:
526 2069 726 2131 ingenio
752 2085 900 2133 poena
923 2077 1121 2133 reperta
1146 2085 1273 2117 meo.

193 2199 220 2229 l.
246 2198 358 2240 Cura.]
385 2199 512 2242 Proprie
527 2200 566 2231 de
580 2201 674 2232 rebus
689 2201 812 2232 carissi—

147 2247 206 2279 mis
229 2254 416 2290 usurpatur;
441 2248 513 2280 hinc
540 2250 635 2280 etiam
659 2261 713 2292 pro
740 2262 812 2292 poe-

149 2302 243 2334 mate,
257 2297 404 2339 quoniam
425 2304 525 2341 poetae
545 2310 601 2330 sua
621 2300 761 2330 carmina
776 2311 810 2331 a·

148 2351 245 2377 mant.
269 2347 365 2377 Mart.
381 2346 402 2378 i.
421 2348 492 2378 108.
510 2350 541 2379 5.
565 2348 700 2379 Condere
716 2351 812 2380 victu—

148 2406 199 2426 ras
213 2402 323 2427 tentem
336 2407 390 2436 per
405 2399 513 2428 saecula
530 2409 629 2428 curas.
663 2398 813 2430 HARLES.

192 2455 244 2475 vv.
267 2447 297 2481 5,
314 2446 343 2476 6.
368 2446 435 2477 Hos
449 2457 555 2478 versus
571 2446 714 2488 genuinae
731 2454 812 2479 notae

148 2504 212 2525 non
239 2505 319 2531 esse,
342 2501 432 2538 putat
461 2495 622 2534 Heinsius,
649 2507 707 2528 nec
737 2497 813 2528 mihi

149 2542 285 2584 placent,
310 2543 504 2585 potissimum
533 2546 570 2576 τὸ
597 2557 676 2576 mea:
711 2546 814 2577 forsan

149 2591 254 2622 minus
274 2592 384 2633 putide
406 2593 525 2634 legeres
542 2606 613 2632 meo,
637 2599 668 2626 et
688 2595 816 2626 referres

150 2640 191 2671 ad
206 2643 312 2672 omine.
358 2642 506 2673 Hamas.

195 2691 225 2720 7.
250 2690 410 2732 Notat-et]
435 2691 465 2722 A
485 2698 559 2723 nota
577 2693 717 2724 censoria
734 2703 815 2724 sum-

151 2744 217 2769 tum
239 2739 426 2771 vocabulum
455 2740 558 2771 innuit
584 2740 758 2782 ignominia
785 2747 817 2773 et

879 2212 976 2244 poena
1005 2202 1149 2233 adficere.
1180 2200 1245 2231 vid.
1272 2200 1380 2231 Burm.
1407 2199 1447 2231 ad
1472 2200 1547 2231 Her.

880 2251 912 2282 ii.
929 2253 982 2282 86.

926 2303 976 2332 10.
1003 2301 1071 2331 Esse
1095 2311 1200 2330 nocens
1222 2305 1269 2331 est
1292 2300 1472 2341 graecismus
1493 2310 1548 2341 pro

881 2361 937 2381 esse
950 2356 1112 2383 nocentem,
1126 2348 1229 2389 inquit
1239 2348 1404 2389 Micyllus.
1429 2348 1547 2378 Burm.

928 2400 976 2429 ll.
1003 2399 1068 2428 Hoc
1091 2399 1223 2437 pretium
1247 2398 1342 2438 vitm]
1372 2397 1460 2427 Curae
1480 2407 1546 2427 rec-

881 2448 953 2483 tius,
966 2458 1037 2478 nam
1054 2448 1121 2477 vitae
1136 2452 1337 2488 praecesserat
1349 2446 1444 2488 paulo
1460 2452 1547 2483 ante3

882 2507 985 2539 neque
1003 2496 1094 2527 aliter
1109 2496 1231 2527 Bersm.
1246 2496 1336 2526 liber.
1352 2496 1442 2526 Pont.
1460 2495 1492 2525 ii.
1506 2495 1547 2526 iv.

887 2546 924 2576 16
937 2558 943 2575 z

919 2595 984 2625 Hoc
992 2596 1122 2634 pretium
1137 2605 1215 2624 curae
1226 2595 1315 2624 dulce
1325 2596 1451 2624 ‘recentis
1461 2602 1545 2631 erat,-

883 2650 977 2684 atque
996 2642 1040 2673 ita
1055 2642 1121 2683 jam
1145 2643 1177 2675 in
1198 2642 1279 2673 notis
1299 2640 1363 2672 suis
1386 2652 1473 2673 meus
1490 2653 1546 2684 pa-

882 2701 962 2723 renS.
1008 2690 1124 2721 Hiems.
