1760 3172
374 196 563 238 ARTIS
598 195 958 237 AMATORIAE
992 194 1112 235 LIB.
1146 194 1236 235 Ill.
1469 194 1524 234 53

122 310 261 366 Arte,
290 312 542 375 supercilii
568 310 785 358 confinia
809 310 945 356 nuda
969 310 1191 373 repletis,

189 387 450 451 Parvaque
476 389 696 435 sinceras
722 387 855 434 velat
880 387 1017 433 aluta
1041 402 1212 448 genas.

120 465 167 511 N
173 482 229 513 ec
255 466 414 529 pudor
438 473 515 514 est
538 467 709 513 oculos
732 463 869 512 tenui
895 463 1091 525 signare
1117 463 1310 517 favilla;

186 541 279 590 Vel
305 559 458 606 prope
485 550 534 590 te
560 549 692 597 nato,
722 540 887 588 lucide
915 540 1114 604 Cydne,
1143 556 1305 586 croco

121 617 213 665 Est
238 619 374 676 mihi,
402 635 501 682 quo
527 619 632 666 dixi
651 624 829 666 vestrae
856 616 1190 664 medicamina
1210 615 1394 671 formae,
1418 620 1514 662 205

184 695 389 751 Parvus,
418 696 506 743 sed
533 696 653 742 cura
679 693 868 756 grande
894 693 1093 740 libellus
1119 709 1263 756 opus.

120 771 249 819 Hinc
277 789 479 836 quoque
505 773 791 836 praesidium
816 772 948 818 laesae
977 772 1188 835 petitote
1213 771 1383 833 figurae
1405 788 1413 818 ε

186 849 300 896 Non
325 857 403 897 est
426 867 514 914 pro
538 851 714 897 vestris
741 866 819 897 ars
846 865 958 897 mea
983 851 1131 897 rebus
1158 849 1306 896 iners.

119 926 233 974 Non
258 935 426 976 tamen
451 930 707 993 expositas
733 929 907 976 mensa
935 928 1213 992 deprendat
1238 934 1426 975 amator

183 1003 426 1068 Pyxidas.
467 1022 545 1053 ars
571 1005 748 1053 faciem
775 1005 1089 1052 dissimulata
1107 1006 1264 1068 juvat.

1414 1008 1512 1051 ‘Mo

116 1080 278 1135 Quem
304 1099 403 1130 non
429 1083 650 1131 offendat
675 1090 780 1130 toto
805 1083 902 1129 faex
930 1083 1057 1130 illita
1080 1083 1234 1138 vultu,

183 1158 313 1205 Cum
338 1160 448 1207 fluit
472 1160 521 1207 in
546 1160 742 1224 tepidos
769 1160 988 1224 pondere
1014 1161 1155 1224 lapsa
1181 1160 1353 1206 sinus?

116 1235 312 1300 OEsypa
337 1237 459 1300 quid
485 1238 725 1293 redolent,
754 1237 981 1300 quamvis
1006 1237 1232 1285 mittatur
1256 1236 1468 1284 Athenis

182 1313 395 1361 Demtus
421 1315 483 1362 ab
510 1315 765 1362 immundo
791 1316 972 1362 vellere
998 1331 1178 1362 succus
1205 1315 1344 1361 ovis?

115 1389 223 1438 Nec
250 1408 417 1439 coram
442 1392 626 1440 mixtas
652 1408 810 1439 cervae
837 1392 1076 1439 sumsisse
1102 1391 1364 1447 medullas,
1412 1394 1508 1438 215

179 1467 287 1516 Nec
312 1485 479 1517 coram
505 1470 682 1518 dentes
707 1469 1002 1517 defricuisse
1029 1471 1253 1534 probem.

112 1544 217 1592 Ista
240 1547 432 1594 dabunt
455 1547 661 1605 faciem3
703 1548 791 1595 sed
818 1555 964 1595 erunt
988 1548 1230 1595 deformia
1254 1548 1362 1594 visu
1383 1565 1392 1595 :

177 1623 460 1688 Multaque,
487 1626 608 1673 dum
632 1625 758 1672 fiunt
780 1626 962 1689 turpia,
990 1625 1123 1672 facta
1151 1626 1368 1688 placent.

110 1699 235 1755 Quae
261 1718 393 1749 nunc
419 1719 600 1750 nomen
626 1703 814 1750 habent
839 1699 1035 1767 operosi
1062 1702 1206 1765 signa
1231 1702 1478 1766 Myronis,

175 1777 380 1830 Pondus
402 1780 532 1828 iners
549 1782 821 1844 quondam,
840 1782 1067 1845 duraque
1090 1796 1256 1828 massa
1270 1779 1378 1827 fuit.
1406 1784 1504 1826 220

150 1917 224 1948 203.
248 1917 377 1959 Aluta.]
407 1918 674 1960 calliblepharmi,
697 1921 769 1953 vide

105 1963 266 1997 Arbitrum
283 1971 434 1998 nostrum.
483 1969 616 2001 DOUZA.

148 2017 225 2047 213.
251 2017 356 2057 OEsopa
379 2020 451 2059 quid
476 2021 623 2057 redolent,
638 2024 771 2061 quanzm's

105 2066 270 2097 mittantur
283 2068 409 2098 Athenis
418 2068 447 2108 ?]
467 2069 518 2099 Sic
531 2070 625 2112 vulgo
640 2071 768 2112 quidem

105 2114 235 2156 legitur:
259 2116 315 2148 sed
331 2117 453 2158 OEsypa,
466 2129 540 2150 vera
554 2119 648 2151 lectio
663 2126 768 2162 postu-

104 2163 161 2195 lat.
186 2174 260 2209 nam
276 2170 307 2196 et
322 2166 405 2208 apud
423 2167 553 2198 Suidam
566 2174 597 2199 et
612 2169 696 2211 apud
710 2170 769 2200 Di-

102 2214 275 2246 oscoridem
297 2215 403 2247 media
419 2216 542 2258 syllaba
564 2229 619 2259 per
631 2230 651 2259 y
666 2219 768 2261 psilon

102 2261 247 2294 scribitur
255 2275 264 2302 ;
288 2275 479 2306 quamquam
492 2266 571 2297 alias
583 2267 679 2298 iidem
693 2279 767 2300 auc-⁵

104 2315 184 2342 tores
198 2323 311 2354 genere
327 2325 388 2345 non
401 2316 602 2347 conveniant.
627 2328 699 2348 nam
709 2318 768 2348 Di-

103 2360 257 2393 oscorides
282 2362 420 2401 οἵσυπος
441 2363 473 2395 δὲ
494 2364 636 2407 λέγεται,
653 2367 767 2409 inquit,

102 2410 140 2440 τὸ
168 2409 201 2441 ἐκ
223 2415 291 2444 τῶν
315 2413 507 2456 οἰσυπηρῶν
532 2414 628 2456 ἐρίων
657 2415 767 2454 λίπος.

103 2458 230 2491 vaL.

144 2510 221 2541 215.
246 2510 417 2553 sumsisse]
450 2514 547 2545 Suisse
569 2526 649 2546 unus
673 2516 764 2547 Vati-

101 2568 210 2590 canus.
241 2559 319 2591 forte
349 2564 470 2594 suxisse.
511 2564 633 2596 mes.
675 2565 766 2596 Nihil

102 2612 209 2646 muta3
239 2620 353 2641 sumere
377 2617 482 2653 posset
511 2612 627 2654 aliquis
654 2624 765 2656 capere

99 2667 154 2697 pro
175 2657 282 2689 bibere
306 2660 461 2692 medullas
484 2662 597 2693 mixtas
621 2662 692 2694 vino
716 2664 766 2695 vel

100 2705 160 2736 alio
181 2706 315 2748 liquore.
341 2715 375 2739 ut
397 2721 483 2752 supr.
508 2711 541 2742 ii.
566 2711 674 2743 Amor.
698 2713 762 2744 xix.

99 2755 152 2787 32.
169 2756 223 2788 sed
240 2757 322 2789 majo
343 2758 381 2791 de
402 2760 560 2801 pigmento
582 2773 619 2792 cx
637 2764 763 2794 cervina

839 1921 978 1952 medulla
1009 1920 1078 1951 aliis
1107 1918 1376 1950 Medicaminibus
1405 1916 1504 1947 mixta

836 1970 1023 2013 intelligere.
1040 1969 1114 2012 quia
1126 1971 1252 2000 cervimr
1267 1969 1404 1999 medullcr
1420 1966 1505 2009 prin-

836 2021 975 2063 cipatum
1002 2021 1082 2051 inter
1110 2019 1342 2050 medicamenta
1371 2029 1408 2048 ex
1439 2027 1505 2047 me-

836 2069 932 2101 dullis
958 2068 1142 2100 animalium
1165 2067 1276 2098 tribuit
1300 2066 1422 2097 Plinius
1445 2065 1503 2096 lib.

836 2118 944 2150 xxviii.
971 2129 1041 2160 cap.
1066 2119 1098 2148 9.
1125 2122 1157 2148 et
1183 2117 1241 2147 hoc
1270 2127 1362 2147 sensu
1388 2115 1503 2157 passim

836 2168 974 2199 medicos
988 2179 1103 2198 sumere
1119 2172 1150 2197 et
1160 2177 1307 2197 assumere
1321 2177 1432 2207 capere
1449 2165 1503 2196 do<

836 2217 902 2248 cuit
928 2216 1073 2247 Rhodius
1096 2216 1129 2246 in
1158 2215 1260 2245 lexico
1289 2214 1503 2250 Scriboniano,

835 2267 874 2298 de
899 2267 1020 2298 interno
1050 2272 1082 2297 ct
1109 2270 1237 2296 externo
1263 2265 1503 2296 medicamento.

836 2318 957 2347 Bunm.

878 2368 954 2397 219.
982 2366 1102 2404 Operosi
1126 2367 1214 2407 signa
1243 2365 1410 2405 Myronis]
1441 2365 1501 2395 Cui

835 2427 896 2446 non
912 2415 1047 2446 innotuit
1062 2415 1188 2445 Bucula
1198 2414 1352 2455 Myronis,
1365 2414 1396 2444 in
1407 2424 1501 2455 quam

835 2471 972 2501 exstant,
1003 2464 1035 2494 in
1065 2463 1198 2494 Anthol.
1228 2463 1271 2493 iv.
1298 2474 1328 2493 c.
1361 2463 1392 2492 7.
1425 2462 1501 2504 Epi-

834 2524 967 2556 gramm.
984 2513 1072 2543 xxxi.
1089 2524 1105 2543 e
1122 2512 1237 2553 quibus
1253 2522 1399 2552 sequens,
1416 2511 1500 2553 quod

834 2569 882 2595 est
895 2562 1016 2595 Juliani
1032 2563 1165 2602 AEgypt.
1183 2561 1376 2591 adferemus:

878 2614 1000 2655 Πάρι-ιν
1015 2610 1114 2649 τὴνόε
1129 2614 1158 2641 Μ
1167 2610 1289 2651 ι’νρωνος
1304 2610 1392 2647 ἰδὼν,
1411 2611 1498 2653 τάχα

920 2664 1016 2694 τοῦτο
1030 2660 1175 2701 βοήσας·

873 2713 914 2744 ’Ἡ
930 2711 1025 2753 φύσις
1043 2709 1173 2746 ι’ὶπνοός
1192 2710 1290 2747 ἐστιν,
1318 2712 1336 2750 ὴ
1356 2712 1499 2753 ἔμπνοος

920 2761 1038 2792 ἔπλετο
1056 2758 1167 2800 τέχνη.

921 2816 946 2845 F.
964 2816 982 2845 :3
