1760 3172
435 184 745 229 TRISTIUM
779 185 899 228 LIB.
934 186 972 228 Ι.
1007 187 1187 230 ELEG.
1222 188 1285 229 X.

1475 188 1557 229 181

165 301 292 350 Inde
318 301 711 350 Mesembriacos
737 307 926 365 portus,
953 308 1004 349 et
1030 301 1280 358 Odesson‚
1309 309 1359 350 et
1383 318 1522 350 arces

231 378 505 426 Praetereat
527 378 687 425 dictas
713 378 928 434 nomine,
957 377 1177 433 Bacche,
1204 385 1318 435 tuo;

165 453 232 502 Et
255 471 382 518 quos
409 454 641 502 Alcathoi
667 461 945 501 memorant
970 471 999 502 a
1023 455 1270 502 moenibus
1296 463 1447 510 ortos,

232 532 449 579 Sedibus
474 532 550 579 his
576 531 841 595 profugum
865 532 1189 579 constituisse
1216 532 1422 580 Larem:

1495 535 1560 578 40

162 608 207 655 A
233 608 433 671 quibus,
461 608 692 656 adveniat
717 607 952 655 Miletida
976 624 1149 671 sospes
1176 609 1238 655 ad
1263 609 1455 663 urbem,

231 685 424 732 Offensi
451 702 551 749 quo
576 701 655 732 me
681 684 926 748 compulit
949 685 1021 731 ira
1047 685 1159 731 Dei.

163 761 308 810 Hanc
332 762 373 809 si
398 751 677 825 contigerit,
704 761 894 810 meritae
920 762 1068 809 cadet
1091 778 1221 824 agna
1247 761 1515 809 Minervae:

231 839 347 886 Non
371 839 492 887 facit
516 840 579 887 ad
604 847 798 887 nostras
824 839 990 886 hostia
1013 841 1171 902 major
1194 855 1333 902 opes.

161 917 264 964 Vos
302 933 521 981 quoque,
555 916 873 981 Tyndaridae,
914 933 1040 979 quos
1079 917 1186 964 haec
1224 917 1344 964 colit
1377 917 1556 974 insula,

360 993 552 1060 fratreS‚

1495 998 1558 1042 45

230 1070 373 1127 Mite,
401 1087 590 1135 precor,
618 1072 821 1135 duplici,
851 1089 1052 1128 numen,
1081 1073 1254 1120 adeste
1279 1073 1386 1120 viae.

163 1147 336 1195 Altera
360 1164 578 1219 namque
605 1156 747 1212 parat
774 1150 1140 1214 Symplegadas
1169 1151 1238 1197 ire
1263 1167 1353 1214 per
1378 1158 1558 1207 arctas,

231 1221 481 1273 Scindere'
498 1225 750 1273 Bistonias
776 1227 933 1274 altera
956 1227 1140 1291 puppis
1167 1244 1342 1290 aquas.

204 1329 257 1359 37.
282 1328 358 1359 Inde
376 1328 599 1360 Mesembriacos
617 1330 753 1370 portus]
772 1330 824 1361 Ab

160 1377 329 1414 Anchiale,
355 1378 468 1420 inquit,
494 1378 584 1409 navis
603 1389 675 1409 mea
703 1379 735 1409 in
754 1390 823 1421 por-

161 1432 228 1457 tum
250 1427 516 1458 Mesembriaeum
544 1427 726 1469 perveniat:
751 1428 824 1459 Me-

160 1475 295 1507 sembria
310 1475 394 1507 enim
409 1476 647 1517 Megarensium
666 1477 726 1507 fuit
741 1478 822 1508 colo-

160 1524 232 1556 nia:
257 1535 351 1567 quam
363 1530 458 1556 antea
471 1525 645 1556 Menebram
657 1527 822 1557 vocabant.

162 1574 204 1605 Et
232 1575 371 1606 Odesson.
417 1574 468 1605 Ita
493 1575 654 1617 appellant
679 1586 750 1607 eam
773 1587 823 1607 ur-

160 1623 232 1654 bem
246 1623 443 1655 Milesiorum
459 1623 625 1655 coloniam.

204 1674 257 1703 38.
284 1673 392 1704 Dictus
420 1674 548 1709 nomine,
578 1673 708 1709 Bacche,
742 1675 820 1715 tum]

160 1721 411 1764 Dionysiopolim
427 1722 516 1759 dicit,
537 1733 608 1764 quae
624 1724 697 1754 urbs
719 1724 776 1756 fuit
793 1725 825 1756 in

161 1770 273 1801 eadem
287 1781 351 1802 ora.

203 1819 258 1849 39.
286 1819 327 1850 Et
340 1831 410 1860 quos
425 1819 592 1861 Alcathoi]
619 1820 757 1852 Calatini
775 1833 825 1853 ur-

160 1868 232 1898 bem
255 1868 413 1900 videretur
438 1869 602 1912 designare
629 1876 733 1912 poeta,
754 1882 825 1912 quae

161 1916 193 1947 in
212 1917 301 1949 litore
318 1918 433 1950 Getico
458 1919 528 1956 sita,
548 1925 640 1951 antea
655 1921 826 1952 vocabatur

161 1968 323 1998 Acervetis.
340 1969 480 2000 Alcathoi
502 1971 654 2001 moem'bus.
700 1971 825 2013 Septem

162 2017 341 2055 Alcathoe53
367 2017 421 2048 alii
435 2020 598 2050 Alcathois.
645 2020 764 2050 mes.

205 2066 259 2098 40.
296 2067 447 2109 Prqfugos
482 2070 668 2099 constituisse
702 2069 824 2110 larem]

162 2113 256 2145 Lares
274 2114 399 2156 plurimi
415 2122 555 2147 veterum
570 2129 578 2155 ;
603 2117 658 2148 sed
674 2118 745 2159 lego
758 2129 827 2157 pro-

151 2163 271 2205 fugum
288 2164 404 2202 [avrem5
428 2165 512 2196 Met.
530 2165 573 2196 iii.
589 2177 654 2197 ver.
671 2167 735 2197 539
746 2180 755 2196 :

205 2212 275 2244 Hac
303 2213 416 2254 Tyron,
443 2215 497 2245 hac
521 2216 668 2257 profugos
689 2217 827 2255 posuistis

246 2264 312 2293 sede
325 2269 457 2302 penates,
664 2265 696 2295 H
700 2276 784 2295 ems.

205 2311 257 2342 41.
273 2313 321 2342 Ad
335 2314 439 2343 urbem
453 2313 624 2355 Miletida]
652 2314 704 2344 Ad
718 2315 828 2345 urbem

161 2359 351 2402 Istropolim,
372 2371 392 2391 a
410 2361 546 2393 Milesiis
565 2362 736 2394 conditam.
782 2363 829 2393 Ea

161 2413 267 2439 autem
293 2420 311 2440 a
333 2420 422 2441 sacro
445 2411 518 2441 Istri
541 2412 619 2442 ostio
642 2413 828 2443 occurrebat

162 2457 203 2488 ad
232 2457 335 2488 stadia
360 2458 552 2501 quingenta:
585 2461 658 2491 inde
687 2461 826 2492 dextror-

161 2517 229 2537 sum
247 2506 375 2538 habenti
390 2508 465 2539 litus
487 2509 544 2540 fuit
560 2510 673 2541 Tomos
695 2511 827 2553 oppidu-

162 2555 229 2586 lum
252 2555 396 2592 alterum,
415 2557 455 2588 ad
478 2559 542 2589 250
558 2559 678 2590 stadia:
703 2560 743 2590 de
766 2570 827 2601 quo

162 2604 214 2635 hic
235 2604 335 2646 magis
355 2606 461 2647 placet
479 2606 651 2649 intelligas,
671 2619 767 2650 quam
787 2609 827 2639 de

161 2652 308 2695 Istropoli
324 2665 331 2692 3
357 2665 429 2685 nam
452 2656 520 2697 ejus
539 2657 644 2687 exsilii
659 2657 747 2688 locus
768 2657 828 2688 fuit

160 2701 284 2738 Tomos,
308 2713 370 2734 non
391 2704 562 2746 Istropolis.
600 2707 693 2738 Mna.
733 2707 824 2737 Mile-

162 2751 238 2782 tida.
270 2752 359 2782 Tomi
376 2752 459 2785 enim
480 2753 678 2786 Milesiorum
694 2756 827 2787 colonia.

894 1331 940 1360 Ex
971 1329 1030 1360 hoc
1059 1330 1197 1361 carmine
1227 1330 1375 1373 conjicio,
1405 1331 1559 1362 Ovidium

893 1379 973 1410 hanc
990 1390 1078 1410 suam
1100 1385 1131 1410 et
1148 1390 1166 1410 a
1183 1391 1216 1411 se
1240 1387 1302 1411 tam
1318 1381 1479 1411 laudatam
1503 1392 1559 1412 na-

892 1439 962 1459 vem
992 1439 1096 1459 rursus
1125 1429 1356 1460 conscendisse.
1402 1430 1560 1466 Quorsum

891 1477 973 1507 enim
990 1482 1123 1519 optaret,
1139 1483 1174 1508 ut
1189 1488 1293 1520 sospes
1307 1478 1420 1509 Tomos
1436 1479 1559 1511 contin-

890 1528 1001 1567 geret?
1033 1531 1136 1557 PoNT.
1164 1528 1307 1559 Miletida
1326 1531 1441 1560 urbem.
1470 1529 1560 1560 Malo

893 1576 1055 1614 Milesida;
1085 1587 1157 1607 nam
1173 1588 1191 1608 a
1206 1577 1320 1608 Mileto
1337 1578 1483 1610 Milesius
1504 1579 1560 1611 de-

892 1625 1028 1657 ducitur.
1075 1627 1192 1657 Hsrxs.
1235 1628 1303 1668 Ego
1333 1627 1461 1669 quidem
1492 1630 1559 1660 Mi-

892 1674 990 1705 letida
1015 1686 1077 1706 non
1100 1675 1204 1706 minus
1235 1676 1397 1708 commode
1425 1688 1444 1708 a
1468 1685 1562 1720 poeta

894 1724 1011 1755 dictam
1041 1724 1285 1756 existimaverim
1310 1726 1439 1763 Tomon,
1470 1728 1560 1769 quasi

894 1774 999 1805 Mileti
1013 1774 1121 1812 filiam,
1139 1786 1236 1816 quam
1251 1774 1414 1814 Milesida‚
1430 1777 1480 1808 vel
1496 1778 1560 1808 Mi-

893 1823 1014 1855 lesiam.
1057 1825 1196 1856 HARLES
1226 1825 1258 1855 in
1286 1826 1373 1867 praef.
1424 1827 1486 1858 Sed
1514 1827 1558 1858 nil

893 1884 970 1915 opus
1001 1884 1068 1905 esse
1101 1874 1277 1917 hujusmodi
1309 1874 1440 1916 argutiis
1468 1876 1562 1908 docet

894 1923 1014 1954 Graecae
1040 1923 1155 1966 linguae
1180 1934 1299 1960 norma,
1323 1935 1417 1966 quam
1440 1925 1490 1956 hic
1515 1927 1560 1957 af—

894 1972 991 2003 fectat
1007 1973 1130 2005 Noster.

938 2022 990 2051 44.
1014 2022 1144 2063 Major]
1172 2023 1282 2053 Vacca
1305 2034 1330 2054 s.
1348 2024 1487 2064 juvenca
1513 2025 1560 2057 in-

895 2070 1015 2101 domita
1037 2071 1168 2102 mactari
1195 2072 1317 2103 solebat
1344 2073 1494 2114 [Metam.
1519 2075 1562 2106 iv.

897 2120 989 2160 754.]
1021 2121 1188 2157 Minervae,
1220 2132 1315 2163 quam
1346 2122 1385 2153 de
1418 2134 1451 2154 se
1479 2125 1560 2156 bene

896 2169 1038 2200 meritam
1072 2170 1193 2201 laudat.
1255 2171 1388 2213 Propter
1423 2172 1561 2215 inopiam

895 2218 991 2260 igitur
1019 2226 1202 2251 consuetam
1226 2220 1360 2251 hostiam
1384 2221 1431 2252 illi
1456 2233 1488 2252 se
1515 2224 1560 2254 of-

896 2266 974 2297 ferre
1004 2278 1065 2298 non
1100 2279 1203 2310 posse,
1233 2274 1366 2300 excusat
1395 2281 1427 2301 se
1456 2278 1559 2313 poeta.

896 2315 1045 2347 HARLES.

940 2365 992 2396 45.
1020 2366 1073 2395 Vos
1094 2377 1218 2406 quoque,
1245 2365 1454 2408 Tyndaridae.]
1480 2369 1559 2400 Cas-

895 2420 941 2445 tor
956 2421 986 2446 et
1002 2415 1126 2451 Pollux,
1140 2416 1268 2446 numina
1289 2417 1429 2448 nautica.
1467 2419 1561 2450 Man.

939 2464 992 2495 47.
1033 2464 1248 2506 Symplegadas
1280 2466 1325 2495 ire
1358 2477 1413 2505 per·
1446 2468 1557 2508 altas]

896 2512 1036 2554 Uterque
1061 2513 1221 2549 Politiani,
1244 2513 1335 2555 prim.
1354 2515 1459 2547 Vatic.
1479 2517 1559 2548 mul-

896 2562 983 2603 tique
1008 2562 1061 2592 alii
1082 2574 1136 2601 pei·
1156 2569 1266 2599 arctas,
1286 2564 1420 2605 optime:
1446 2566 1560 2598 Prisci-

895 2621 973 2642 anus
994 2611 1164 2653 Periegesi,
1191 2613 1238 2643 hic
1256 2620 1325 2643 sunt
1351 2614 1562 2660 Symplegades

895 2667 985 2691 arctae
1002 2672 1009 2697 3
1035 2665 1066 2690 et
1080 2666 1209 2701 postea:

946 2709 969 2738 E
986 2711 1103 2750 regione
1113 2711 1199 2748 jacet
1222 2711 1300 2741 locus
1318 2712 1365 2742 hic
1386 2712 1560 2755 Symplega-

983 2759 1032 2787 dos
1047 2765 1148 2789 merce.

971 2809 1042 2841 N3
