1760 3172
241 166 326 208 36ss
628 166 679 206 P.
713 164 928 207 OVIDII
961 164 1242 206 NASONIS

240 281 495 328 Adsuetos
523 280 649 328 tauri
677 281 849 336 saltus,
873 281 1083 328 adsueta
1106 281 1290 337 leones,

309 357 416 405 Nec
444 358 610 405 feritas
638 358 746 404 illos
773 358 998 421 impedit,
1027 365 1166 405 antra
1190 365 1383 422 petunt.

240 436 316 483 Tu
343 443 526 492 tamen,
550 435 713 483 exsilii
739 452 931 482 morsus
958 452 983 482 e
1010 443 1211 499 pectore
1237 444 1402 484 nostro

309 513 564 561 Fomentis
592 529 760 577 speras
787 514 965 561 cedere
990 530 1139 577 posse
1165 514 1279 560 tuis.
1532 572 1542 578 v

242 590 413 646 Effice,
442 607 527 637 vos
555 590 649 653 ipsi
676 606 737 636 ne
763 596 864 637 tam
886 590 1005 636 mihi
1033 591 1139 638 sitis
1166 591 1380 647 amandi,
1517 580 1541 587 Ἣ
1568 593 1630 638 45

307 667 513 715 Talibus
541 674 595 714 ut
620 657 777 714 levius
805 667 868 713 sit
893 667 1114 714 caruisse
1141 668 1342 714 malum.

239 744 323 801 At,
350 752 488 810 puto,
517 748 618 809 qua
641 745 831 792 fueram
858 745 1071 807 genitus,
1093 745 1268 792 tellure
1295 745 1498 800 carenti,
1583 762 1610 812 50,

307 822 367 869 In
391 830 559 869 tamen
585 822 803 869 humano
829 821 1038 883 contigit
1057 838 1168 869 esse
1194 823 1318 870 loco.

241 900 391 948 Orbis
416 900 466 946 in
493 900 703 947 extremi
725 901 871 963 jaceo
897 901 1125 947 desertus
1152 901 1330 956 arenis,

311 977 427 1025 Fert
454 977 537 1042 ubi
563 984 833 1041 perpetuas
859 978 1038 1024 obruta
1062 984 1192 1024 terra
1217 978 1380 1025 nives:
1543 981 1633 1025 ζ50

243 1054 357 1102 Non
384 1070 500 1117 ager
526 1054 605 1101 hic
633 1071 852 1118 pomum,
879 1071 977 1101 non
1002 1054 1174 1101 dulces
1201 1056 1382 1102 educat
1407 1072 1557 1113 uvas3

310 1131 425 1179 Non
452 1131 628 1179 salices
655 1131 777 1195 ripa,
805 1132 982 1178 robora
1006 1139 1173 1178 monte
1202 1133 1376 1179 virent.

250 1208 389 1256 Neve
415 1208 595 1256 fretum
620 1215 751 1256 terra
775 1208 948 1255 laudes
974 1209 1161 1270 magi-33
1192 1225 1392 1272 aequora
1417 1226 1613 1274 semper

310 1285 586 1333 Ventorum
611 1286 764 1342 rabie,
794 1285 981 1333 solibus
1008 1287 1144 1343 orba,
1173 1294 1383 1334 tument,

246 1363 579 1426 Quocumque
605 1363 869 1428 adspicias,
895 1365 1058 1428 campi
1084 1366 1274 1413 cultore
1300 1373 1543 1422 carenteS,
1571 1369 1632 1413 55

311 1441 586 1505 Vastaque,
615 1458 726 1505 quae
753 1458 898 1489 nemo
922 1442 1156 1500 vindicet,
1185 1459 1300 1490 arva
1318 1445 1506 1507 jacent.

249 1518 420 1567 Hostis
448 1520 607 1575 adest,
629 1520 807 1567 dextra
832 1521 1055 1584 laevaque
1081 1537 1110 1568 a
1133 1528 1272 1584 parte
1298 1521 1580 1578 timendus3

309 1596 590 1661 Vicinoque
616 1604 751 1645 metu
777 1605 929 1646 terret
953 1605 1220 1661 utrumque
1246 1599 1393 1646 latus.

242 1674 413 1723 Altera
440 1675 692 1723 Bistonias
719 1693 833 1740 pars
860 1683 937 1724 est
963 1692 1170 1724 sensura
1195 1675 1417 1732 sarissas,

311 1753 485 1801 Altera
512 1753 789 1802 Sarmatica
814 1754 1007 1818 spicula
1030 1754 1184 1801 missa
1208 1769 1374 1801 manu.
1572 1755 1635 1800 60

243 1831 264 1877 Ι
292 1848 438 1888 nunc,
466 1839 515 1879 et
538 1839 759 1880 veterum
786 1833 928 1880 nobis
955 1833 1187 1896 exempla
1210 1832 1444 1887 virorum,

313 1908 410 1963 Qui
437 1908 551 1956 forti
573 1926 746 1956 casum
772 1917 939 1957 mente
965 1910 1138 1965 tulere,
1167 1908 1321 1956 refer:

247 1985 312 2034 Et
337 2003 482 2049 grave
508 1987 809 2049 magnanimi
836 1989 986 2035 robur
1010 1987 1188 2034 mirare
1209 1985 1385 2042 Rutili,

314 2063 429 2111 Non
454 2063 530 2111 usi
556 2064 745 2112 reditus
771 2065 1053 2113 conditione
1080 2064 1198 2112 dati.

247 2235 392 2272 lectione,
410 2235 448 2267 de
472 2236 537 2267 sola
559 2236 734 2268 Philomela
759 2237 908 2278 intelligi-
977 2239 1084 2270 trionis
1112 2243 1143 2269 et
1174 2243 1335 2268 terrarum.
1389 2236 1426 2266 1η
1458 2237 1566 2266 arenis.
1600 2234 1637 2265 In

246 2292 314 2317 tur:
340 2286 407 2317 haec
425 2284 507 2317 enim
525 2286 557 2316 in
578 2286 664 2317 silvis
685 2286 842 2318 nidificare
859 2298 907 2317 so·
978 2288 1090 2319 Getico
1107 2288 1208 2318 litore.

248 2335 302 2366 let.
341 2335 401 2365 Sed
419 2335 494 2376 quid
512 2334 537 2365 si
553 2336 647 2376 legas,
668 2336 769 2370 Quum
785 2338 855 2367 bene
872 2338 909 2366 sit
1020 2339 1071 2368 59.
1088 2336 1230 2376 Sao-isus]
1247 2335 1324 2367 Cod.
1341 2335 1455 2365 Bavar.
1471 2344 1543 2364 cum
1558 2334 1639 2374 glos-

245 2386 351 2418 clausae
380 2396 469 2416 cavea
496 2386 652 2416 Pandione
682 2393 778 2416 natm:
812 2391 845 2417 ut
870 2386 910 2417 sit
976 2396 1030 2417 sa:
1056 2386 1153 2416 hastae
1179 2385 1279 2426 longae
1306 2384 1338 2414 in
1360 2383 1468 2423 lingua
1488 2382 1640 2412 Macedo-

246 2445 374 2464 sensus:
401 2435 612 2472 Quantumvis
639 2436 719 2466 bene
745 2442 791 2467 est
815 2436 908 2467 lusci-
977 2435 1047 2466 nica
1063 2435 1107 2466 sic
1123 2434 1281 2466 dicuntur.
1318 2434 1456 2464 Thraces
1472 2438 1575 2463 autem
1592 2431 1639 2462 fu-

246 2483 305 2513 niae
321 2494 419 2514 cavea
432 2483 573 2520 inclusae,
584 2484 692 2515 nititur
704 2491 807 2516 tamen
824 2485 908 2516 exire
976 2491 1066 2516 erunt
1081 2484 1312 2515 Macedonibus
1327 2481 1496 2524 conjuncti.
1529 2482 1639 2512 HARL.

246 2533 277 2562 in
294 2533 387 2563 silvas
404 2544 475 2564 suas
490 2546 495 2562 :
528 2534 605 2564 Rene
623 2546 689 2570 esse,
707 2545 761 2576 pro
776 2536 855 2566 bene
871 2545 907 2566 ac
1019 2536 1071 2566 63.
1098 2535 1290 2575 Magnanimi
1321 2532 1455 2572 Rutili]
1493 2532 1530 2562 P.
1547 2531 1639 2562 Ruti-

246 2582 406 2613 commode
423 2583 535 2618 vivere,
554 2583 664 2624 posito.
976 2584 1036 2615 lius
1052 2584 1162 2615 doctus
1185 2590 1216 2614 et
1232 2582 1433 2625 philosophia:
1450 2581 1580 2612 deditus
1595 2579 1641 2611 vir

291 2631 342 2660 44.
370 2631 508 2672 Cedere]
548 2632 704 2663 Amoveri.
760 2632 909 2662 Fomenlis
977 2634 1045 2669 fuit,
1070 2644 1198 2665 summae
1220 2632 1429 2663 innocentiae:
1456 2631 1481 2661 is
1504 2635 1640 2672 quaestor

247 2683 316 2711 tuis.
340 2681 501 2712 Remediis
517 2681 578 2712 tuis
590 2688 621 2712 et
637 2681 909 2713 consolationibus.
977 2683 1085 2714 Asiam
1115 2682 1233 2724 injuriis
1261 2682 1499 2723 publicanorum
1528 2679 1640 2709 libera-

292 2732 343 2761 49.
357 2731 489 2762 Extremi
501 2732 603 2772 orbis]
620 2731 757 2763 Extremi
774 2738 907 2774 septem·
978 2733 1039 2763 vit:
1065 2732 1120 2763 scd
1141 2731 1259 2762 invidia
1275 2729 1428 2772 equestris
1443 2727 1569 2764 ordinis,
1586 2726 1638 2768 qui
