1760 3172
286 176 376 217 EX
410 175 621 217 PONTO
656 176 775 216 Llss.
808 175 889 216 IV.
921 175 1111 216 EPIST.
1147 175 1281 216 XVI.

1393 174 1475 215 5:31

486 347 913 394 EPISTOLA
953 348 1092 395 XVI.

544 487 568 511 ³²
601 485 689 526 AD
722 486 1027 527 INVIDUM.

97 597 155 644 IN
168 614 321 654 ΗΒΕ,
349 598 471 661 quid
495 598 682 645 laceras
710 598 924 644 Nasonis
950 597 1169 644 carmina
1194 597 1354 660 rapti?

163 674 278 721 Non
303 675 429 722 solet
452 674 663 737 ingeniis
690 690 882 721 summa
906 687 1084 721 nocere
1109 674 1231 720 dies.

96 751 351 815 Famaque
372 759 486 815 post
510 752 700 798 cineres
725 753 881 814 major
896 751 1030 799 venit
1042 740 1131 818 :ff'et
1155 751 1274 797 mihi
1300 767 1479 798 nomen

161 829 302 876 Tunc
328 833 545 893 quoque,
574 846 729 892 quum
753 829 873 876 vivis
899 819 1264 883 adnumerarer‚
1293 834 1426 884 erat3

96 905 263 960 Quum
286 906 414 954 foret
436 912 488 953 et
508 905 723 963 Marsus,
747 907 1016 969 magnique
1036 905 1270 952 Rabirius
1296 905 1410 959 oris,
1451 907 1479 950 5

163 982 450 1046 Iliacusque
476 983 664 1039 Macer,
692 984 1017 1047 sidereusque
1036 983 1204 1039 Pedo;

98 1060 179 1118 Et,
208 1062 294 1124 qui
318 1061 349 1108 J
354 1050 567 1109 urionem
592 1062 805 1109 laesisset
829 1062 879 1108 in
906 1061 1139 1116 Hercule,
1169 1060 1347 1114 Carus,

161 1138 192 1185 J
197 1139 372 1186 unonis
395 1139 439 1199 §.i
463 1155 563 1186 non
581 1141 685 1202 jam
711 1155 864 1202 gener
889 1139 971 1186 ille
996 1139 1147 1194 foret;

98 1216 299 1279 Quique
324 1216 465 1264 dedit
491 1217 632 1265 Latio
656 1233 855 1265 carmen
881 1218 1046 1279 regale
1074 1216 1311 1271 Severus3

164 1292 232 1341 Et
256 1309 371 1341 cum
397 1294 567 1341 subtili
592 1295 796 1343 Priscus
822 1303 1033 1357 uterque
1060 1293 1106 1340 N
1112 1309 1254 1347 uma3
1427 1294 1484 1337 lO

141 1459 159 1478 ⁴*
182 1458 236 1489 An
273 1459 450 1499 mmmmm]
497 1459 631 1490 Videtur
666 1467 759 1502 poeta

96 1519 158 1539 non
171 1513 294 1539 tantum
307 1508 492 1550 respondere
506 1509 637 1540 voluisse
651 1510 758 1541 invido

96 1562 192 1599 atque
223 1556 431 1593 obtrectatori,
460 1558 601 1599 quisquis
635 1559 660 1589 is
688 1559 758 1595 fuit,

96 1617 172 1644 suo;
204 1606 261 1637 sed
286 1612 317 1637 et
344 1606 540 1638 occasionem
569 1607 758 1648 quaesivisse,

96 1662 132 1687 ut
167 1655 216 1686 sui
251 1655 398 1697 temporis
432 1663 540 1697 poetas
576 1657 758 1688 celebraret.

97 1707 288 1747 Quanquam
299 1705 409 1736 horum
424 1715 539 1747 magna
549 1716 586 1736 ex
596 1712 683 1748 parte
699 1718 761 1738 non

97 1755 214 1796 scripta
226 1754 339 1790 solum,
353 1754 409 1785 sed
425 1760 456 1785 et
471 1754 596 1785 nomina
610 1755 761 1797 pleraque

97 1802 337 1834 interciderunt:
363 1803 443 1834 adeo
463 1809 498 1834 ut
520 1804 579 1834 nisi
601 1803 639 1835 de
654 1806 763 1846 paucis

97 1851 296 1893 quibusdam,
319 1852 396 1883 certi
418 1852 534 1894 aliquid
560 1853 639 1883 tradi
662 1853 762 1884 haud-

98 1911 258 1942 quaquam
272 1901 380 1943 possit.
424 1902 519 1939 Quod
533 1902 565 1932 in
584 1902 760 1933 universum

98 1950 150 1981 hic
180 1950 374 1981 admonitum
399 1951 480 1987 volo,
506 1962 543 1983 ne
570 1952 653 1982 idem
681 1952 763 1983 infra

97 1998 236 2030 crebrius
259 2010 295 2030 ac
316 2000 431 2042 saepius
451 2007 591 2042 repetere
613 2001 701 2032 nobis
723 2002 763 2032 sit

98 2059 238 2080 necesse.

143 2101 174 2130 5.
199 2099 301 2133 Quum
311 2099 400 2141 foret
421 2106 450 2130 et
474 2100 625 2140 Marsua]
653 2100 762 2131 Domi-

100 2147 163 2178 tius
175 2148 311 2185 Marsus,
327 2154 420 2190 poeta
433 2149 546 2185 clarus,
564 2149 683 2179 exstitit
698 2150 763 2180 Ho-

101 2196 173 2228 ratii
201 2207 280 2228 aevo.
328 2198 496 2240 Magnique
523 2199 670 2229 Rabirius
695 2202 763 2229 oris.

102 2246 140 2278 C.
154 2245 303 2277 Rabirius
326 2246 438 2278 nobilis
460 2253 553 2289 poeta
578 2247 648 2283 suit,
670 2258 763 2289 quem

101 2295 217 2327 Fabius
243 2296 277 2327 in
305 2307 410 2328 eorum
443 2303 605 2339 poetarum
638 2308 765 2328 numero

101 2345 200 2388 ponit,
216 2346 270 2388 qui
284 2346 375 2388 Epici
395 2347 613 2388 adpellantur:
639 2352 671 2377 et
691 2347 764 2388 quia

100 2395 134 2426 in
147 2396 216 2438 ejus
227 2395 364 2427 carmine
385 2396 519 2427 multum
543 2396 650 2432 animi,
667 2407 702 2427 ac
718 2396 762 2426 vi—

100 2443 181 2475 rium
204 2443 316 2491 inerat,
338 2445 411 2476 ideo
435 2445 487 2476 hic
515 2445 650 2476 Ovidius
674 2445 764 2476 illum

101 2496 204 2536 magni
216 2496 274 2525 oris
288 2494 383 2526 fuisse
398 2494 515 2526 scribit.

145 2544 178 2574 6.
195 2544 366 2584 Iliacusque
381 2544 514 2585 Macen]
534 2543 683 2574 AEmilius
693 2543 764 2573 Ma-

101 2602 154 2623 cer
181 2593 370 2624 Veronensis
405 2598 499 2634 poeta
527 2591 606 2623 fuit:
644 2591 765 2634 scripsit

100 2641 220 2672 bellum
242 2642 422 2684 Trojanum,
438 2648 473 2672 ut
494 2641 544 2672 hic
569 2641 691 2671 videtur
718 2640 765 2671 in-

103 2701 197 2721 nuere
212 2697 317 2733 poeta,
329 2691 518 2733 adpellaudo
532 2691 622 2721 illum
634 2690 763 2721 Iliacum

103 2740 143 2770 ab
156 2739 208 2771 Ilii
221 2740 362 2777 materia,
380 2751 476 2782 quam
501 2740 669 2771 tractabat.
719 2740 765 2770 Si-

825 1463 984 1501 dereusque
999 1460 1090 1490 Pedo.
1135 1459 1176 1488 Et
1190 1457 1314 1488 divinus
1330 1467 1366 1487 ac
1378 1456 1487 1486 doctus

825 1509 878 1540 ille
901 1514 995 1551 poeta
1009 1508 1106 1543 Pedo,
1122 1506 1177 1549 qui
1191 1506 1314 1548 scripsit
1333 1506 1486 1547 epigram-

826 1565 921 1589 mata.
957 1558 1053 1588 Man.
1090 1556 1152 1587 Vel
1173 1555 1340 1587 verisimile
1366 1560 1424 1589 est,
1448 1553 1487 1584 de

827 1607 916 1638 astris
940 1616 1064 1647 quoque
1086 1604 1255 1646 scripsisse,
1272 1611 1302 1634 et
1320 1603 1390 1634 ideo
1413 1605 1488 1634 side-

830 1668 910 1687 reum
927 1655 1088 1686 nominari.
1132 1653 1265 1695 Gyrald.
1282 1653 1326 1684 sic
1350 1652 1490 1695 adpella-

828 1712 894 1737 tum
911 1706 1020 1741 credit,
1034 1705 1107 1747 quia
1118 1704 1259 1735 sublimis
1275 1709 1306 1734 et
1321 1703 1490 1744 altiloquus

829 1755 930 1791 fuen't‚
948 1754 1031 1796 quod
1046 1753 1122 1784 mihi
1137 1764 1199 1784 non
1213 1752 1330 1794 placet.
1365 1752 1468 1783 Poxr.

873 1806 902 1835 7.
927 1806 965 1835 Ec
996 1806 1046 1845 qui
1075 1804 1223 1834 Junonem
1258 1803 1383 1838 lffsisset,
1410 1802 1486 1842 δια]

829 1854 928 1885 Carus
950 1859 1044 1895 poeta
1069 1852 1128 1883 fuit
1152 1851 1360 1887 doctissimus,
1384 1851 1490 1881 Caesa-

828 1915 896 1934 rum
925 1909 1107 1945 praeceptor,
1138 1901 1245 1932 Ovidii
1275 1900 1411 1931 amicus:
1439 1899 1490 1931 hic

828 1953 974 1984 Herculis
989 1958 1078 1994 gesta
1092 1951 1227 1983 carmine
1243 1951 1424 1992 complexus
1434 1956 1491 1982 est.

832 2004 893 2038 Qui
909 2004 1024 2033 loesisset
1040 2001 1187 2032 Junonem
1204 2002 1235 2030 in
1249 2000 1393 2030 Hercule.
1427 1999 1490 2036 Qui

829 2051 1032 2083 describendo
1042 2050 1189 2081 Herculis
1203 2049 1324 2084 laudes,
1335 2049 1353 2080 J
1357 2059 1492 2079 unonem

830 2111 995 2131 novercam
1011 2099 1203 2130 offendisset.

875 2151 904 2181 8.
928 2151 1058 2180 Junonis
1073 2151 1176 2189 sijum
1196 2159 1264 2183 non,
1279 2147 1353 2187 So]
1379 2146 1410 2178 Si
1431 2157 1492 2177 non

832 2199 957 2230 tandem
978 2199 1062 2230 Juno
1084 2196 1185 2239 posita
1204 2196 1250 2226 ira
1266 2197 1378 2234 Heben
1396 2195 1491 2226 filiani

832 2259 958 2279 uxorem
983 2246 1111 2278 Herculi
1133 2245 1280 2281 dedisset,
1296 2250 1327 2276 et
1348 2244 1392 2275 sic
1408 2246 1428 2277 J
1432 2255 1493 2276 uno

831 2308 936 2328 socrus
951 2295 1096 2327 Herculis
1111 2295 1206 2330 facta,
1223 2294 1342 2324 nullam
1364 2293 1493 2324 haberet

832 2356 958 2376 causam
974 2344 1196 2386 indignationis
1207 2349 1238 2374 et
1250 2343 1313 2374 odii
1328 2342 1360 2373 in
1377 2343 1493 2374 Carum

832 2401 967 2437 poetam,
992 2393 1076 2435 quod
1104 2392 1250 2424 Herculis
1274 2391 1380 2433 generi
1407 2397 1495 2432 gesta

832 2444 1039 2475 decantasset.

875 2495 906 2525 9.
926 2494 1043 2533 Quique
1055 2494 1138 2522 dedit
1153 2491 1270 2532 Latia]
1298 2490 1425 2522 Cassius
1439 2491 1494 2521 Se-

833 2553 922 2574 verus
942 2548 1035 2584 poeta
1059 2541 1118 2572 fuit
1144 2541 1251 2572 Ovidii
1273 2541 1408 2571 amicus:
1443 2539 1493 2570 hic

833 2591 957 2634 scripsit
1000 2592 1246 2633 Epigrammata,
1282 2589 1420 2630 Elegias,
1464 2595 1496 2619 et

832 2640 1028 2682 Tragoedias,
1059 2640 1091 2670 in
1126 2639 1239 2681 quibus
1274 2638 1423 2680 quoniam
1455 2638 1494 2669 de

833 2690 956 2732 regibus
972 2695 1133 2726 tractatur,
1149 2688 1220 2719 ideo
1241 2694 1334 2730 poeta
1349 2687 1427 2719 dicit
1439 2687 1494 2718 de-

834 2739 913 2770 disse
930 2739 1017 2770 illum
1033 2748 1158 2769 carmen
1174 2738 1277 2779 regale
1290 2736 1389 2768 Latio.
