1760 3172
366 174 674 216 TRISTIUM
708 173 827 213 LIB.
863 172 952 213 ΙΙΙ.
988 173 1168 215 ELEG.
1202 174 1311 215 VII.

1451 175 1535 216 ⁴241

148 288 213 336 Et
237 304 569 352 quaecumque
595 288 720 335 adeo
746 295 957 351 possunt
982 288 1174 336 adferre
1200 290 1457 352 pudorem,

214 365 308 413 Illa
330 366 434 429 tegi
458 381 593 412 caeca
616 366 818 413 condita
840 372 989 413 necte
1014 366 1176 413 decet.

146 442 231 489 Nil
256 443 405 506 igitur
429 443 654 499 referam,
681 443 776 490 nisi
803 459 882 490 me
908 458 1146 506 peccasse
1163 461 1190 502 3,
1215 443 1303 490 sed
1330 443 1411 490 illo

210 519 426 567 Praemia
448 526 658 584 peccato
682 520 819 566 nulla
844 520 1004 583 petita
1027 519 1147 566 mihi
1167 511 1176 566 Ξ

146 597 523 660 Stultitiamque
548 613 716 645 meum
740 597 928 644 crimen
952 597 1138 651 debere
1161 597 1342 650 vocari,
1470 600 1533 644 35

212 673 430 721 Nomina
454 674 501 737 si
519 673 650 721 facto
676 673 884 720 reddere
908 689 1024 720 vera
1046 673 1185 720 velis.

145 749 270 804 Quae
295 751 336 797 si
362 736 555 798 nor-sita
577 757 723 807 sunt3
765 750 935 805 alium,
963 766 1063 812 quo
1088 750 1284 812 longius
1311 751 1488 805 absim,

210 826 407 883 Quaere,
435 828 723 875 suburbana
747 827 852 874 haec
879 828 944 874 sit
968 827 1087 873 mihi
1112 834 1257 883 terra,
1284 828 1464 874 locum.

580 1106 908 1154 ELEGIA
963 1106 1082 1153 VII.

141 1217 302 1263 VADE
331 1217 614 1274 salutatum,
644 1219 809 1266 subito
835 1226 1080 1283 perarata,
1109 1218 1343 1265 Perillam

208 1293 389 1349 Litera,
417 1296 658 1342 sermonis
683 1296 784 1343 fida
807 1297 1032 1344 ministra
1057 1297 1153 1343 mei
1174 1313 1182 1342 :

140 1370 245 1418 Aut
269 1370 404 1417 illam
430 1371 652 1419 invenies
677 1373 811 1420 dulci
837 1389 951 1420 cum
977 1380 1133 1420 matre
1159 1373 1433 1425 sedentem,

206 1448 310 1496 Aut
334 1449 461 1496 inter
484 1450 653 1507 libros,
682 1450 1015 1515 Pieridasque
1041 1466 1173 1498 suaS.
1504 1452 1531 1494 4

181 1590 234 1620 32.
258 1588 323 1620 Illa
350 1591 410 1631 tegi
442 1601 518 1620 caeca
543 1593 664 1621 condita
690 1592 800 1632 nocta]

138 1639 218 1674 Quae
234 1637 414 1680 Augustum
434 1646 580 1680 agentem
595 1639 672 1676 vidi,
689 1651 797 1682 perpe-

137 1692 191 1718 tuo
206 1687 330 1718 silentio
344 1688 535 1719 involvenda
549 1694 631 1719 sunt.
665 1690 802 1721 C1or.-—

138 1736 230 1767 MSS.
242 1748 318 1767 caeca
334 1739 410 1768 nube
422 1749 433 1774 ,-
457 1737 533 1768 Hor.
546 1743 712 1779 utrumque
728 1750 801 1770 con-

135 1785 242 1827 junxit
257 1785 312 1816 lib.
326 1785 347 1816 i.
362 1785 464 1827 Epist.
480 1785 543 1817 xvi.
559 1797 622 1818 ver.
639 1787 680 1817 62
693 1800 698 1817 :

182 1834 307 1865 Noctem
325 1837 465 1874 peccatis,
486 1841 515 1866 et
522 1836 694 1876 fraudibus
711 1838 801 1876 oly'ice

223 1885 342 1915 nubem.

181 1933 233 1964 36.
264 1933 395 1964 Nomina
422 1936 447 1964 si
462 1933 590 1975 factis]
625 1935 755 1966 Nomina
777 1939 800 1965 si

127 1982 229 2023 jacto.
267 1981 300 2013 Si
319 1982 398 2013 velis
417 1983 544 2014 nomina
560 1985 653 2015 rebus
675 1995 801 2026 respon—

136 2031 221 2062 dere.
255 2031 513 2063 Nostrihabent:
539 2035 657 2064 nomine
670 2035 694 2064 si
699 2035 798 2073 fict0‚·

137 2090 200 2122 quo
215 2090 318 2117 sensu,
331 2091 393 2111 non
409 2080 573 2122 adsequor.

181 2130 233 2160 37.
253 2129 325 2164 Qua:
348 2131 373 2160 si
395 2142 455 2161 non
472 2132 517 2161 ita
538 2131 639 2172 sunt]
671 2132 763 2162 Pont.
781 2131 800 2162 i.

136 2178 186 2208 El.
202 2177 247 2208 iii.
261 2189 324 2209 ver.
340 2179 393 2209 93.
409 2179 476 2221 pari
493 2180 604 2211 modo:

184 2227 224 2258 Ut
240 2234 337 2258 tamen
362 2229 420 2259 haec
448 2232 492 2260 ita
516 2231 588 2266 sint,
613 2242 722 2261 numus
746 2237 798 2261 tua

265 2279 385 2318 grande
400 2279 540 2309 voluntas

224 2327 274 2356 Ad
288 2337 332 2357 me
343 2330 492 2366 pervenit.

137 2374 284 2405 Proximo
297 2386 388 2407 versu
407 2387 480 2407 cum
496 2377 677 2408 melioribus
692 2379 799 2409 subur-

137 2426 213 2454 bana
229 2425 288 2456 hae‘c
301 2435 356 2466 pro
372 2426 429 2457 hic.
474 2427 593 2458 mes.

180 2474 233 2504 38.
256 2474 437 2505 suburbana
460 2476 520 2506 haec
537 2478 575 2506 sit
592 2478 664 2506 mihi
685 2477 795 2517 terrm]

135 2522 183 2553 sit
207 2523 284 2553 mihi
309 2523 400 2564 quasi
420 2525 625 2564 suburbium3
648 2525 709 2561 vel,
736 2537 797 2557 non

136 2572 239 2608 modo,
265 2572 377 2613 inquit,
403 2573 443 2603 ad
472 2574 595 2615 longius
621 2575 797 2616 proficiscar

135 2622 290 2657 exsilium,
303 2622 358 2652 sed
373 2622 467 2653 etiam
486 2623 555 2653 volo
572 2630 605 2654 ut
620 2625 797 2655 suburbana

135 2670 270 2712 alicujus
292 2671 377 2702 urbis
398 2672 535 2713 Scythiae
556 2673 656 2713 magis
676 2673 796 2714 pericu-

135 2719 201 2750 losa
223 2724 255 2750 et
280 2719 420 2752 hostibus
446 2721 597 2762 exposita,
622 2732 716 2763 quam
737 2722 796 2751 To-

180 2772 283 2803 VOL.
299 2772 344 2803 11.

873 1603 949 1627 mos,
967 1592 1007 1622 ad
1027 1592 1128 1632 majus
1147 1589 1345 1631 supplicium,
1362 1590 1387 1619 si
1406 1599 1465 1618 non
1490 1589 1533 1619 lo-

871 1651 947 1681 quor
962 1650 1046 1675 vera,
1062 1640 1123 1669 sint
1138 1638 1214 1668 mihi
1230 1638 1384 1668 exsilium.
1430 1639 1535 1668 Alium

871 1691 975 1719 locum.
1000 1688 1086 1725 Quin
1102 1693 1136 1718 tu
1151 1697 1200 1717 me
1222 1686 1283 1717 alio
1305 1686 1534 1728 deportandum

870 1748 969 1772 cures,
987 1747 1113 1768 causam
1136 1747 1197 1767 non
1212 1735 1304 1774 dico3
1327 1741 1370 1771 et,
1387 1735 1445 1766 nisi
1462 1747 1534 1767 vera

869 1787 987 1823 dixero,
1004 1786 1092 1818 mitte
1114 1797 1164 1817 me
1186 1786 1218 1816 in
1234 1786 1337 1816 locum
1355 1791 1417 1816 tam
1433 1796 1533 1816 remo-

869 1842 946 1873 tum,
962 1842 996 1867 ut
1018 1847 1082 1878 prae
1103 1836 1156 1866 illo
1180 1841 1262 1866 terra
1282 1835 1360 1871 haec,
1376 1835 1430 1865 ubi
1452 1846 1531 1871 sum,

869 1886 979 1916 Romae
997 1886 1101 1917 vicina
1125 1891 1156 1916 et
1175 1886 1265 1927 quasi
1286 1884 1471 1916 suburbium
1487 1886 1531 1915 vi-

869 1934 990 1966 deatur.

916 2035 943 2064 l.
969 2033 1119 2064 Perarata
1146 2032 1262 2073 litem]
1291 2033 1410 2064 Eadem
1433 2038 1531 2064 meta-

868 2082 965 2124 phora
992 2082 1089 2113 utitur
1112 2081 1256 2118 Plautus,
1283 2081 1315 2111 in
1341 2083 1421 2122 prol.
1450 2083 1532 2114 Bac—

869 2131 953 2163 chid.
978 2133 1025 2162 Ad
1036 2132 1206 2162 Plzz'lownis
1215 2132 1530 2172 Pistoclerumfilinm,

867 2183 995 2212 sodalem
1011 2183 1134 2212 unicum
1149 2182 1246 2212 sulcat
1261 2182 1440 2221 epistolium.
1477 2182 1531 2212 Ci-

868 2240 929 2261 cer.
946 2231 985 2261 ad
1002 2231 1071 2261 Att.
1086 2229 1143 2260 lib.
1157 2228 1324 2271 xiiAEpist.
1340 2228 1360 2259 i.
1374 2243 1379 2259 :
1408 2230 1473 2261 Hoc
1493 2232 1529 2260 Ii-

867 2282 1014 2311 terarium
1028 2281 1161 2315 exaravi,
1173 2281 1328 2321 egrediens
1342 2290 1356 2309 e
1372 2280 1446 2309 villa
1461 2286 1532 2310 ante

867 2330 972 2360 lucem.

911 2378 1086 2418 Perillam]
1106 2378 1191 2407 Num
1202 2376 1267 2407 filia
1280 2387 1320 2407 an
1336 2387 1412 2408 uxor
1425 2377 1528 2414 fuerit,

864 2427 1057 2468 disputatum
1073 2427 1141 2458 fuit.
1178 2426 1330 2467 Micyllus
1345 2437 1417 2457 cum
1434 2428 1529 2458 Vola-

865 2482 986 2507 terrano
1009 2482 1040 2507 et
1061 2476 1188 2507 Merula
1209 2475 1305 2506 filiam
1328 2476 1423 2506 fuisse
1447 2476 1528 2507 arbi-

866 2529 973 2556 tratur.
1019 2525 1063 2555 At
1079 2526 1261 2556 Burmann:
1289 2525 1357 2555 Nec
1373 2525 1447 2561 filia,
1471 2525 1539 2561 ait„

866 2585 922 2606 nec
944 2586 1021 2606 uxor
1045 2575 1114 2611 suit,
1133 2574 1189 2605 sed
1213 2574 1318 2605 fictum
1340 2585 1451 2605 nomen
1472 2581 1530 2611 est,

865 2634 927 2664 quo
945 2634 1039 2665 quam
1052 2624 1218 2665 intelligat,
1236 2624 1328 2654 latet:
1353 2623 1424 2654 vide
1440 2624 1530 2655 Mas-

865 2684 933 2704 son.
952 2674 1018 2704 Vit.
1045 2674 1151 2704 Ovidii
1175 2674 1215 2704 ad
1236 2685 1266 2704 Α.
1282 2684 1351 2704 u.c.
1372 2684 1530 2705 occ-inum,

867 2722 1015 2752 [Limus.

986 2775 1013 2804 R
