1760 3172
424 179 613 222 ARTIS
646 178 1003 221 AMATORIAE
1037 179 1158 221 LIB.
1191 180 1284 223 ΙΙΙ.
1498 182 1557 225 ’79

158 293 188 340 J
193 294 464 341 amdudum
488 310 757 358 persuasus
784 294 892 350 erit,
916 294 1232 343 miserebitur
1258 297 1385 345 ultro
1405 315 1414 346 :

226 371 295 418 Et
318 371 468 428 dicet,
497 372 631 419 Cura
656 371 876 435 carpitur
900 371 996 418 ista
1019 372 1135 419 mei.

1458 378 1556 422 680

160 448 437 514 Praecipue,
465 449 506 497 si
532 450 696 497 cultus
721 449 829 505 erit,
858 449 1167 513 speculoque
1192 451 1430 513 placebit,

227 525 386 574 Posse
411 543 500 574 suo
525 527 662 589 tangi
687 527 858 574 credet
883 543 1049 574 amore
1076 527 1230 574 Deas.

163 603 265 650 Sed
289 610 356 660 te,
384 620 717 667 quaecumque
744 620 814 659 es,
842 604 1099 651 moderate
1125 603 1306 667 injuria
1328 607 1528 665 turbet;

227 680 341 728 Neu
367 682 433 728 sis
460 683 633 729 audita
660 682 840 746 pellice
865 682 1046 729 mentis
1072 682 1234 745 inops.

162 757 271 810 Nec
296 758 396 806 cito
420 759 707 807 credideris.
755 767 1003 823 quantum
1029 760 1129 806 cito
1154 760 1359 808 credere
1384 762 1552 818 laedat,

227 835 532 900 Exemplum
555 838 697 884 vobis
723 854 823 885 non
847 839 955 885 leve
982 837 1181 885 Procris
1208 838 1316 885 erit.

1456 843 1552 887 686

160 911 254 960 Est
274 929 429 977 prope
454 930 730 978 purpureos
757 916 909 962 colles
934 914 1159 961 florentis
1186 914 1419 978 Hymetti

227 990 358 1037 Fons
384 1007 540 1048 sacer,
568 999 618 1039 et
641 992 785 1039 viridi
810 992 1001 1056 cespite
1026 991 1191 1038 mollis
1218 992 1415 1040 humus.

161 1066 296 1115 Silva
319 1085 494 1116 nemus
520 1086 618 1117 non
644 1070 746 1118 alta
767 1070 909 1127 facit3
939 1070 1064 1132 tegit
1089 1071 1293 1117 arbutus
1319 1071 1550 1120 herbam:

226 1144 332 1192 Ros
357 1147 522 1203 maris,
543 1155 593 1194 et
616 1148 756 1204 lauri,
778 1149 1020 1211 nigraque
1044 1154 1237 1211 myrtus
1264 1148 1414 1196 olent.
1455 1153 1553 1197 690

159 1221 206 1268 N
212 1239 268 1270 ec
294 1223 462 1270 densae
487 1224 614 1272 foliis
639 1225 779 1281 buxi,
806 1225 1109 1288 fragilesque
1134 1225 1353 1287 myricae,

226 1299 336 1347 Nec
360 1308 537 1349 tenues
563 1302 727 1365 cytisi,
756 1303 992 1365 cultaque
1017 1302 1164 1365 pinus
1191 1302 1350 1348 abest.

157 1375 376 1425 Lenibus
402 1378 628 1442 impulsae
655 1379 915 1443 Zephyris,
943 1379 1168 1442 auraque
1194 1379 1397 1435 salubri,

224 1453 321 1501 Tot
337 1471 576 1518 generum
594 1455 811 1512 frondeS,
830 1457 1087 1518 herbaque
1104 1472 1299 1503 summa
1314 1464 1548 1505 tremunt.

157 1531 314 1579 Grata
337 1533 482 1596 quies
509 1532 754 1596 Cephalo.
782 1533 980 1580 famulis
1005 1533 1318 1597 canibusque
1342 1534 1528 1582 relictis

225 1608 409 1657 Lassus
434 1611 484 1658 in
508 1611 601 1658 hac
621 1612 819 1675 juvenis
845 1627 979 1675 saepe
1004 1611 1191 1659 resedit
1214 1612 1382 1660 humo.

199 1835 274 1866 689.
297 1835 380 1866 Silva
403 1846 505 1866 nemus
525 1847 584 1866 non
599 1836 692 1877 alten]
719 1836 758 1867 Id
774 1842 821 1867 est

156 1883 233 1916 licet
242 1885 305 1916 sint
320 1885 443 1916 arbores
457 1896 518 1916 non
534 1886 618 1922 altae,
629 1892 736 1917 tamen
749 1893 823 1929 apta

157 1934 361 1965 ambulationi
377 1940 408 1965 et
421 1935 521 1982 quieti
535 1941 583 1966 est
599 1936 719 1966 umbra.
735 1936 779 1966 ita
791 1942 822 1967 et

156 1983 196 2015 de
207 1983 311 2015 herbis
326 1986 431 2016 silvam
446 1984 562 2016 dixisse
575 1985 755 2027 Virgilium,
767 1986 822 2017 lib.

157 2032 178 2064 i.
194 2033 311 2075 Georg.
327 2035 400 2066 153.
412 2035 492 2065 subit
513 2046 617 2075 aspera
639 2037 715 2066 silva
740 2035 820 2075 Lap-

154 2094 256 2124 paeque
266 2085 441 2125 tribulique,
451 2090 539 2114 notat
550 2084 686 2115 Servius.
700 2091 731 2115 et
747 2095 821 2115 con-

155 2137 204 2163 tra
226 2132 265 2164 de
292 2144 421 2175 quercu,
445 2133 501 2164 lib.
523 2133 568 2164 iii.
590 2134 721 2164 AEnei'd.
746 2135 820 2165 680.

155 2184 232 2213 silva
256 2184 322 2213 alta
343 2182 436 2214 Jovis.
456 2184 561 2214 silvam
586 2189 691 2214 autem
714 2189 745 2214 et
770 2195 820 2215 ne-

155 2242 221 2262 mus
246 2231 370 2263 diversa
398 2242 465 2263 esse
496 2231 638 2263 videmus
674 2232 709 2262 ii.
740 2233 822 2264 Met.

156 2281 234 2312 438.
272 2281 390 2312 Bunm.

199 2330 276 2361 690.
301 2330 362 2361 Ros
371 2332 464 2360 maris
475 2337 503 2361 et
519 2330 654 2371 laurus]
682 2330 742 2361 Ros
759 2343 822 2362 ma-

155 2382 198 2411 ris
219 2386 248 2412 et
270 2382 353 2411 lauri
373 2391 412 2411 ex
433 2380 568 2422 scriptis.
601 2380 722 2411 mes.
754 2381 822 2412 Flos

155 2431 248 2460 maris
261 2429 398 2461 Palatia.
409 2429 465 2460 sed
481 2429 540 2460 Ros
552 2431 642 2459 maris
656 2435 752 2466 recte,
763 2430 820 2460 ali-

155 2483 202 2509 ter
237 2478 444 2514 Rosmarinus‚
482 2478 603 2509 Graecis
632 2477 821 2518 λιβανώτις.

155 2527 275 2559 ΒυηΜ.

201 2577 278 2607 692.
304 2576 367 2606 Nec
386 2582 488 2606 tenues
503 2577 591 2616 cytisi
614 2577 755 2616 cultaque
773 2578 822 2616 pi-

158 2638 216 2658 nus
229 2626 341 2667 abest]
368 2626 472 2662 Forte,
486 2627 640 2666 multaque
657 2627 747 2665 pinus
769 2627 821 2656 ab-

157 2678 211 2707 es‘t.
256 2675 397 2717 Scaliger
417 2675 457 2705 ad
477 2675 533 2706 illa
554 2675 660 2711 verba,
683 2676 824 2715 cultaque

154 2727 256 2764 pinus,
284 2726 322 2757 τὸ
360 2724 580 2766 χαμαίπιτυν,
610 2729 824 2756 annotaverat.

1455 1616 1552 1661 696

888 1836 980 1867 Dm.
992 1836 1109 1866 mes.
1132 1834 1287 1876 Intelligit
1298 1837 1402 1875 pinum
1420 1838 1556 1868 ‹laniasti-

888 1897 964 1921 cam,
981 1896 1036 1916 seu
1048 1886 1223 1915 hortensem.
1241 1895 1277 1915 ac
1295 1885 1423 1927 proinde
1440 1888 1555 1918 cultam

888 1934 980 1970 dixit,
1002 1940 1037 1965 ut
1059 1945 1077 1965 a
1102 1933 1247 1975 sylvestri
1272 1933 1349 1976 pinu
1372 1934 1558 1977 distinguat.

888 1983 1002 2024 Virgil.
1018 1983 1087 2014 Ecl.
1102 1983 1155 2013 vii.
1173 1983 1224 2014 65.

933 2033 1087 2063 Firminus
1111 2034 1140 2063 in
1163 2034 1246 2062 silvis
1267 2033 1486 2072 pulcherrima,
1510 2037 1558 2075 pi-

1018 2093 1075 2113 nus
1088 2084 1118 2113 in
1135 2084 1239 2113 hortis.

889 2132 982 2169 Quod
1027 2132 1234 2174 χαμαίπιτυς
1268 2131 1504 2173 intelligebatur
1538 2145 1556 2166 a

888 2181 1057 2222 Scaligero,
1074 2192 1112 2212 ne
1126 2180 1208 2211 illud
1220 2181 1349 2222 quidem
1364 2182 1556 2221 admiserim,

888 2241 960 2261 cum
977 2231 1179 2272 χαμαίπιτυς
1198 2230 1280 2261 inter
1291 2230 1404 2261 herbas
1420 2241 1438 2261 a
1452 2232 1555 2264 Plinio

887 2287 1097 2316 recenseatur,
1118 2286 1150 2310 et
1170 2286 1298 2310 vocetur
1319 2281 1358 2310 ab
1386 2290 1422 2310 eo
1447 2282 1534 2323 abiga
1547 2296 1555 2312 .·

888 2329 986 2360 Pinus
996 2340 1150 2371 nusquam
1163 2328 1350 2370 appelletur.
1373 2330 1494 2361 mes.
1524 2338 1557 2363 et

889 2377 1066 2408 Columella
1081 2377 1186 2409 lib.ix.
1203 2378 1233 2408 4.
1252 2377 1386 2418 Cytisum
1404 2385 1435 2408 et
1446 2381 1555 2418 pinum

888 2438 1012 2469 quoque
1029 2426 1200 2468 conjungit.
1219 2437 1411 2467 quamquam
1429 2428 1466 2457 P.
1479 2428 1556 2460 Vic-

888 2477 994 2513 torius,
1006 2477 1084 2508 libro
1096 2488 1168 2507 xxv.
1185 2476 1261 2506 Var.
1273 2476 1360 2506 Lect.
1375 2486 1445 2518 cap.
1455 2479 1485 2508 5.
1500 2478 1554 2520 qui

887 2532 1033 2557 accurate
1049 2526 1088 2556 de
1102 2525 1151 2556 his
1162 2524 1358 2561 omnibu÷,ut
1370 2531 1400 2556 et
1415 2525 1454 2556 de
1465 2537 1554 2569 yersu

889 2576 962 2606 406.
976 2576 1008 2606 in
1025 2575 1135 2606 Culice
1152 2585 1170 2605 a
1193 2574 1314 2604 Bembo
1338 2575 1419 2605 male
1433 2582 1557 2608 mutato

889 2625 965 2666 agit,
981 2635 1035 2666 per
1056 2625 1164 2664 pinum
1178 2633 1242 2653 non
1266 2624 1406 2654 arborem
1421 2631 1556 2665 vastam,

889 2674 945 2706 sed
962 2674 1130 2716 virgultum
1146 2671 1305 2715 iutelligit.
1351 2674 1471 2706 Bumr.
