1760 3172
352 173 661 218 TRISTIUM
692 172 811 214 LIB.
843 172 898 213 V.
933 171 1112 214 ELEG.
1146 172 1281 213 XIV.

1422 173 1506 214 345

132 293 246 342 Non
271 307 363 355 ego
387 290 582 338 divitias
608 288 772 336 dando
792 287 882 335 tibi
908 288 1050 350 plura
1074 287 1323 334 dedissem
1346 305 1354 334 :

198 369 283 416 Nil
305 367 430 415 feret
454 366 516 413 ad
540 381 710 412 manes
736 363 900 411 divitis
926 364 1101 410 umbra
1122 380 1256 431 suos.

132 444 370 509 Perpetui
394 443 608 490 fructum
633 440 809 489 donavi
834 439 1045 487 nominis
1065 458 1095 500 ;4
1116 436 1283 503 idque,

198 521 309 576 Quo
333 521 450 568 dare
475 519 543 566 nil
569 519 706 583 potui
730 533 933 564 munere
958 518 1133 580 maJUS‚
1159 518 1331 565 habes.

132 599 291 655 Adde,
319 597 468 661 quod,
495 603 550 643 ut
573 610 735 643 rerum
761 595 866 641 sola
891 610 943 641 es
968 593 1125 658 tutela
1148 610 1385 650 mearum,
1452 600 1507 644 15

198 675 278 722 Ad
302 681 352 722 te
377 690 473 721 non
497 672 633 736 parvi
657 671 792 719 venit
815 670 1012 718 honoris
1037 686 1162 717 onus
1182 687 1191 718 :

135 751 281 807 Quod
304 765 558 814 nunquam
580 764 675 795 vox
701 754 777 795 est
797 747 859 794 de
884 754 934 794 te
958 762 1069 794 mea
1093 754 1244 804 muta,
1266 748 1444 812 ,tuique

199 828 228 875 J
233 828 409 876 udiciis
434 827 588 874 debes
614 841 724 872 esse
750 824 965 887 superba
988 823 1093 870 viri.
1248 836 1250 838 ·

135 904 274 962 Quae,
301 921 364 953 ne
388 903 498 968 quis
524 903 683 968 possit
707 901 968 949 temeraria
992 901 1173 957 dicere,
1199 910 1407 965 praesta:

202 982 268 1030 Et
290 982 472 1047 pariter
497 997 637 1029 serva
660 996 858 1044 meque,
885 979 1120 1043 piamque
1146 978 1311 1028 fidem.
1449 986 1511 1028 20

138 1059 267 1108 Nam
283 1067 386 1116 tua,
403 1059 521 1106 dum
547 1059 790 1114 stetimus,
811 1057 943 1121 turpi
964 1057 1070 1104 sine
1091 1056 1293 1104 crimine
1315 1059 1510 1114 mansit,

203 1137 268 1184 Et
290 1136 488 1184 laudem
514 1135 734 1200 probitas
760 1135 1103 1198 irreprehensa
1126 1134 1255 1182 tulit.

136 1215 235 1262 Par
259 1215 434 1262 eadem
457 1220 625 1261 nostra
649 1229 780 1260 nunc
805 1219 883 1260 est
908 1212 1002 1260 sibi
1026 1212 1158 1259 facta
1182 1212 1349 1260 ruina:

204 1291 544 1356 Conspicuum
569 1289 721 1337 virtus
747 1289 826 1336 hic
851 1295 938 1336 tua
961 1296 1113 1353 ponat
1137 1305 1277 1353 opus.

139 1367 264 1417 Esse
288 1370 469 1417 bonam
493 1367 637 1415 facile
662 1374 753 1423 est,
774 1366 875 1423 ubi,
900 1367 1033 1430 quod
1052 1373 1187 1414 vetet
1212 1383 1338 1423 esse,
1357 1383 1512 1415 remo-

332 1453 438 1493 tum
463 1453 554 1503 est,

204 1521 270 1569 Et
294 1521 416 1569 nihil
443 1521 601 1569 officio
626 1528 783 1584 nupta
807 1521 940 1584 quod
967 1521 1132 1568 obstet
1156 1521 1335 1569 habet:

184 1642 232 1672 11.
251 1641 377 1682 Plura]
405 1643 509 1679 Quam
524 1640 610 1672 dedi.
641 1640 795 1681 Intelligit

139 1695 246 1721 autem
261 1691 350 1721 famae
366 1690 640 1721 immortalitatem.

184 1741 233 1771 13.
263 1740 407 1780 Perpetui
422 1740 580 1782 fructum,
608 1739 683 1780 δια]
722 1739 795 1769 Non

137 1789 364 1821 intermorietur
398 1800 512 1820 nomen
546 1794 643 1825 tuum,
672 1794 796 1830 propter

138 1838 342 1870 aeternitatem
357 1838 538 1880 scriptorum
553 1848 701 1869 meorum.

183 1889 232 1920 16.
250 1888 334 1919 Onus
348 1900 406 1919 non
418 1890 507 1928 parvi
523 1887 666 1928 honoria]
696 1886 794 1924 Quasi

138 1937 244 1968 dicat:
271 1936 414 1979 quamvis
435 1936 475 1967 sit
493 1947 570 1967 onus
591 1941 623 1967 et
639 1936 727 1966 labor
749 1946 796 1966 res

138 1996 225 2017 meas
253 1986 343 2022 tueri,
369 1991 476 2017 tamen
509 1985 567 2016 erit
601 1996 714 2027 magno
740 1985 793 2015 ho-

139 2035 216 2067 nori.

185 2086 234 2116 19.
263 2084 399 2126 Persta.]
434 2085 604 2116 Persevera
632 2083 665 2115 in
693 2095 795 2116 amore

140 2134 308 2176 conjugali.
340 2133 458 2166 Melius
470 2141 589 2174 praesta,
607 2134 708 2165 effice.

182 2184 237 2214 22.
254 2183 535 2224 Laudem—tulin]
553 2183 603 2214 Sic
620 2183 706 2214 dedit
716 2184 794 2214 Bur-

141 2242 288 2271 mannus;
304 2233 522 2264 laudemlatuit
532 2232 565 2263 in
574 2234 703 2269 candem,
714 2233 795 2274 quod

140 2281 248 2323 primae
259 2281 330 2313 edd.
346 2282 505 2313 exhibent.
530 2281 596 2313 Alii
611 2281 700 2312 aliter
712 2282 795 2323 apud

141 2330 316 2367 Heinsium,
332 2331 385 2373 qui
403 2330 537 2362 scribere
551 2331 642 2372 jubet
660 2337 688 2360 et
701 2330 796 2372 famae

140 2380 385 2422 probitas—fuit.
419 2380 505 2411 Num
518 2391 591 2411 vero
614 2379 726 2410 Latine
750 2379 796 2410 di-

141 2434 240 2466 catur,
250 2430 346 2471 famae
367 2431 508 2470 probitas,
523 2429 722 2461 vehementer
739 2429 796 2460 du-

142 2478 221 2509 bitat
236 2479 344 2510 Burm.
357 2489 414 2510 nec
430 2480 577 2521 probarat
592 2480 796 2521 Verpoorten.

144 2527 282 2559 Probitas
294 2534 341 2559 est
355 2528 386 2559 h.
396 2528 421 2558 l.
438 2528 575 2559 castitas.
606 2528 754 2558 HARLES.

185 2577 240 2606 23.
265 2576 330 2607 Par
352 2588 385 2608 ea
409 2579 444 2608 de
466 2584 568 2608 nostra
590 2589 650 2607 non
675 2583 716 2607 est
746 2578 798 2606 tibi

133 2624 226 2666 facta
248 2625 370 2666 ruina]
398 2626 436 2655 In
459 2632 564 2656 nostra
584 2625 673 2656 ruina
692 2635 797 2666 parem

143 2679 173 2704 te
187 2673 369 2704 ostendisti:
393 2674 444 2705 vel
465 2684 568 2715 parem
589 2674 656 2715 ejus
672 2673 797 2705 demon-

143 2722 275 2754 strandae
291 2723 483 2754 occasionem
502 2723 607 2754 habes.
653 2724 769 2754 Euam.

1452 1449 1514 1492 25

905 1641 1014 1671 Liceat
1029 1651 1100 1671 vero
1115 1650 1217 1671 meam
1231 1641 1426 1682 interponere
1439 1653 1511 1672 con-

857 1689 1064 1732 jecturiolam.
1095 1689 1229 1720 Ovidius
1242 1696 1335 1721 antea
1349 1697 1448 1722 orarat
1461 1703 1515 1722 ux—

861 1750 958 1775 orem,
975 1745 1009 1770 ut
1022 1739 1114 1770 fidem
1128 1745 1277 1776 servaret,
1291 1751 1421 1782 eamque
1435 1752 1517 1773 nunc

860 1788 1047 1824 ostenderet,
1063 1799 1159 1830 quum
1180 1788 1330 1820 castitatis
1350 1797 1517 1832 perpetuas,

862 1849 931 1879 quae
942 1838 1051 1868 Romae
1069 1848 1137 1868 rara
1151 1843 1227 1869 tunc
1239 1838 1297 1869 fuit
1308 1840 1413 1875 virtus,
1428 1846 1519 1872 antea

860 1887 987 1918 laudem
1006 1887 1148 1918 tulisset:
1173 1894 1259 1928 rogat
1274 1887 1368 1929 igitur
1387 1894 1422 1919 ut
1442 1890 1519 1922 fides

861 1942 949 1967 tanta
963 1935 1013 1972 sit,
1030 1941 1191 1978 quamtum
1212 1937 1330 1967 malum
1349 1948 1415 1968 esse
1431 1944 1520 1980 putat

861 1985 1016 2021 exsilium,
1034 1986 1092 2016 hoc
1110 1991 1166 2021 est,
1184 1996 1279 2027 quam
1295 1986 1442 2023 maxima,
1458 1998 1521 2029 qua

861 2045 893 2065 re
915 2035 1045 2076 gloriam
1064 2035 1203 2076 acquiret
1225 2035 1390 2066 illustrem.
1436 2037 1519 2068 Hinc

862 2085 999 2126 suspicor
1019 2084 1177 2126 scripsisse
1197 2090 1333 2126 poetam,
1351 2086 1519 2126 praesertim

863 2133 887 2164 si
903 2144 952 2169 ea,
969 2145 1038 2175 quae
1054 2139 1236 2175 sequuntur,
1252 2133 1436 2165 contuleris:
1457 2135 1521 2166 Par

863 2185 963 2212 eadem
991 2182 1075 2224 (scil.
1106 2181 1200 2221 fides)
1229 2189 1333 2213 nostrae
1367 2195 1447 2214 nunc
1483 2187 1521 2215 sit

863 2231 911 2273 (h.
927 2243 954 2263 e.
976 2232 1095 2263 utinam
1122 2232 1196 2271 sitl)
1220 2233 1273 2262 tibi
1289 2233 1383 2273 facta
1404 2234 1520 2263 ruz'mr:

863 2286 958 2322 atque
980 2281 1011 2311 in
1028 2281 1255 2323 Gottorphiano
1279 2281 1338 2311 fuit
1360 2288 1472 2318 ηοεῐνιε,
1490 2288 1521 2313 et

862 2331 915 2360 sibi
938 2341 975 2360 ex
1000 2330 1129 2371 antiqua
1154 2329 1287 2361 lectione
1310 2332 1359 2366 sit,
1382 2341 1435 2371 pro
1460 2342 1521 2372 quo

863 2379 1006 2410 librarius
1019 2379 1220 2410 substituerat
1236 2386 1287 2415 est,
1304 2378 1406 2410 forsan
1421 2386 1520 2410 ortum

863 2429 931 2459 fuit.
963 2428 1110 2459 HARLES.

907 2478 959 2507 24.
977 2477 1205 2517 Conspiemmn]
1233 2475 1331 2512 Quasi
1352 2476 1522 2517 quamdam

863 2532 999 2557 statuam
1025 2537 1105 2556 nunc
1131 2525 1187 2556 tibi
1212 2525 1324 2556 virtute
1351 2531 1403 2555 tua
1427 2524 1521 2565 erige,

865 2575 1065 2617 conspicuam
1080 2575 1234 2606 omnibus.
1257 2575 1360 2605 PoNr.
1411 2574 1522 2604 Virtus.

864 2625 933 2654 Tua
948 2624 1024 2655 fides
1040 2624 1221 2666 conjugalis.

910 2675 963 2704 25.
979 2673 1120 2713 Bonam]
1148 2672 1307 2704 Feminam
1324 2678 1354 2702 et
1373 2683 1498 2702 uxmem
1514 2685 1518 2701 :

866 2722 919 2752 sed
937 2721 1033 2752 virtus
1049 2722 1080 2752 in
1096 2721 1199 2753 arduis
1214 2721 1360 2752 cernitur.
