1760 3172
213 183 299 227 208

590 177 640 221 P.
677 178 892 222 OVIDII
928 178 1211 221 NASONIS

215 298 351 354 Quid
377 312 618 361 generum
653 294 845 343 Peliae?
883 294 1003 357 quid
1038 294 1266 342 Thesea?
1304 295 1487 358 quidve
1516 295 1610 344 Pe-

416 376 631 436 lasgum,

282 454 486 501 Iliacam
512 448 790 512 tetigitrqui
816 455 921 495 rate
948 447 1137 511 primus
1162 448 1404 496 humum?

216 530 329 578 Huc
356 530 478 585 Iole,
505 527 789 592 Pyrrhique
814 524 1018 589 pare'ns;
1060 525 1157 572 huc
1186 524 1419 573 Herculis
1445 542 1587 581 uxor,

281 607 394 655 Huc
421 606 629 655 accedat
655 603 832 667 HylaS,
862 602 1152 666 Iliadesque
1178 619 1318 666 puer.

1512 606 1610 651 406

213 685 459 748 Tempore
485 681 704 737 deficiar,
730 679 947 742 tragicos
973 679 1014 725 si
1039 695 1315 743 persequar
1339 679 1508 743 ignes3

279 762 481 825 Vixque
505 776 646 807 meus
673 757 841 821 capiat
865 756 1068 804 nomina
1091 757 1226 804 nuda
1250 757 1391 804 liber.

214 838 307 886 Est
331 845 381 885 et
405 839 454 884 in
479 838 742 884 obscoenos
768 834 967 882 deflexa
986 833 1232 896 tragoedia
1256 835 1401 890 risus,

278 915 543 978 Multaque
568 911 809 978 praeteriti
833 911 986 959 verba
1009 912 1214 976 pudoris
1240 912 1423 960 habet:

1509 913 1608 958 410

210 992 257 1039 N
263 1008 320 1040 ec
347 999 495 1038 nocet
520 989 725 1045 auctori,
752 988 955 1035 mollem
980 989 1067 1053 qui
1093 988 1212 1036 fecit
1238 988 1505 1043 Achillem,

280 1069 552 1131 Infregisse
578 1067 681 1115 suis
706 1065 853 1114 sortia
870 1065 1005 1114 facta
1028 1067 1207 1114 modis.

210 1213 413 1249 contendant,
421 1212 505 1244 unde
516 1212 670 1243 Hercules
681 1209 877 1253 Lycophroni

208 1261 398 1304 τριέσπερος
412 1260 496 1293 λέων
512 1260 636 1292 dicitur.
660 1260 779 1290 HEINs.
805 1259 876 1289 Hae-

208 1323 306 1342 mona.
353 1310 522 1351 Antigone,
538 1314 695 1340 contemto
711 1308 826 1344 edicto,
837 1317 877 1338 ne

210 1361 280 1403 quis
317 1360 490 1402 Polynicen
526 1364 682 1390 mortuum
719 1358 875 1400 sepeliret,

209 1421 293 1446 eum,
319 1410 466 1451 quoniam
497 1409 591 1440 frater
619 1414 696 1444 erat,
723 1407 877 1438 humavit.

210 1459 428 1502 Deprehensa‚
442 1458 533 1501 jussu
556 1457 700 1489 Creontis
721 1456 803 1497 regis
822 1457 875 1498 ju-

210 1509 336 1551 gulatur
349 1520 386 1539 ex
399 1508 469 1550 lege
483 1508 522 1539 ad
539 1507 694 1539 tumulum
705 1505 875 1548 Polynicis.

209 1560 354 1594 Haemon,
371 1558 424 1600 qui
440 1569 509 1589 eam
525 1557 723 1599 impatienter
738 1557 875 1591 amabat,

209 1608 346 1650 perfosso
375 1612 500 1650 pectore
529 1606 646 1648 gladio,
674 1605 791 1636 ibidem
816 1604 875 1635 sibi

209 1664 340 1688 mortem
360 1656 523 1688 conscivit.
568 1657 650 1686 Eum
672 1659 806 1696 sequuta
828 1659 876 1684 est

209 1713 309 1738 mater
324 1705 481 1747 Eurydice
497 1704 611 1736 doloris
626 1704 805 1746 impatiens.

253 1756 327 1786 403.
363 1755 446 1789 Quid
473 1765 618 1796 generum
648 1753 740 1784 Peliae
749 1752 778 1793 ἲ]
815 1752 876 1783 Per

205 1816 351 1848 generum
372 1804 474 1840 Peliae,
490 1803 663 1834 Admetum
686 1801 804 1843 accipe,
821 1801 875 1843 qui

209 1855 371 1890 Alcesten,
390 1852 488 1883 Peliae
504 1852 601 1883 filiam
619 1851 767 1893 majorem
783 1857 872 1887 natu,

209 1903 422 1946 despondente
437 1904 566 1938 Jasone,
582 1906 652 1943 post
667 1900 788 1932 Peliam
803 1900 875 1930 Me-

208 1954 275 1985 deae
298 1952 408 1984 fraude
429 1957 613 1994 peremtum,
629 1949 720 1981 duxit
734 1960 873 1981 uxorem.

208 2003 365 2044 Designat
385 2006 488 2032 autem
511 1999 561 2031 hic
585 1999 720 2031 Ovidius
735 1998 873 2029 Alcestis

207 2051 407 2093 tragoediam,
431 2060 526 2092 quam
552 2048 718 2091 Euripides
740 2048 873 2090 scripsit.

211 2100 293 2135 Quid
312 2100 442 2130 Thesea?
465 2098 667 2140 Tragoediam
690 2098 730 2129 de
752 2097 874 2128 Theseo

206 2150 362 2192 intellige,
381 2149 434 2191 qui
451 2154 542 2179 natus
559 2153 606 2179 est
621 2159 658 2179 ex
676 2147 789 2178 EEthra
804 2147 872 2178 Pit-

206 2199 273 2231 thei
288 2200 365 2236 filia,
381 2209 417 2230 ac
433 2199 594 2240 Neptuno,
606 2198 638 2228 in
648 2198 799 2228 Troezene
816 2208 872 2228 nu-

206 2249 296 2280 tritus
304 2260 399 2291 penes
409 2247 753 2279 Pittheummaternum
763 2256 871 2278 avum:

207 2308 243 2329 ac
259 2298 347 2340 signa
363 2298 401 2328 ab
419 2298 522 2338 [Egeo
542 2297 599 2327 sub
621 2306 695 2327 saxo
712 2295 812 2338 posita
827 2306 874 2326 re-

205 2357 407 2389 cognoscens,
438 2346 582 2377 Athenas
611 2345 706 2377 venit.
765 2345 808 2381 Is,
839 2350 873 2376 ut

208 2396 355 2428 Herculis
366 2396 494 2427 virtutes
509 2395 695 2431 imitaretur,
707 2394 745 2426 ad
758 2405 795 2425 ea
806 2405 872 2425 cer—

207 2445 327 2477 tamina
348 2445 486 2476 animum
508 2444 635 2487 adjecit,
652 2455 722 2486 quae
746 2443 872 2475 laudem

206 2500 238 2525 et
252 2493 383 2535 gloriam
394 2493 452 2525 sibi
463 2499 565 2525 essent
580 2493 736 2524 adlatura.
776 2493 872 2528 Quid-

207 2555 239 2573 ve
272 2544 445 2584 Pelasgum,
460 2543 596 2573 Iliacam.
652 2542 870 2573 Protesilaum.

211 2593 368 2634 Pelasgum
382 2597 488 2623 autem
499 2597 604 2628 vocat,
615 2591 690 2633 quia
700 2591 871 2622 Thessalus

207 2640 275 2671 fuit.
320 2641 446 2682 Pelasgi
481 2646 587 2671 autem
623 2640 818 2671 Thessaliam
851 2651 870 2671 a

207 2689 358 2731 principio
374 2695 510 2722 tenuere.

251 2740 323 2770 405.
351 2738 420 2769 Huc
447 2739 535 2779 Iule]
571 2738 690 2780 Euryti,
716 2739 868 2770 OEchaliae

945 1210 1026 1252 regis
1046 1210 1123 1247 filia,
1147 1211 1186 1242 ab
1210 1210 1347 1241 Hercule
1367 1210 1610 1251 amata.—Pyr-

946 1261 1049 1300 rhique
1060 1271 1184 1300 parens.
1230 1259 1409 1295 Deidamia,
1424 1259 1535 1300 Pyrrhi
1546 1270 1611 1291 ma—

944 1316 1001 1344 ter,
1025 1309 1213 1351 Lycomedis
1239 1310 1402 1350 Scyrorum
1430 1309 1512 1351 regis
1534 1308 1610 1346 filia,

944 1359 1030 1401 apud
1046 1370 1140 1400 quern
1154 1359 1265 1390 Thetis
1280 1358 1441 1390 Achillem
1459 1359 1518 1389 sub
1538 1369 1609 1390 mu-

942 1408 1033 1439 liebri
1048 1408 1159 1440 habitu
1175 1407 1310 1439 celavit:
1335 1408 1485 1449 quoniam
1501 1418 1519 1439 a
1534 1409 1611 1440 Pro-

942 1463 993 1489 teo
1008 1463 1184 1500 acceperat,
1200 1457 1288 1488 illum
1304 1457 1477 1499 periturum
1494 1467 1561 1488 esse
1576 1457 1609 1489 in

941 1507 1027 1538 bello
1055 1507 1331 1549 Trojano—Huc
1356 1506 1501 1537 Herculis
1523 1518 1610 1538 uxor.

942 1558 1108 1598 Megaram
1124 1556 1212 1593 dicit,
1227 1566 1321 1598 quam
1338 1556 1441 1587 Creon
1456 1567 1510 1587 rex
1525 1557 1608 1588 The-

941 1606 1062 1642 barum,
1087 1605 1213 1647 cognita
1239 1605 1387 1636 Herculis
1412 1605 1538 1642 virtute,
1562 1606 1608 1637 illi

942 1666 1071 1687 uxorem
1087 1655 1186 1691 dedit,
1202 1655 1349 1697 urbisque
1365 1655 1405 1692 ei,
1420 1655 1519 1686 veluti
1535 1656 1609 1694 filio,

943 1715 1049 1736 curam
1065 1704 1216 1746 permisit.

986 1755 1059 1785 406.
1094 1754 1129 1784 H
1131 1766 1166 1785 uc
1188 1755 1311 1785 accedat
1336 1753 1371 1784 H
1370 1753 1465 1794 ylas.]
1505 1753 1608 1795 Hylas

942 1814 1019 1846 puer
1035 1803 1103 1840 fuit,
1114 1814 1218 1834 comes
1229 1802 1386 1839 Herculis,
1399 1813 1493 1844 quem
1506 1802 1611 1834 amisit

942 1853 975 1883 in
990 1853 1079 1884 Ionia
1089 1853 1183 1895 juxta
1197 1852 1347 1894 Mysiam,
1365 1858 1397 1883 et
1413 1863 1509 1894 quum
1525 1863 1609 1883 corn-

942 1908 1076 1944 pertum,
1109 1902 1298 1934 exstinctum
1338 1912 1405 1933 esse
1443 1901 1475 1932 in
1512 1901 1609 1938 fonte,

939 1951 1083 1982 instituta
1097 1957 1170 1982 sunt
1185 1961 1283 1987 sacra,
1295 1951 1328 1981 in
1343 1950 1458 1992 quibus
1473 1950 1540 1993 ejus
1554 1961 1609 1982 no-

941 2010 1013 2031 men
1030 2000 1225 2031 clamabatur
1239 1999 1272 2030 in
1285 1998 1608 2030 sontibus.-Iliades-

941 2061 995 2089 que
1014 2061 1102 2090 puer.
1147 2051 1188 2080 Et
1213 2047 1416 2091 Ganymedes
1443 2049 1608 2091 Trojanus,

941 2099 1024 2130 filius
1037 2099 1126 2131 Trois
1140 2099 1231 2141 regis,
1249 2103 1279 2129 et
1295 2098 1390 2129 frater
1404 2098 1446 2129 Ili
1462 2104 1494 2129 et
1508 2098 1607 2130 Assa-

941 2148 1016 2180 raci-

985 2199 1058 2229 410.
1083 2197 1244 2238 Multaque
1252 2198 1400 2237 praeteriti
1414 2197 1500 2227 verba
1508 2197 1606 2237 pudo-

942 2250 983 2279 ris
997 2247 1113 2287 habet]
1140 2247 1247 2278 Multa
1262 2246 1358 2277 habet
1373 2246 1406 2276 in
1420 2245 1534 2288 quibus
1547 2257 1606 2288 pu-

942 2296 996 2327 dor
1019 2303 1066 2327 est
1081 2296 1266 2338 praeteritus,
1284 2305 1302 2326 a
1317 2295 1432 2337 quibus
1447 2295 1536 2326 abest
1553 2305 1607 2326 ve-

941 2345 1102 2376 recundia.

984 2396 1057 2424 411.
1074 2393 1228 2434 Auctor-i]
1246 2391 1388 2429 Quisille
1402 2392 1606 2428 fuerit,valde

939 2445 1104 2475 obscurum
1129 2448 1185 2473 est.
1231 2442 1358 2473 Merula
1377 2441 1525 2483 intelligit
1540 2441 1606 2472 Ho-

939 2503 1079 2530 merum;
1103 2491 1252 2522 Heinsius
1266 2490 1414 2527 Sotaden,
1431 2500 1449 2521 a
1461 2500 1523 2531 quo
1539 2500 1605 2521 ear—

941 2542 1025 2573 mina
1047 2541 1176 2572 sotadea
1199 2540 1284 2571 dicta
1298 2545 1390 2578 sunt3
1414 2539 1526 2570 melius
1550 2550 1603 2570 au—

939 2597 1003 2622 tem
1019 2589 1171 2631 Micyllus
1187 2596 1217 2621 et
1234 2591 1342 2620 Burm.
1357 2595 1482 2631 poetam
1497 2598 1606 2630 quem-

938 2640 1022 2675 dam,
1040 2639 1094 2681 qui
1112 2639 1247 2670 Achillis
1268 2649 1387 2670 amores
1408 2637 1607 2679 descripserit

937 2689 1078 2731 elegiaco
1100 2688 1204 2730 aliquo
1225 2688 1372 2724 carmine,
1389 2687 1463 2728 quia
1478 2697 1603 2718 carmen

938 2738 1123 2780 Elegiacum
1150 2739 1189 2768 ab
1219 2737 1335 2769 Ovidio
1364 2736 1495 2778 aliisque
1520 2746 1603 2778 saepe
