1760 3172
193 191 280 234 102
580 191 630 232 P.
667 189 879 231 OVIDII
916 187 1197 231 NASONIS

206 307 290 354 Sic
317 306 435 353 mihi
455 306 667 369 juravit:
708 307 778 353 sic
805 322 882 352 mc
905 307 1073 368 jurata
1098 303 1291 352 fefellit.

273 383 406 431 Antc
431 400 571 430 suam
593 383 788 446 quoties
816 397 965 446 passa
982 383 1151 443 jacere
1176 380 1352 428 forem!

209 460 388 522 Diligit
413 461 521 523 ipsa
546 461 694 516 alios;
736 476 765 507 a
789 475 869 506 me
891 457 1084 505 fastidit
1109 458 1279 504 amari.
1502 462 1599 505 305

275 537 482 584 Institor
508 538 604 585 heu
630 544 822 591 noctes,
846 551 973 599 quas
999 534 1119 581 mihi
1146 550 1244 581 non
1271 535 1373 590 dat,
1401 535 1573 583 habet!

208 612 331 661 Haec
358 614 447 661 tibi
474 631 562 677 per
588 620 720 660 totos
748 612 1038 659 inacescant
1062 611 1227 659 omnia
1251 628 1456 659 sensus:

274 690 397 738 Haec
425 691 573 739 refer:
614 691 729 737 hinc
755 690 855 737 odii
881 689 1073 737 semina
1097 705 1265 752 quaere
1290 689 1379 736 tui.

200 768 369 831 Atque
396 769 585 815 utinam
611 767 773 831 possis
799 768 951 814 etiam
977 766 1222 814 facundus
1249 766 1298 813 in
1325 766 1422 813 illis

274 845 422 893 Esse!
461 847 575 893 dole
600 852 817 902 tantum;
860 851 1040 908 sponte
1065 843 1282 890 disertus
1304 843 1419 890 eris.
1503 847 1601 890 310

210 921 439 970 Haeserat
464 923 512 969 in
539 922 762 985 quadam
788 938 948 986 nuper
972 937 1085 968 mea
1108 936 1228 968 cura
1252 922 1421 984 puella
1444 938 1453 968 :

274 1000 590 1048 Conveniens
617 1000 782 1047 animo
807 1016 907 1047 non
933 1007 1040 1047 erat
1064 999 1151 1046 illa
1175 1014 1303 1046 meo.

206 1076 430 1124 Curabar
455 1077 667 1141 propriis
693 1093 825 1140 aeger
850 1077 1132 1125 Podalirius
1158 1076 1353 1124 herbis:

276 1153 341 1200 Et
365 1153 568 1216 (fateor)
593 1155 818 1202 medicus
844 1155 1057 1218 turpiter
1082 1170 1213 1217 aeger
1245 1169 1398 1201 eram.

209 1230 401 1277 Profuit
425 1230 635 1278 adsidue
659 1231 792 1278 vitiis
818 1231 1049 1278 insistere
1075 1231 1264 1278 amicae.
1504 1233 1601 1277 315

274 1306 437 1370 quue
463 1307 583 1354 mihi
607 1307 795 1354 factum
820 1323 955 1371 saepe
981 1307 1178 1355 salubre
1204 1307 1313 1354 fuit.

205 1384 368 1439 Quam
394 1385 525 1432 mala
549 1393 665 1433 sunt
688 1392 887 1441 nostrae,
915 1384 1163 1440 dicebam,
1191 1400 1335 1431 crura
1360 1384 1562 1449 puellae!

272 1462 319 1508 N
324 1478 381 1510 ec
405 1469 589 1518 tamen,
616 1470 672 1510 ut
694 1479 809 1511 vere
834 1462 1176 1517 confiteamur,
1205 1469 1361 1509 erant.

207 1538 423 1586 Brachia
447 1555 599 1602 quam
624 1557 722 1587 non
748 1548 864 1587 sunt
889 1548 1070 1587 nostrae
1099 1539 1318 1586 formosa
1346 1539 1550 1603 puellae!

272 1616 338 1663 Et
363 1624 547 1673 tamen,
576 1624 631 1664 ut
655 1633 769 1665 vere
796 1618 1138 1672 confiteamur,
1167 1624 1325 1664 erant.
1500 1619 1598 1662 320

208 1692 370 1748 Quam
402 1694 566 1741 brevis
600 1695 697 1742 est!
737 1710 828 1741 nec
855 1701 976 1742 erat.
1018 1710 1169 1758 quam
1199 1694 1416 1741 multum
1443 1693 1607 1757 poscit

410 1772 684 1819 amantem!

274 1846 407 1896 Hinc
433 1848 548 1894 odio
573 1848 710 1895 venit
734 1848 955 1895 maxima
979 1863 1159 1895 caussa
1183 1864 1313 1895 meo.

207 1923 273 1971 Et
297 1926 429 1972 mala
455 1931 571 1972 sunt
594 1925 757 1973 vicina
782 1926 941 1973 bonis.
982 1942 1145 1973 errore
1172 1926 1264 1973 sub
1289 1925 1374 1972 illo

275 2001 374 2048 Pro
399 2002 518 2049 vitio
543 2003 697 2050 virtus
724 2003 933 2051 crimina
958 2019 1091 2067 saepe
1116 2003 1247 2050 tulit.

205 2076 368 2132 Quam
396 2085 556 2142 potes,
582 2080 632 2126 in
656 2081 801 2144 pejus
831 2081 974 2128 dotes
1000 2079 1216 2127 deflecte
1241 2079 1448 2143 puellae:
1501 2084 1598 2130 325

271 2153 302 2201 J
308 2155 629 2219 udiciumque
655 2157 792 2204 brevi
818 2157 976 2205 limite
1001 2156 1120 2204 falle
1145 2163 1306 2204 tuum.

205 2231 441 2294 Turgida,
470 2233 510 2280 si
537 2234 687 2297 plena
710 2242 816 2292 est;
859 2235 899 2281 si
925 2234 1067 2281 fusca
1091 2240 1184 2289 est,
1212 2234 1354 2296 nigra
1376 2240 1598 2281 vocetur.

273 2308 333 2355 In
357 2309 529 2372 gracili
554 2311 739 2359 macies
765 2312 954 2360 crimen
980 2312 1165 2360 habere
1192 2318 1377 2376 potest.

247 2453 323 2484 306.
346 2451 502 2495 Institor]
530 2454 640 2486 Horat.
651 2455 695 2487 iii.
710 2456 773 2487 Od.
789 2457 820 2488 6.
937 2467 1009 2487 cum
1024 2457 1199 2491 Puteaneo,
1212 2460 1243 2485 et
1256 2453 1491 2496 Argentinensi.
1516 2453 1605 2484 aliter

292 2503 351 2533 Seu
366 2510 450 2534 vocat
466 2505 597 2534 institor.
939 2517 1046 2538 sensus
1062 2517 1123 2537 non
1139 2506 1305 2537 constabit.
1351 2505 1470 2535 Hms.

202 2551 243 2581 Et
265 2551 364 2593 Epod.
381 2551 457 2582 xvii.
475 2554 585 2583 Ama'ta
608 2555 711 2585 nautis
737 2557 868 2585 multum
983 2557 1060 2587 323.
1099 2556 1137 2586 Et
1169 2557 1247 2585 mala
1276 2561 1346 2585 sunt
1376 2556 1477 2584 vicina
1499 2553 1604 2594 bouis]

199 2607 228 2630 et
242 2602 438 2632 institoribus.
463 2601 545 2632 unde
559 2607 688 2644 apparet
701 2602 758 2634 hoc
771 2614 869 2645 genus
938 2605 1034 2647 Lego,
1053 2611 1086 2635 ut
1110 2605 1188 2634 mala
1210 2610 1279 2634 sunt
1302 2605 1401 2634 *vicina
1425 2604 1523 2633 bonis.-
1548 2602 1605 2632 hoc

201 2649 503 2691 contemptissimum
548 2650 643 2683 fuisse
684 2652 868 2694 antiquitus.
936 2661 995 2691 est,
1023 2653 1303 2696 quemadmodum.
1341 2653 1442 2683 lum.
1488 2650 1606 2687 Livius,

204 2698 337 2729 DOUZA-
937 2703 992 2735 lib.
1006 2703 1081 2734 xxii.
1103 2704 1149 2734 12.
1165 2702 1312 2744 affingens
1330 2704 1426 2733 vicina
1444 2703 1608 2732 virtutihus

245 2748 321 2779 320.
349 2747 411 2779 Nec
428 2749 552 2790 tamem]
580 2749 621 2780 Ee
644 2757 743 2781 tamen
763 2750 866 2781 scribe
936 2754 1023 2783 vitiu.
