1760 3172
492 181 678 222 ARTIS
713 181 1067 223 AMATORIAE
1101 181 1221 223 LIB.
1259 183 1322 223 H.
1517 185 1573 225 13

185 296 292 344 Nec
317 296 406 343 tibi
431 303 575 359 turpe
601 304 720 359 puta
744 297 993 358 (quamvis
1023 297 1111 343 tibi
1141 305 1300 360 turpe,
1328 299 1567 361 placebit]

248 373 473 435 Ingenua
501 373 759 436 speculum
785 373 1078 420 sustinuisse
1103 390 1268 420 manu.
1473 380 1567 422 216

185 450 290 504 Ille,
317 449 535 511 fatigatae
562 449 817 512 perdendo
842 454 1061 496 monstra
1086 466 1326 506 novercae,

249 525 347 579 Qui
372 525 552 573 meruit
572 526 770 580 coelum,
798 526 933 588 quod
960 527 1090 589 prior
1115 527 1222 590 ipse
1244 528 1372 582 tulit,

184 602 318 650 Inter
343 602 571 650 Ioniacas
596 603 847 650 calathum
872 604 1090 664 tenuisse
1116 605 1306 666 puellas

251 679 498 735 Creditur,
526 687 576 726 et
598 680 737 726 lanas
763 680 1043 726 excoluisse
1069 681 1233 727 rudes.
1474 687 1516 729 ἱ).ὁ

185 757 356 804 Paruit
380 758 586 821 imperio
611 757 822 803 dominae
850 756 1139 820 Tirynthius
1165 758 1326 805 heros.

250 834 272 880 I
299 851 459 891 nunc;
500 842 550 882 et
573 835 747 882 dubita
770 834 911 890 ferre,
941 835 1074 897 quod
1100 834 1181 881 ille
1207 835 1346 882 tulit:

180 910 356 959 Jussus
384 912 560 961 adesse
585 911 706 966 foro,
729 911 870 974 jussa
897 911 1136 957 maturius
1162 911 1284 958 hora

249 989 348 1036 Fac
375 1005 569 1053 semper
592 989 790 1045 venias3
832 1004 922 1035 nec
951 988 1044 1034 nisi
1071 1004 1209 1035 serus
1236 989 1333 1035 abi.

184 1065 430 1113 Occurras
457 1066 623 1129 aliquo
648 1065 737 1112 tibi
763 1065 973 1121 dixerit;
1016 1065 1182 1112 onmia
1206 1065 1375 1121 differ;
1471 1072 1566 1115 225

249 1143 434 1201 Curre3
474 1160 565 1191 nec
592 1144 846 1207 inceptum
871 1143 1017 1190 turba
1041 1150 1258 1189 moretur
1283 1143 1390 1190 iter.

183 1219 344 1268 Nocte
369 1221 571 1268 domum
596 1228 827 1284 repetens
853 1221 1013 1283 epulis
1040 1220 1300 1284 perfuncta
1325 1222 1504 1269 redibit
1525 1242 1532 1270 :

242 1297 381 1345 Tunc
407 1315 608 1362 quoque
634 1315 722 1361 pro
748 1315 903 1354 servo,
932 1298 973 1345 si
997 1305 1142 1345 vocat
1166 1298 1264 1353 illa,
1292 1300 1418 1346 veni.

183 1374 317 1422 Rure
343 1375 455 1431 eris,
483 1383 533 1423 et
556 1376 705 1431 dicet,
729 1376 930 1431 Venias,
958 1375 1135 1438 (Amor
1160 1376 1265 1422 odit
1289 1376 1494 1436 inertes)

249 1451 302 1498 Si
328 1459 436 1498 rota
459 1452 687 1507 defuerit,
717 1461 768 1499 tu
794 1453 922 1516 pede
948 1468 1097 1515 carpe
1123 1453 1268 1499 viam.
1470 1458 1566 1501 230

183 1527 290 1575 Nec
315 1544 462 1590 grave
487 1535 536 1575 te
563 1536 761 1592 tempus
791 1529 1026 1576 sitiensve
1055 1529 1298 1576 Canicula
1321 1531 1498 1587 tardet,

246 1604 293 1651 N
298 1621 355 1653 ec
380 1605 458 1652 via
481 1621 570 1669 per
587 1607 750 1668 jactas
777 1606 991 1653 candida
1013 1605 1145 1652 facta
1165 1606 1318 1653 niveS.

182 1680 374 1728 Militiae
401 1682 594 1746 species
621 1698 757 1729 amor
782 1690 886 1730 est:
927 1683 1169 1729 discedite
1195 1699 1391 1745 segnes.

247 1757 363 1805 Non
388 1766 504 1805 sunt
528 1759 634 1806 haec
660 1759 846 1806 timidis
872 1759 1015 1821 signa
1038 1759 1225 1806 tuenda
1248 1760 1378 1807 viris.

182 1834 314 1891 Nox,
337 1843 388 1883 et
407 1836 582 1891 hiems,
603 1837 864 1899 longaeque
885 1836 993 1891 viae,
1012 1836 1229 1899 saevique
1249 1837 1444 1885 dolores
1470 1843 1565 1886 235

246 1911 484 1959 Mollibus
510 1913 586 1959 his
611 1912 803 1968 eastris,
832 1920 882 1959 et
905 1913 1043 1959 labor
1068 1913 1227 1959 omnis
1254 1913 1397 1961 inest.

181 1989 327 2053 Saepe
351 1989 479 2036 feres
505 1989 714 2037 imbrem
739 1989 929 2036 coelesti
954 1990 1086 2037 nube
1115 1990 1331 2037 solutum
1352 2010 1362 2047 ;

247 2066 492 2129 Frigidus,
520 2074 570 2114 et
593 2067 729 2114 nuda
756 2083 890 2131 saepe
910 2067 1102 2130 jacebis
1129 2068 1296 2115 humo.

179 2142 429 2206 Cynthius
454 2142 656 2190 Admeti
680 2160 856 2191 vaccas
882 2144 1077 2207 pavisse
1104 2143 1338 2192 Pheraeas

245 2218 437 2275 Fertur,
465 2226 514 2266 et
538 2220 587 2266 in
613 2221 764 2284 parva
788 2220 1043 2268 delituisse
1070 2222 1206 2268 casa.
1469 2229 1565 2272 ‘240

1509 688 1534 730 Ιυ

1541 690 1570 728 0

220 2362 295 2392 228.
320 2361 382 2392 Pro
395 2363 503 2403 servm]
532 2363 699 2400 Nimirum,
716 2365 770 2406 qui
791 2365 836 2395 fa·
905 2371 1099 2406 pentametro
1114 2364 1179 2404 agit
1194 2363 1335 2405 intellige
1358 2375 1430 2405 ergo
1445 2372 1568 2408 teinpus

178 2420 246 2441 cem
261 2410 424 2447 sustineat,
439 2422 532 2453 quem
547 2414 755 2444 adversitorem
768 2413 834 2444 dix-
905 2423 942 2443 ex
956 2419 1063 2443 aestate
1076 2412 1108 2442 in
1121 2418 1305 2443 autumnum
1318 2424 1467 2456 praeceps,
1482 2416 1565 2456 quod

178 2459 238 2490 isse
264 2465 385 2491 veteres
415 2460 508 2492 docet
534 2462 677 2493 Donatus
698 2463 738 2493 ad
765 2464 836 2494 Ter.
905 2461 1006 2492 ventis
1028 2467 1060 2492 et
1080 2461 1194 2503 pluviis
1217 2462 1369 2498 crebrum,
1390 2468 1422 2493 et
1443 2465 1564 2495 inorbo-

180 2507 316 2550 Adelph.
331 2509 352 2539 i.
364 2509 388 2540 i.
404 2516 489 2540 vocat
503 2510 599 2541 etiam
613 2517 698 2542 recte
718 2511 837 2543 notavit
905 2521 971 2541 rum
987 2510 1170 2541 fecundum.
1217 2511 1332 2540 Bmm.

179 2556 291 2588 Douza
303 2558 460 2600 proprium
482 2569 549 2590 esse
571 2560 712 2597 verbum,
728 2566 762 2591 ut
778 2562 836 2602 Ep.
947 2560 1024 2590 233.
1060 2559 1184 2589 Militiae
1218 2559 1352 2599 species]
1388 2560 1470 2591 Vide
1503 2563 1565 2594 ele-

178 2616 233 2636 xx.
261 2605 388 2647 Ignoras
414 2614 467 2638 tua
482 2609 574 2647 jura,
600 2620 680 2639 voca.
703 2609 768 2639 vid.
796 2609 836 2639 ad
904 2607 989 2650 giam
1011 2608 1066 2638 lib.
1090 2607 1112 2638 i.
1138 2607 1181 2638 ix.
1208 2608 1318 2638 Amor.
1345 2620 1415 2650 quae
1443 2610 1564 2653 incipit,

178 2653 279 2695 Epist.
293 2654 339 2685 iii.
355 2666 388 2686 v.
409 2657 480 2687 100.
523 2657 641 2688 Euan.
907 2658 1024 2688 Militat
1041 2659 1134 2687 omnis
1147 2668 1261 2688 amans.
1310 2658 1401 2690 Clor.

221 2704 298 2734 231.
324 2704 387 2735 Nec
399 2716 493 2746 grave
510 2712 538 2736 te
556 2707 695 2748 tempus]
724 2708 837 2749 Frigus
947 2707 1024 2737 239.
1058 2706 1176 2736 Favisse
1197 2717 1250 2745 per
1275 2708 1392 2748 oestus.]
1430 2709 1467 2738 In
1494 2710 1562 2750 qui-

179 2751 316 2793 explicat
337 2753 483 2785 Merula:
512 2754 610 2797 Atqui
630 2755 669 2787 de
688 2756 789 2787 hieme
806 2757 836 2788 in
905 2755 1048 2792 busdam,
1062 2766 1115 2795 per
1137 2756 1250 2793 herbas,
1267 2756 1298 2787 in
1316 2756 1395 2794 aliis,
1414 2758 1561 2789 Phereas:
