1760 3172
232 147 250 166 Γ

229 146 313 186 olb'
618 141 668 181 P.
704 138 914 181 OVIDII
950 135 1227 178 NASONIS

233 261 431 306 Innatat
458 258 589 303 unda
614 256 736 303 freto
760 254 936 307 dulcis,
965 252 1215 314 leviorque
1242 250 1429 296 marina
1453 258 1543 305 est,

298 336 421 390 Quae
445 334 696 398 proprium
722 331 867 377 misto
893 330 954 376 de
980 329 1082 375 sale
1107 327 1302 390 pondus
1323 327 1488 373 habet.

233 414 283 459 Si
312 419 450 475 roget
469 412 573 458 haec
594 408 789 471 aliquis,
816 405 1026 461 eunsint
1050 411 1246 452 narrata
1271 403 1478 458 Pedoni,
1549 406 1610 449 65

298 488 491 543 Quidve
517 486 651 549 loqui
677 483 824 531 certis
844 482 1026 544 juverit
1050 482 1145 528 ista
1168 481 1355 536 modis;

233 565 454 620 Detinui,
481 565 659 617 dicam,
687 569 900 624 tempus,
928 574 1172 621 curasque
1196 558 1372 606 fefelli:

297 642 445 689 Hunc
470 641 683 687 fructum
709 653 926 702 praesens
954 636 1133 682 adtulit
1156 636 1276 682 hora
1299 636 1433 682 mihi.

232 719 494 767 Abfuimus
521 717 680 771 solito,
707 715 824 761 dum
851 712 1111 759 scribimus
1137 713 1246 767 ista,
1274 713 1458 766 dolore,

297 796 356 843 In
381 794 556 842 mediis
582 810 673 840 nec
699 808 788 838 nos
814 790 1058 838 sensimus
1080 806 1189 837 esse
1216 790 1375 837 Getis.
1552 793 1614 835 70
1658 814 1691 852 3³

231 874 298 920 At
318 881 388 929 tu,
416 889 513 920 non
537 860 727 925 dubim,
755 885 910 932 quum
934 867 1151 915 carmine
1175 866 1370 914 Thesea
1393 867 1581 923 laudes,

299 950 524 998 Materiae
549 949 721 996 titulos
747 946 868 1010 quin
889 953 1058 992 tueare
1083 951 1207 999 tuae3

233 1028 496 1091 Quemque
521 1025 688 1079 refers,
710 1023 901 1071 imitere
919 1023 1103 1068 virum:
1132 1019 1266 1067 Vetat
1290 1021 1370 1067 ille
1395 1020 1615 1083 profecto

298 1103 573 1166 Tranquilli
599 1101 831 1150 comitem
855 1098 1092 1163 temporis
1117 1114 1226 1145 esse
1249 1098 1414 1145 fidem.

233 1181 331 1236 Qui
357 1196 645 1245 quanquam
670 1185 747 1226 est
771 1177 913 1224 factis
940 1176 1130 1237 ingenS,
1158 1181 1208 1222 et
1233 1174 1458 1222 conditur
1483 1190 1511 1221 a
1535 1181 1584 1221 te

298 1258 386 1305 Vir
410 1264 564 1312 tanto,
592 1262 779 1319 quanto
805 1253 979 1301 debuit
1003 1269 1085 1300 ore
1112 1253 1249 1310 cani;
1556 1255 1616 1298 76

236 1336 328 1383 Est
351 1342 518 1383 tamen
543 1351 606 1382 ex
632 1334 714 1380 illo
740 1331 881 1379 nobis
908 1330 1148 1378 imitabile
1172 1330 1425 1393 quiddam,

301 1412 461 1475 Inque
485 1411 582 1458 fide
608 1410 830 1457 Theseus
857 1407 1066 1471 quilibet
1090 1423 1200 1454 esse
1224 1414 1407 1470 potest.

236 1490 348 1537 Non
374 1489 463 1536 tibi
490 1496 605 1535 sunt
628 1488 797 1534 hostes
822 1485 948 1532 ferro
973 1485 1211 1547 clavaque
1236 1484 1484 1540 domandi,

298 1567 398 1614 Per
422 1582 548 1629 quos
572 1565 656 1612 vix
681 1564 769 1611 ulli
794 1562 991 1627 pervius
1019 1561 1236 1609 Isthmos
1261 1570 1392 1609 erat:
1557 1566 1618 1609 80

275 1726 327 1755 63.
356 1724 446 1755 Unda
472 1724 597 1764 dulciss]
634 1724 728 1765 Aqua
751 1722 894 1753 fluvialis.

235 1776 397 1815 Leuiorque
423 1777 541 1804 marina
568 1781 623 1804 est.
676 1774 812 1805 Causam
841 1772 895 1803 ad-

233 1824 346 1865 signat,
360 1834 455 1864 quare
467 1834 549 1864 aqua
559 1823 660 1854 dulcis
672 1823 792 1853 innatet
804 1832 893 1864 aquae

235 1872 372 1908 marinae,
389 1872 464 1914 quia
478 1872 533 1903 illa
546 1871 643 1902 levior
659 1878 716 1903 est.

277 1921 329 1950 64.
348 1920 419 1954 Qnae
433 1923 586 1960 propriutn
600 1924 689 1951 mino
701 1922 736 1951 de
751 1921 810 1949 sale
824 1931 894 1959 pon-

233 1972 288 1999 dus
305 1969 441 2009 habent]
469 1970 548 2006 Quae
565 1979 644 2010 aqua
661 1968 780 1999 marina
798 1968 893 1999 habet

232 2017 432 2058 gravedinem
462 2017 548 2047 illam
576 2017 730 2059 propriam
760 2018 798 2047 ab
828 2017 893 2058 ipso

234 2067 323 2102 mari,
344 2066 441 2096 mixto
466 2072 571 2097 tamen
597 2066 685 2108 aquis
709 2065 771 2096 illis
793 2065 891 2096 dulci-

236 2116 304 2146 bus.

276 2166 328 2196 65.
354 2166 418 2194 Cur
439 2165 497 2195 hcrc
515 2167 575 2194 sint
597 2171 726 2194 narrata
750 2164 889 2204 Pedoni-J

232 2214 296 2244 Cur
311 2214 378 2244 haec
394 2213 593 2243 Albinovano
609 2212 738 2243 Pedoni.

277 2264 328 2293 71.
353 2264 392 2293 At
422 2270 466 2298 tu,
491 2275 549 2293 uon
574 2262 702 2302 dubita]
728 2262 822 2293 Nunc
853 2262 891 2293 ad

239 2311 395 2342 Pedonem
412 2311 504 2342 vertit
519 2321 702 2347 sermonem,
714 2311 768 2352 qui
782 2310 895 2342 Thesei

232 2367 321 2401 gesta
335 2360 471 2391 carmine
487 2359 767 2401 complectebatur.

275 2410 328 2440 72.
354 2410 468 2439 Titulos
484 2416 542 2439 tuoe
564 2409 724 2449 materian]
751 2408 894 2439 Virtutes

233 2464 263 2488 et
288 2458 380 2489 fidem
405 2469 478 2499 erga
501 2457 616 2488 amicos
641 2458 686 2488 tui
708 2457 830 2493 Thesei,
854 2458 893 2488 de

234 2518 295 2548 quo
311 2513 436 2538 tractat.
482 2508 513 2538 Is
527 2507 608 2537 enim
629 2507 800 2538 Pirithoum
816 2507 892 2538 dici-

234 2563 284 2586 tur
309 2557 386 2586 mira
408 2556 627 2587 benevolentia
651 2557 830 2598 complexus
850 2557 897 2586 su-

235 2605 307 2638 isse.
354 2607 436 2640 Quin
452 2613 554 2636 tueare
571 2613 639 2636 tm?-
685 2607 749 2637 Cur
767 2617 826 2636 non
842 2606 895 2636 de-

236 2653 335 2684 fendis
365 2655 452 2686 illum
482 2654 645 2691 imitando,
666 2654 841 2685 exhibendo
867 2661 896 2685 tc

964 1721 1039 1752 mihi
1055 1721 1156 1752 amico
1171 1720 1277 1751 fidum.

1007 1772 1058 1802 75.
1084 1772 1125 1801 Et
1141 1771 1308 1811 conditura]
1336 1770 1436 1801 Recte
1457 1771 1619 1808 conditur,-

963 1831 1024 1851 non
1040 1821 1122 1851 enim
1138 1820 1260 1851 videtur
1279 1820 1458 1850 absolvisse.
1502 1820 1621 1851 Hmss.

1006 1871 1056 1900 77.
1084 1870 1137 1900 Est
1162 1876 1258 1900 tamen
1282 1871 1420 1910 quiddam
1445 1871 1617 1911 imitabile]

963 1919 1018 1949 Est
1046 1924 1150 1949 tamen
1176 1918 1295 1960 aliquid
1324 1918 1355 1949 in
1383 1929 1444 1960 quo
1465 1919 1619 1950 Theseum

962 1967 1074 1998 imitari
1091 1979 1262 2010 possumuS.

1005 2017 1055 2048 78.
1081 2018 1173 2057 Inque
1187 2019 1253 2057 fide
1277 2018 1400 2048 Theseus
1421 2020 1542 2057 quilibet
1565 2030 1620 2049 esse

959 2067 1078 2107 potem]
1106 2067 1145 2096 Et
1167 2066 1380 2107 unusquisque
1406 2067 1437 2097 in
1458 2078 1571 2103 amore,
1589 2075 1619 2098 et

960 2115 1020 2146 fide
1036 2115 1144 2146 amicis
1159 2115 1345 2157 praestanda,
1356 2121 1456 2157 potest
1465 2116 1619 2147 Theseum

961 2165 1084 2199 imitari,
1107 2171 1137 2195 et
1160 2176 1226 2195 esse
1252 2165 1333 2195 idem
1363 2165 1444 2206 quod
1471 2166 1536 2208 ipse
1563 2166 1619 2196 suit

962 2214 1111 2249 Pirithoo,
1138 2225 1192 2256 pro
1221 2225 1282 2255 quo
1307 2214 1446 2246 Theseus
1470 2215 1620 2257 pugnavit

963 2270 1070 2294 contra
1083 2263 1267 2294 Centauros.

1007 2313 1057 2343 79.
1084 2313 1150 2343 Non
1170 2313 1221 2341 ribi
1236 2319 1305 2342 sunt
1320 2312 1438 2353 hostes]
1468 2312 1558 2348 Nolo,
1575 2312 1620 2343 in-

963 2361 1040 2402 quit,
1057 2372 1111 2403 pro
1132 2372 1181 2391 me
1206 2372 1336 2403 pugnes,
1357 2361 1619 2403 quemadmodum

961 2411 1100 2441 Theseus
1114 2421 1168 2452 pro
1184 2410 1332 2441 Pirithoo.

1007 2461 1058 2490 80.
1086 2460 1139 2490 Vix
1160 2461 1218 2489 ulli
1241 2462 1360 2499 persius
1382 2460 1502 2490 Isthmos
1526 2461 1617 2501 erut.]

965 2508 1028 2539 Vix
1048 2509 1186 2539 Isthmon
1202 2508 1435 2539 Corinthiacum
1458 2509 1620 2550 quisquam

966 2558 1048 2588 adire
1072 2564 1202 2599 poterat.
1248 2558 1402 2598 Designat
1423 2564 1526 2588 autem
1547 2558 1621 2599 Scy-

966 2607 1027 2637 nim
1041 2608 1106 2648 (vel
1119 2607 1307 2648 Scyronem)
1325 2606 1473 2637 latronem
1490 2607 1621 2637 saevissi-

965 2666 1061 2686 mum.
1107 2656 1179 2686 Duo
1208 2661 1310 2687 autem
1340 2655 1450 2686 Isthmi
1485 2656 1622 2687 celebres

1730 404 1758 460 j!
