1760 3172
233 165 290 207 58
625 162 676 203 Ρ.
710 160 922 204 OVIDII
955 160 1238 204 NASONIS

233 279 347 334 Quo
362 294 459 326 non
474 293 552 326 ars
568 277 830 342 penetrat?
866 277 1067 324 discunt
1086 276 1342 325 lacrimare
1362 275 1624 324 decenter:

298 355 514 418 Quoque
538 355 711 402 volunt
734 354 930 418 plorant
957 360 1197 417 tempore,
1225 369 1429 416 quoque
1455 353 1622 401 modo.

231 432 397 488 Quid?
435 448 549 480 cum
574 431 798 494 legitima
820 430 1076 479 fraudatur
1098 430 1245 478 litera
1266 446 1405 486 voce,

301 510 569 573 Blaesaque
593 509 650 556 fit
669 510 810 572 jusso
835 508 1006 570 lingua
1030 515 1206 556 coacta
1229 523 1375 555 sono:

1527 509 1624 555 294

233 587 293 636 In
317 588 438 636 vitio
463 588 615 636 decor
639 594 733 643 est,
761 585 993 650 quaedam
1018 586 1148 633 male
1173 583 1383 632 reddere
1407 584 1573 639 verba,

301 665 519 712 Discunt
545 680 692 729 posse
717 664 897 720 minus,
926 679 1077 727 quarn
1101 670 1326 726 potuere,
1353 661 1507 725 loqui.

235 741 484 790 Omnibus
508 742 602 798 his,
631 741 866 806 quoniam
891 748 1116 805 prosunt,
1139 738 1415 803 impendite
1439 753 1626 786 curam.

300 819 496 867 Discite
521 818 735 867 femineo
760 835 968 883 corpora
990 817 1117 866 ferre
1141 817 1314 880 gradu.

233 892 328 944 Est
352 904 402 943 et
426 896 476 943 in
501 896 700 944 incessu
725 912 838 960 pars
863 912 963 943 non
988 895 1261 944 temnenda
1283 893 1494 942 decoris.

299 972 490 1020 Adlicit
515 973 711 1036 ignotos
737 973 837 1030 ille,
863 972 1103 1037 fugatque
1127 972 1273 1020 viros.

1531 972 1630 1017 300

235 1048 359 1097 Haec
385 1057 552 1098 movet
576 1056 682 1098 arte
707 1050 854 1106 latus,
877 1049 1164 1114 tunicisque
1187 1047 1459 1097 fluentibus
1484 1062 1630 1095 auras

303 1126 531 1190 Excipit;
572 1134 812 1175 extensos
837 1126 1033 1190 fertque
1059 1126 1275 1190 superba
1298 1125 1470 1189 pedes,

235 1203 344 1260 Illa,
371 1204 508 1252 velut
532 1205 718 1267 conjux
745 1203 923 1251 Umbri
948 1203 1225 1251 rubicunda
1247 1202 1429 1257 mariti,

300 1279 564 1337 Ambulat;
606 1280 836 1343 ingentes
859 1281 1028 1330 varica
1050 1281 1247 1344 fertque
1270 1279 1470 1342 gradus.
1533 1280 1630 1325 304

277 1419 353 1450 291.
380 1418 446 1454 Quo
473 1430 532 1449 non
555 1429 605 1449 ars
626 1419 798 1460 penetrat]
824 1419 899 1450 Irni-

236 1473 319 1499 tatus
343 1474 390 1499 est
414 1468 560 1499 Valerius
583 1468 673 1499 Max.
697 1469 753 1500 lib.
776 1481 807 1500 v.
830 1480 901 1512 cap.

238 1516 282 1547 iv.
307 1522 386 1548 sect.
405 1517 456 1548 17.
503 1517 569 1552 Quo
592 1530 651 1548 non
670 1526 823 1559 penetrat,
846 1527 902 1551 aut

237 1567 310 1606 quiri
328 1578 385 1597 non
400 1568 547 1608 ezcogz'tul
560 1568 679 1606 pietas?
724 1568 845 1599 Bt'RM.

279 1616 354 1646 293.
380 1616 473 1652 Quid,
487 1627 553 1646 cum
567 1617 729 1658 legitimffl]
749 1618 902 1654 Quinctil.

238 1664 280 1696 xi.
293 1664 372 1696 Inst.
389 1665 480 1696 Orat.
491 1665 521 1696 3.
535 1675 573 1696 ex
586 1666 718 1696 vetustis
730 1666 902 1699 codicibus.

241 1713 306 1744 Nec
336 1715 522 1745 volubilitate
553 1715 645 1745 nimia
671 1715 900 1757 confundenda,

239 1774 301 1804 quer.
323 1765 460 1800 dicimus,
475 1775 532 1804 qua
552 1770 581 1794 et
602 1765 757 1795 distinctio
773 1768 854 1805 per-it
875 1773 904 1797 et

238 1811 378 1854 affectus,
403 1819 432 1842 et
456 1824 679 1853 nonnumquam
701 1816 791 1844 etium
816 1817 904 1846 verba

240 1863 344 1903 aliqua
359 1863 406 1892 sni
417 1863 725 1904 partefraudantur.
753 1864 807 1895 ubi
822 1865 904 1897 male

239 1911 421 1947 Salmasius,
449 1914 499 1952 qui
525 1914 571 1942 sui
601 1918 690 1952 parte
703 1913 904 1954 fundantur.

240 1959 359 1991 Burni.
605 1987 615 1993 .

294 2009 371 2040 302.
407 2008 562 2050 Excipit]
601 2009 712 2041 Talem
749 2010 906 2043 incessum

242 2057 352 2089 amicae
369 2068 432 2089 suae
449 2057 597 2089 describit
614 2059 832 2098 Aristaenetus,
847 2061 904 2092 lib.

240 2106 264 2137 i.
281 2106 381 2149 Epist.
396 2106 418 2137 i.
434 2112 465 2137 et
488 2114 648 2149 comparat
671 2119 827 2151 cupresso,
851 2117 906 2142 aut

240 2156 366 2198 palmae,
390 2155 514 2187 modico
540 2157 664 2189 flamine
690 2158 840 2200 agitatae3
874 2166 906 2191 et

240 2205 300 2238 hoc
323 2205 394 2237 ideo
415 2206 517 2238 facere
532 2206 631 2243 addit,
648 2207 722 2249 quia
738 2208 837 2240 forma
851 2220 903 2241 su-

240 2254 364 2297 perbior
375 2265 441 2286 esse
452 2261 538 2286 amat
549 2257 672 2287 naturis.
685 2256 724 2288 de
738 2257 906 2289 fluentibus

242 2315 316 2335 vero
331 2304 468 2335 vestibus
480 2304 551 2336 vide
565 2306 704 2337 Gronov.
721 2306 753 2337 ii.
770 2307 905 2339 Observ.

244 2359 276 2390 7.
293 2365 325 2390 et
341 2359 381 2390 ad
399 2359 510 2390 Phaed.
525 2372 555 2390 v.
571 2361 634 2391 fab.
651 2361 674 2391 i.
720 2362 840 2393 Bcnu.

286 2408 458 2448 Emeum]
486 2409 634 2450 Explicat
659 2410 819 2442 Passerat.
850 2411 906 2443 illa

243 2457 384 2499 Propert.
412 2455 467 2487 lib.
492 2457 527 2487 ii.
558 2458 649 2499 Eleg.
678 2459 724 2489 iii.
754 2460 786 2490 6.
837 2460 906 2492 Ibat

243 2512 271 2537 et
286 2516 407 2546 eapenso
418 2506 526 2546 planta
542 2513 656 2537 morata
669 2510 785 2549 gradu.
811 2509 907 2540 Lento

243 2566 278 2586 ac
289 2555 391 2596 gravi,
404 2553 456 2585 vel
468 2562 639 2592 numerato,
650 2555 764 2588 deinde
776 2556 908 2588 inclinat

244 2604 277 2635 in
290 2615 415 2644 erpanso
428 2606 551 2646 gradu;
576 2611 608 2636 et
621 2605 749 2636 tandem
765 2617 802 2637 ex
816 2607 907 2638 MSS.

244 2653 370 2697 praefert
388 2660 504 2685 extenso
524 2656 636 2696 gradu,
653 2655 735 2697 quod
759 2655 908 2698 interpre-

245 2709 338 2739 tatur,
363 2702 453 2746 quasi
476 2713 549 2735 cum
571 2703 721 2745 gradibus
749 2705 909 2737 metiretur

968 1419 1106 1461 spatium
1128 1418 1206 1450 soli:
1230 1418 1286 1450 sed
1310 1417 1527 1449 Broukhusius
1549 1417 1634 1459 apud

969 1469 1167 1511 Propertium
1187 1479 1343 1506 erpensum
1366 1468 1508 1510 gradum,
1531 1465 1564 1497 id
1587 1471 1635 1497 est

969 1519 1186 1561 compositum,
1217 1517 1338 1548 lentum
1366 1516 1505 1559 praefert.
1536 1521 1572 1547 ut
1603 1520 1636 1546 et

970 1568 1033 1605 hic,
1045 1568 1070 1599 si
1082 1568 1153 1599 libri
1167 1567 1364 1602 addicerent,
1385 1565 1513 1597 mallem
1527 1578 1535 1604 ;
1559 1565 1635 1607 quia

969 1629 1052 1655 mox,
1082 1620 1218 1660 ingentes
1250 1618 1377 1659 gradus,
1407 1616 1532 1647 rusticae
1568 1614 1635 1651 dat,

970 1679 1048 1710 quos
1066 1679 1127 1699 non
1141 1667 1233 1698 decet
1254 1671 1404 1697 matronae
1425 1664 1636 1708 superciliosae

970 1723 1002 1749 et
1022 1718 1162 1759 superbae
1183 1716 1269 1747 dare.
1293 1722 1324 1746 et
1341 1715 1413 1746 hinc
1429 1716 1544 1746 mollem
1559 1725 1632 1745 mox

971 1777 1062 1797 versu
1076 1767 1149 1797 310.
1162 1770 1254 1796 vocat
1268 1777 1278 1804 ;
1301 1764 1384 1806 quod
1397 1764 1532 1795 extentis
1541 1763 1632 1806 pedi-

971 1816 1030 1847 bus
1049 1814 1102 1846 vix
1122 1814 1280 1846 convenit.
1303 1813 1358 1845 sed
1381 1819 1412 1845 et
1435 1820 1565 1845 extensos
1587 1824 1636 1845 re-

972 1864 1070 1896 tinere
1086 1863 1238 1906 possimus
1252 1869 1284 1894 et
1302 1873 1364 1894 non
1381 1863 1420 1894 de
1437 1862 1568 1904 ingenti,
1584 1868 1639 1894 aut

975 1913 1069 1945 celeri
1094 1913 1218 1944 incessu
1245 1923 1368 1954 capere,
1394 1912 1450 1943 sed
1476 1923 1549 1943 cum
1574 1912 1638 1943 aJte

974 1963 1057 1995 tollit
1077 1968 1109 1994 et
1130 1963 1217 1994 levat
1236 1962 1345 2004 pedes,
1361 1972 1419 1993 nec
1441 1962 1512 1993 ideo
1531 1968 1636 1994 tamen

973 2017 1128 2054 properat,
1152 2011 1208 2043 sed
1230 2011 1334 2053 potius
1358 2011 1491 2048 exultat,
1518 2017 1551 2042 et
1579 2011 1637 2042 mi-

974 2060 1054 2092 mice
1069 2061 1200 2097 incedit,
1218 2060 1303 2103 quod
1317 2060 1413 2092 etiam
1428 2061 1558 2092 molliter
1573 2060 1637 2091 dici

972 2115 1085 2153 potest.
1130 2111 1249 2141 Burni.

1017 2159 1092 2190 303.
1115 2158 1191 2195 Illa,
1209 2160 1291 2190 velut
1313 2160 1423 2199 conjux
1444 2158 1550 2190 Umbri
1572 2171 1637 2191 ma·

972 2210 1039 2246 riti,
1054 2208 1133 2250 ἃς]
1160 2208 1198 2239 In
1214 2208 1338 2239 incessu
1353 2207 1560 2240 rusticitatem
1575 2209 1640 2251 sig-

973 2264 1113 2294 naturus,
1133 2257 1239 2288 Umbri
1261 2258 1428 2299 conjugem
1451 2257 1591 2295 adducit,
1607 2265 1639 2291 et

972 2308 1174 2338 rubicundum
1211 2306 1350 2348 quidem.
1398 2305 1506 2338 Umbri
1542 2308 1638 2346 enim,

974 2355 1028 2397 qui
1055 2356 1164 2387 Sabini
1189 2356 1284 2387 iidem
1315 2361 1346 2386 et
1376 2355 1484 2393 Imbri,
1515 2357 1639 2390 fuemnt

973 2405 1112 2436 omnium
1139 2404 1240 2436 Italiae
1263 2404 1447 2447 populorum
1470 2405 1640 2444 fortissimi,

974 2460 1006 2485 et
1028 2465 1134 2486 eorum
1160 2454 1309 2496 conjuges
1335 2462 1475 2496 agrestes
1497 2456 1640 2488 nimium.

973 2502 1092 2534 AMAR.

1018 2553 1095 2583 304.
1119 2552 1275 2588 Ambulat,
1290 2553 1424 2593 ingentes
1441 2555 1542 2584 ruricu
1552 2553 1639 2595 fert-

975 2611 1030 2641 que
1042 2600 1190 2642 gradus]
1215 2600 1272 2631 Vir
1286 2611 1426 2632 summus
1446 2609 1477 2632 et
1493 2602 1548 2632 flos
1569 2601 1640 2634 lite·

977 2656 1034 2703 rati
1071 2657 1153 2688 orbis
1190 2657 1318 2689 Isaacus
1354 2658 1560 2689 Casaubonus
1600 2658 1638 2689 ad

977 2705 1182 2748 Theophrasti
1200 2706 1405 2740 Characteres
1429 2713 1526 2745 notat,
1541 2707 1643 2740 Naso—
