1760 3172
251 176 335 218 484

640 175 689 217 P.
725 174 936 218 OVIDII
971 175 1251 218 NASONIS

258 291 366 339 Nec
386 299 552 338 tamen
575 291 829 355 ingenium
848 292 990 339 nobis
1013 293 1298 355 respondet,
1320 298 1374 339 ut
1391 300 1527 340 ante:
1586 295 1642 338 15

324 368 426 415 Sed
452 369 640 415 siccum
666 368 819 416 sterili
844 384 1041 416 vomere
1066 368 1183 416 litus
1210 385 1309 416 aro.

257 445 462 493 Scilicet
486 453 541 493 ut
564 447 711 493 limus
736 461 890 493 venas
916 453 1139 493 excaecat
1164 446 1213 493 in
1236 445 1399 502 undiS‚

324 522 566 587 Laesaque
593 524 685 571 sub
711 539 884 587 presso
910 523 1043 571 fonte
1069 524 1258 570 resistit
1283 539 1441 587 aqua;

256 600 471 648 Pectora
492 600 562 647 sic
588 616 700 648 mea
725 607 842 648 sunt
864 600 982 647 limo
1007 600 1181 647 vitiata
1205 601 1464 656 malorum,

324 678 391 725 Et
415 694 614 726 carmen
640 695 765 727 vena
789 678 1084 743 pauperiore
1108 678 1233 725 fluit.

1583 680 1646 723 20

258 756 310 802 Si
338 756 450 819 quis
476 755 521 802 in
550 756 642 803 hac
668 756 835 820 ipsum
860 763 993 804 terra
1016 756 1267 820 posuisset
1293 754 1582 810 Homerum,

324 832 489 890 Esset,
516 834 664 881 crede
689 834 828 892 mihi,
855 834 1016 882 factus
1043 840 1094 881 et
1119 833 1201 881 ille
1224 833 1398 881 Getes.

258 910 337 957 Da
359 911 553 959 veniam
578 910 735 968 fasso3
767 911 946 959 studiis
972 926 1176 975 quoque
1201 910 1341 958 frena
1367 909 1561 965 remisi3

324 987 536 1036 Ducitur
561 996 612 1036 et
636 988 805 1052 digitis
832 990 976 1038 litera
1000 1005 1109 1037 rara
1131 989 1272 1036 meis.

256 1064 484 1129 Impetus
509 1066 593 1114 ille
618 1083 774 1124 sacer,
802 1067 889 1131 qui
913 1073 1082 1115 vatum
1108 1074 1314 1130 pectora
1337 1066 1508 1121 nutrit,

1581 1068 1643 1112 25

323 1141 421 1197 Qui
446 1143 583 1207 prius
609 1144 658 1191 in
683 1145 827 1193 nobis
852 1161 963 1194 esse
989 1145 1198 1201 solebat,
1226 1144 1386 1192 abest.

257 1219 355 1266 Vix
379 1220 515 1268 venit
538 1222 601 1268 ad
626 1229 811 1288 partes,
828 1223 922 1271 -vix
947 1230 1124 1271 sumtae
1151 1222 1302 1270 Musa
1324 1220 1521 1269 tabellae

323 1296 546 1361 Imponit
570 1299 736 1363 pigras
762 1317 903 1365 paene
929 1307 1105 1349 coacta
1123 1317 1317 1348 manus.

256 1372 535 1438 Parvaque,
563 1392 625 1424 ne
651 1376 816 1424 dicam
841 1378 1092 1426 scribendi
1117 1378 1254 1425 nulla
1271 1377 1501 1441 voluptas

322 1450 416 1500 Est
437 1452 559 1500 mihi
576 1461 708 1516 ,mec
734 1455 952 1504 numeris
977 1464 1179 1503 nectere
1204 1455 1356 1502 verba
1373 1455 1532 1518 juvat.
1577 1457 1641 1500 30

258 1527 373 1575 Sive
399 1531 535 1593 quod
560 1520 675 1579 flinc
701 1532 892 1580 fructus
918 1533 1044 1581 adeo
1069 1549 1168 1580 non
1193 1532 1418 1596 cepimus
1443 1532 1587 1588 ullos,

324 1605 634 1672 Principium
659 1611 814 1658 nostri
839 1627 917 1659 res
942 1612 1007 1659 sit
1026 1618 1087 1678 ut
1110 1611 1207 1658 ista
1229 1610 1375 1658 mali:

258 1682 373 1731 Sive
399 1686 534 1749 quod
560 1687 610 1734 in
635 1689 854 1737 tenebris
880 1705 1170 1738 numerosos
1193 1704 1380 1753 ponere
1404 1703 1620 1750 gressus,

323 1760 573 1827 Quodque
598 1765 736 1827 legas
761 1767 898 1824 nulli,
917 1767 1134 1815 scribere
1156 1782 1374 1822 carmen,
1392 1764 1524 1812 idem
1549 1770 1640 1812 est.

303 1892 351 1922 16.
365 1892 484 1924 Siccum
496 1894 598 1935 litus]
612 1894 780 1926 Materiam
791 1901 823 1928 et
833 1907 918 1928 eam-

256 1950 330 1982 pum
354 1940 420 1972 sine
445 1942 586 1974 humore.
629 1944 785 1986 Intelligit
811 1951 917 1977 autem

255 2000 311 2032 per
326 1990 561 2024 similitudinem
576 1993 731 2025 scribendi
754 1995 917 2027 materiam

256 2045 397 2072 maestam
425 2052 458 2072 se
493 2042 672 2085 sumpsisse,
700 2044 782 2075 unde
811 2045 917 2077 nullus

256 2090 352 2131 possit
372 2091 491 2123 fructus
511 2097 544 2123 et
565 2092 661 2123 honor
685 2103 841 2131 emanare,
861 2105 915 2126 ne·

257 2149 317 2180 que
333 2140 431 2181 gloria
449 2140 558 2183 aliqua
573 2142 744 2183 provenire.

302 2190 353 2219 17.
370 2189 492 2221 Scilicet
511 2197 547 2221 ut
564 2191 679 2232 limus]
702 2192 913 2229 Quemadmo-

256 2236 332 2268 dum
356 2238 449 2270 limus
478 2249 539 2270 non
564 2239 718 2282 permittit
750 2251 848 2284 aquas
875 2253 914 2273 ex

256 2287 342 2318 venis
362 2299 559 2330 procurrere:
585 2289 629 2321 sic
647 2291 730 2322 mala
743 2292 915 2323 occludunt

255 2343 287 2367 et
315 2344 508 2370 remorantur
544 2339 665 2382 copiam
697 2341 854 2379 carminis,
884 2347 916 2373 et

255 2397 367 2418 venam
393 2388 523 2429 poeticae
549 2389 731 2431 majestatis.
778 2391 915 2423 Exercent

256 2446 356 2467 venas.
379 2437 486 2468 Venas
501 2438 637 2470 obturat.

299 2487 351 2518 21.
369 2486 407 2517 In
428 2489 482 2518 hac
501 2488 610 2529 terrm]
631 2488 670 2519 In
685 2488 851 2520 Tomitana
870 2489 913 2521 ci-

256 2536 364 2573 vitate,
381 2536 461 2568 inter
475 2538 634 2570 barbaros.
841 2545 848 2549 “

299 2586 352 2616 22.
378 2586 460 2618 Esset
479 2588 589 2629 jactus
614 2588 729 2629 Getes]
758 2589 915 2622 Redditus

256 2635 365 2667 fuisset
385 2635 524 2678 poetices
544 2637 632 2680 quasi
653 2649 773 2681 expers,
791 2645 824 2670 ut
844 2647 916 2671 sunt

257 2685 360 2722 Getae,
375 2696 505 2728 quorum
521 2693 618 2718 terras
633 2698 692 2729 ego
708 2687 819 2720 incolo.

299 2735 351 2765 23.
382 2736 497 2767 Studiis
525 2748 636 2778 qnoque
656 2738 753 2777 frena
784 2739 910 2779 remisi.]

985 1896 1144 1928 Intermisi
1159 1896 1255 1927 etiam
1271 1895 1408 1927 studium
1423 1895 1595 1926 literarum.

1028 1946 1081 1977 27.
1102 1946 1154 1977 Vm
1176 1948 1257 1977 venit
1282 1948 1321 1977 ud
1340 1945 1468 1986 partes]
1495 1944 1564 1975 Hoc
1587 1949 1645 1981 est,

985 1994 1037 2026 vix
1059 1994 1099 2026 ad
1120 1995 1256 2026 officium
1275 2005 1365 2026 suum
1384 1994 1482 2026 redit:
1509 1993 1645 2024 officium

985 2050 1091 2076 autem
1106 2045 1208 2076 Musae
1225 2049 1284 2081 est,
1301 2050 1400 2087 poetae
1416 2043 1574 2075 invocanti
1590 2043 1645 2074 ad-

984 2105 1062 2127 esse.
1101 2095 1162 2127 Vel
1171 2095 1223 2125 vix
1235 2094 1322 2126 venit
1335 2093 1368 2125 in
1383 2099 1503 2136 partem
1518 2092 1644 2129 laboris,

984 2143 1215 2185 tergiversatur.

1027 2194 1080 2224 32.
1096 2193 1156 2223 Res
1170 2193 1255 2234 istm]
1281 2191 1411 2224 Poetica
1425 2192 1570 2223 facultas.

1027 2243 1081 2273 33.
1101 2242 1276 2273 Numerosos
1287 2253 1396 2282 ponere
1406 2241 1534 2283 gestus.]
1552 2241 1643 2272 Gres-

981 2303 1029 2322 sus
1052 2291 1195 2323 nonnulli
1217 2302 1254 2322 ex
1279 2291 1427 2333 antiquis,
1446 2290 1531 2333 quod
1550 2291 1642 2322 Bers-

982 2351 1097 2372 manno
1122 2341 1303 2373 adridebat:
1329 2340 1453 2372 frustra.
1488 2339 1644 2382 Intelligit

981 2389 1257 2432 gesticulationem
1284 2400 1434 2421 manuum
1463 2400 1533 2431 quae
1563 2389 1643 2422 inter

981 2439 1160 2470 saltandum
1177 2439 1285 2471 fiebat.
1309 2440 1411 2471 Versu
1423 2439 1575 2481 proximo,
1586 2450 1642 2482 pro

983 2496 1072 2537 legas,
1101 2495 1221 2537 Scalig.
1248 2497 1370 2537 legant5
1394 2500 1426 2526 et
1450 2494 1494 2526 sic
1518 2495 1641 2527 Arond.

981 2544 1036 2575 sed
1056 2545 1144 2576 nulla
1161 2556 1238 2587 opus
1258 2545 1452 2583 mutatione3
1475 2545 1571 2586 legere
1585 2555 1641 2587 pro

980 2593 1113 2625 recitare
1151 2593 1242 2625 dixit.
1286 2594 1404 2625 mes.
1464 2594 1641 2626 Numer-osas

980 2655 1106 2685 gressus.
1131 2644 1231 2675 Pedes
1247 2643 1310 2675 suis
1326 2643 1461 2675 numeris
1479 2649 1510 2674 et
1528 2644 1640 2684 gressi-

979 2693 1037 2724 bus
1053 2694 1204 2725 astrictos.
1243 2694 1367 2725 Ponere.
1391 2692 1560 2724 Scribendo
1575 2692 1640 2724 col-

980 2742 1092 2774 locare.
1148 2744 1287 2774 Premere
1318 2744 1517 2774 Burmannus
1539 2741 1637 2783 conji-
