1760 3172
203 193 288 235 318
592 188 641 228 Ρ.
674 186 886 228 OVIDII
923 185 1200 228 NASONIS

206 307 318 354 Huc
345 306 480 361 adeS‚
507 311 557 351 et
581 319 725 350 casus
751 302 953 357 releves,
977 301 1323 365 pulcherrime,
1351 309 1560 357 nostros,

274 382 441 429 Unum
465 381 527 427 de
552 395 755 426 numero
779 393 858 425 me
884 394 1070 425 memor
1095 394 1205 426 esse
1231 385 1333 425 tuo.

207 462 335 508 Sunt
362 460 450 506 Dis
476 458 601 505 inter
626 473 679 504 se
704 456 1026 503 commercia:
1067 456 1266 503 flectere
1291 464 1430 503 tenta
1519 459 1582 503 45

273 537 557 584 Caesareum
583 549 765 580 numen
791 532 1008 588 numine,
1039 531 1256 588 Bacche,
1283 539 1384 580 tuo.

203 614 304 661 Vos
330 628 546 676 quoque,
575 615 829 657 consortes
855 609 1023 665 studii,
1051 609 1132 672 pia
1156 609 1317 664 turba,
1345 616 1523 673 poetae,

271 690 394 738 Haec
421 690 594 738 eadem
619 695 782 734 sumto
808 686 1024 750 quisque
1049 693 1221 748 rogate
1246 702 1408 734 mero:

203 769 372 832 Atque
397 766 575 830 aliquis
600 772 833 820 vestrum,
863 763 1078 811 Nasonis
1103 763 1302 811 nomine
1326 764 1475 819 dicto,

273 846 506 909 Deponat
529 842 760 906 lacrymis
787 842 968 906 pocula
993 842 1141 888 mista
1166 841 1295 898 suis3
1523 844 1586 888 50

205 922 604 984 Admonitusque
629 919 742 974 mei,
771 935 924 982 quum
949 918 1360 982 circumspexerit
1384 934 1571 973 omnes,

273 1000 447 1047 Dicat:
488 997 573 1044 ubi
598 1004 674 1044 est
698 996 850 1043 nostri
877 1012 990 1059 pars
1015 996 1162 1043 modo
1190 995 1325 1043 Naso
1351 995 1520 1043 chori?

208 1077 369 1140 quue
395 1076 477 1133 ita,
506 1076 546 1122 si
570 1082 789 1122 vestrum
814 1074 970 1121 merui
996 1074 1209 1120 candore
1233 1073 1464 1129 favorem,

276 1154 528 1216 Nullaque
548 1152 739 1216 judicio
763 1152 907 1199 litera
931 1151 1050 1198 laesa
1075 1167 1185 1198 meo
1211 1158 1314 1198 est:

209 1232 279 1288 Si,
305 1239 529 1279 veterum
553 1230 702 1292 digne
727 1245 930 1277 veneror
951 1245 1104 1292 quum
1130 1229 1316 1292 scripta
1338 1228 1567 1284 virorum,

274 1308 509 1355 Proxima
533 1323 629 1353 non
657 1307 751 1353 illis
777 1322 887 1353 esse
913 1305 1103 1353 minora
1132 1322 1256 1353 reor.
1528 1307 1589 1352 56

210 1386 292 1432 Sic
318 1385 464 1447 igitur
488 1385 665 1432 dextro
690 1383 881 1431 faciatis
907 1383 1135 1447 Apolline
1162 1398 1388 1430 carmen:

273 1461 418 1516 Quod
438 1462 572 1518 licet,
599 1461 726 1508 inter
749 1477 833 1507 vos
859 1477 1038 1507 nomen
1063 1461 1243 1508 habete
1269 1476 1450 1507 meum.

678 1849 997 1896 ELEGIA
1035 1849 1130 1896 IV.

214 2006 421 2053 LITORE
449 2006 510 2053 ab
539 2005 736 2052 Euxino
765 2005 980 2053 Nasonis
1006 2005 1220 2069 epistola
1242 2004 1368 2059 veni,

281 2082 533 2146 Lassaque
558 2081 688 2129 facta
711 2083 848 2138 mari,
876 2083 1108 2145 lassaque
1132 2081 1264 2128 facta
1287 2081 1392 2138 via;

215 2159 312 2214 Qui
349 2159 468 2206 mihi
505 2159 629 2206 flens
666 2159 821 2207 dixit:
868 2168 938 2217 tu,
978 2160 1058 2207 cui
1095 2160 1226 2214 licet,
1254 2158 1455 2222 adspice
1494 2158 1594 2206 Ro-

282 2235 416 2284 Heu!
456 2242 640 2299 quanto
660 2236 833 2283 melior
858 2254 961 2284 sors
982 2244 1068 2284 tua
1092 2243 1222 2283 sorte
1241 2235 1372 2282 mea!
1412 2236 1589 2298 [mam3

257 2379 309 2408 43.
335 2378 568 2418 Pulcherrima]
595 2378 678 2416 Quia
702 2379 765 2420 ipse
790 2379 872 2409 Bac·
939 2379 1079 2422 proxima
1094 2382 1197 2409 vestra
1220 2377 1357 2408 carmina
1380 2377 1516 2419 antiquis
1536 2388 1596 2408 non

213 2427 290 2457 chus
306 2432 337 2457 et
352 2426 465 2469 Apollo
477 2428 872 2469 semperjuvene3,imber-
940 2439 1005 2460 esse
1031 2427 1186 2458 inferiora.
1235 2426 1374 2458 Pronum
1403 2431 1517 2462 autem,
1543 2432 1597 2457 aut

213 2477 278 2512 bes,
295 2481 327 2507 et
342 2476 479 2517 virginea
495 2476 587 2507 facie.
636 2478 738 2508 Poxr.
940 2477 1054 2513 vicina,
1069 2480 1123 2507 aut
1138 2485 1236 2517 nuper
1251 2485 1270 2506 a
1285 2476 1372 2506 vobis
1387 2474 1483 2506 edita.

257 2526 309 2556 54.
338 2525 492 2566 Nullaque
510 2527 659 2567 judicia]
695 2526 727 2557 Si
758 2526 874 2557 nullius
983 2527 1035 2557 58.
1061 2525 1172 2555 Nomen
1196 2525 1299 2555 habere
1320 2524 1442 2564 meum]
1484 2523 1598 2553 Habete

214 2580 350 2604 vestrum
368 2584 491 2605 carmen
507 2575 610 2605 notavi
626 2586 764 2616 unquam
778 2587 784 2605 :
808 2580 873 2610 aut,
940 2584 1011 2605 cum
1027 2573 1215 2604 melioribus.
1239 2573 1358 2604 mes.
1386 2572 1457 2603 Solo
1472 2571 1596 2602 nomine

215 2623 240 2653 si
264 2622 295 2654 in
320 2634 512 2665 quemquam
535 2630 671 2656 vestrum
697 2625 874 2656 mordacem
941 2623 998 2653 sim
1013 2623 1183 2658 vobiscum,
1199 2621 1450 2664 quandoquidem
1471 2630 1596 2662 corpore

214 2682 335 2702 versum
353 2683 512 2713 nunquam
525 2673 678 2705 distrinxi.
940 2682 1000 2702 non
1022 2682 1158 2714 possum,
1174 2677 1296 2713 propter
1312 2671 1489 2713 Augustum
1503 2682 1509 2700 :
1535 2669 1597 2705 vel,

260 2721 310 2752 56.
336 2721 474 2751 Proxima
489 2732 548 2751 non
563 2722 653 2762 illia]
679 2721 711 2753 Si
732 2721 872 2757 arbitror,
940 2720 1001 2751 mei
1016 2730 1167 2752 memores
1181 2723 1289 2751 estote.
