1760 3172
217 149 302 192 488

604 147 656 188 P.
689 144 903 188 OVIDII
937 143 1219 186 NASONIS

222 265 422 328 Cuique
444 263 549 311 viro
572 268 705 310 totus
730 268 971 309 terrarum
995 260 1161 324 paruit
1184 259 1333 316 orbis,

291 341 500 404 Indigus
525 339 734 388 effectus
759 337 991 385 omnibus
1017 337 1124 401 ipse
1149 337 1324 400 magis.

224 419 317 466 Ille
341 418 370 465 J
377 418 640 481 ugurthino
666 417 845 471 clarus,
875 415 1182 478 Cimbroque
1208 413 1476 478 triumpho,
1548 417 1611 461 45

293 495 404 551 Quo
428 495 607 542 victrix
633 493 782 541 toties
809 493 1012 541 consule
1039 492 1203 540 Roma
1225 491 1335 548 fuit,

227 572 287 620 In
313 588 453 620 coeno
477 572 624 619 latuit
650 569 858 626 Marius,
886 585 1148 632 cannaque
1173 569 1397 633 palustri,

295 649 510 697 Pertulit
534 655 584 695 et
607 654 745 695 tanto
770 647 925 694 multa
948 647 1183 711 pudenda
1206 646 1326 694 viro.

230 727 382 774 Ludit
406 726 456 772 in
480 725 709 774 humanis
736 723 902 772 divina
925 724 1150 788 potentia
1172 724 1337 780 rebus,

299 803 365 851 Et
389 810 577 850 certam
602 818 820 867 praesens
844 802 927 849 vix
953 802 1106 849 habet
1129 801 1251 848 hora
1273 801 1441 849 fidem.
1556 802 1619 848 50

232 881 374 929 Litus
401 881 465 927 ad
491 879 762 936 Euxinum,
790 879 830 926 si
858 879 970 942 quis
996 878 1116 925 mihi
1142 878 1346 935 diceret,
1373 878 1485 935 ibis,

301 958 367 1006 Et
390 964 584 1006 metues
611 973 728 1005 arcu
753 974 816 1005 ne
840 956 1016 1005 feriare
1039 957 1182 1004 Getae
1202 974 1213 1014 ;

233 1036 275 1094 Ι,
301 1036 436 1093 bibe,
464 1035 722 1091 dixissem,
744 1041 1014 1099 purgantes
1041 1039 1244 1097 pectora
1268 1048 1462 1089 succos,

302 1111 559 1176 Quicquid
584 1120 635 1159 et
658 1112 708 1158 in
732 1118 840 1158 tota
862 1111 1082 1158 nascitur
1106 1109 1366 1175 Anticyra.

237 1190 361 1238 Sum
386 1197 554 1237 tamen
578 1190 686 1237 haec
712 1205 920 1254 passus:
957 1205 1066 1246 nec,
1089 1188 1129 1236 si
1154 1189 1382 1236 mortalia
1405 1203 1622 1253 possem,

304 1267 371 1314 Et
395 1267 574 1314 summi
597 1275 826 1331 poteram
851 1268 953 1316 tela
975 1283 1150 1316 cavere
1176 1267 1290 1315 Dei.
1562 1269 1624 1314 56

235 1344 312 1392 Tu
338 1361 541 1410 quoque
564 1345 642 1393 fac
667 1345 871 1404 timeas;
909 1353 975 1402 et,
1002 1345 1228 1409 quaetibi
1252 1346 1368 1393 laeta
1379 1344 1625 1400 videntur,

308 1421 445 1469 Dum
470 1423 705 1486 loqueris,
731 1423 836 1471 fieri
861 1424 1021 1471 tristia
1044 1440 1210 1488 posse,
1233 1430 1370 1488 puta.

698 1674 1046 1723 EPISTOLA
1084 1676 1172 1723 IV.

617 1797 858 1840 SEXTO
905 1799 1256 1841 f‘OMPEIO.

244 1898 443 1948 NULLA
471 1899 579 1947 dies
605 1901 730 1949 adeo
755 1907 833 1949 est
857 1902 1155 1951 australibus
1181 1901 1386 1950 humida
1409 1903 1608 1960 nimbis,

313 1975 428 2024 Non
451 1976 749 2025 intermissis
774 1985 830 2026 ut
854 1979 976 2026 fluat
1000 1978 1158 2027 imber
1182 1979 1342 2043 aquis.

288 2111 342 2142 43.
373 2111 489 2152 Cuique
521 2112 612 2153 virm]
651 2112 818 2144 Distichon
847 2113 905 2145 hoc

243 2159 361 2192 nullius
381 2161 472 2203 pretii
492 2167 523 2193 et
544 2161 742 2203 nugatorium
762 2173 831 2193 meo
850 2174 904 2205 pe-

244 2208 343 2240 riculo
359 2210 513 2251 ejiciatur.
537 2211 654 2242 Hfflss.
681 2211 820 2253 Optime.

288 2259 341 2291 45.
370 2259 429 2290 Ille
452 2260 643 2302 ‚Iugurthino
674 2261 803 2302 clarus.]
831 2261 905 2292 Ma-

246 2307 328 2339 rium
356 2308 514 2351 intelligit,
544 2309 597 2351 qui
629 2310 760 2341 obscuro
795 2321 907 2352 genere

247 2362 332 2388 ortus
353 2357 386 2388 in
399 2358 468 2389 vico
487 2358 645 2400 Arpinati,
661 2359 828 2401 praeclarus
851 2360 910 2391 fuit

246 2406 424 2449 imperator,
454 2414 486 2439 et
522 2409 712 2449 Jugurtham
749 2409 908 2441 Numidiae

247 2466 353 2498 regem
369 2456 499 2489 devicit.
537 2458 598 2489 Sex
614 2458 804 2496 consulatus,
826 2459 910 2501 quod

248 2515 338 2536 nemo
368 2505 458 2543 alius,
481 2507 588 2548 gessit.
634 2507 747 2538 Postea
774 2519 791 2539 a
822 2508 909 2550 Sylla

248 2555 357 2597 pulsus
383 2565 422 2587 ex
451 2558 538 2593 urbe,
564 2556 595 2587 in
620 2557 831 2589 Minturnensi
854 2569 908 2600 pa-

247 2604 323 2636 lude
355 2604 492 2637 delituit.
548 2606 721 2647 Cimbroque
750 2609 911 2648 triumpho.

251 2652 370 2685 Cimbri
385 2655 492 2697 populi
509 2655 593 2688 suere
609 2656 836 2688 Germanorum
850 2670 855 2688 :
879 2657 911 2688 hi

251 2713 348 2743 quum
370 2703 583 2736 Romanorum
614 2705 690 2736 fines
716 2705 909 2742 invaderent,

974 2124 1011 2145 ac
1025 2123 1141 2155 magna
1154 2113 1244 2145 clade
1255 2112 1388 2155 primum
1404 2113 1564 2144 Romanos
1579 2112 1634 2144 ad-

975 2163 1130 2201 fecissent,
1146 2173 1164 2194 a
1179 2163 1283 2194 Mario
1304 2163 1337 2194 in
1357 2163 1453 2194 Italia
1471 2163 1504 2194 in
1522 2173 1634 2205 campo

976 2212 1098 2245 Caudio
1117 2212 1213 2244 deleti
1228 2218 1299 2245 sunt
1308 2224 1317 2252 ;
1342 2218 1376 2244 ut
1391 2213 1502 2244 Florus
1517 2223 1554 2244 ac
1570 2212 1635 2243 Pli-

976 2262 1045 2294 nius
1059 2261 1184 2293 docent.

1018 2313 1073 2343 53.
1100 2311 1127 2348 I,
1152 2313 1225 2349 bibe,
1249 2312 1412 2353 dizissem]
1438 2311 1534 2343 Illum
1557 2312 1636 2354 reje-

976 2361 1087 2393 cissem
1110 2367 1262 2403 tanquam
1282 2361 1438 2398 insanum,
1456 2366 1488 2392 et
1507 2361 1637 2403 dignum

977 2410 1101 2453 purgari
1133 2411 1267 2442 elleboro
1296 2411 1383 2452 nigro
1399 2424 1405 2442 ε
1445 2411 1512 2442 haec
1542 2411 1639 2442 herba

977 2461 1163 2491 nascebatur
1183 2460 1319 2503 plurima
1339 2461 1372 2492 in
1386 2460 1550 2502 Anticyra,
1566 2471 1637 2502 quae

976 2516 1023 2541 est
1038 2509 1140 2541 insula
1157 2510 1314 2551 pertinens
1326 2510 1365 2541 ad
1382 2510 1539 2551 regionem
1554 2510 1637 2541 Pho-

976 2560 1114 2591 caicam:
1136 2559 1205 2601 lege
1220 2559 1361 2591 Gellium
1378 2559 1458 2590 libro
1473 2559 1547 2590 xvii.
1566 2561 1616 2590 15.

1021 2611 1074 2641 55.
1090 2609 1162 2639 Sum
1179 2616 1276 2639 tamen
1292 2610 1352 2640 haec
1365 2609 1494 2650 passus]
1519 2609 1637 2640 Tamen

977 2669 1046 2690 sum
1079 2658 1237 2700 relegatus
1269 2658 1309 2690 ad
1345 2669 1430 2690 oram
1463 2659 1638 2694 Ponticam.

979 2708 1060 2749 quod
1078 2719 1138 2739 nou
1154 2708 1357 2739 credideram.
