1760 3172
183 160 268 202 264

571 162 621 202 Ρ.
655 161 869 203 OVIDII
904 162 1185 206 NASONIS

186 275 295 322 Nec
321 275 439 323 dare
466 283 577 323 tura
600 276 739 332 libet,
768 277 888 324 nihil
915 280 1172 327 exorantia
1199 279 1380 336 Divos;

251 352 310 399 In
337 353 488 400 tantis
515 354 734 400 subeunt
759 370 849 401 nec
876 355 1007 402 bona
1031 357 1181 403 verba
1205 357 1363 404 malis.

184 430 237 476 Si
264 438 430 478 tamen
456 438 533 478 est
559 431 746 494 aliquid
772 432 915 478 nobis
941 433 1033 479 hac
1060 433 1170 481 luce
1190 434 1482 497 petendum,
1509 437 1573 481 25

250 506 308 554 In
335 509 445 555 loca
469 525 531 556 ne
557 510 732 556 redeas
759 510 972 573 amplius
999 510 1109 566 ista,
1137 527 1339 574 prec0r;

183 583 316 632 Dum
342 602 438 642 me,
465 594 706 633 terrarum
734 603 848 650 pars
878 604 1021 651 paene
1047 587 1330 644 novissima,
1361 587 1570 643 Pontus,

248 660 430 709 Euxini
456 663 578 710 falso
604 663 802 710 nomine
828 663 1009 721 dictim,
1037 665 1205 712 habet.

600 942 953 990 ELEGIA
1003 943 1146 991 XIV.

177 1040 403 1087 CULTOR
431 1048 481 1088 et
505 1042 714 1090 antistes
740 1043 1000 1090 doctorum
1027 1048 1198 1089 sancte
1222 1042 1454 1096 virorum,

242 1117 340 1172 Qui
365 1118 486 1165 facis
512 1119 711 1181 ingenio
737 1136 934 1183 semper
960 1120 1118 1167 amice
1142 1136 1282 1176 meo;

175 1193 390 1257 Ecquid,
409 1202 465 1242 ut
486 1195 787 1245 incolumem
804 1199 1059 1261 quondam
1079 1198 1332 1246 celebrare
1352 1196 1566 1251 solebas,

242 1271 389 1319 Nunc
417 1288 634 1336 quoque,
663 1290 724 1322 ne
749 1270 918 1322 videar
943 1282 1079 1322 totus
1106 1275 1300 1330 abesse,
1328 1273 1508 1342 caves?

175 1348 401 1413 Suscipis
428 1351 656 1417 exceptis
682 1351 866 1415 ecquid
890 1368 1002 1400 mea
1027 1352 1248 1399 carmina
1272 1350 1389 1398 solis
1535 1352 1564 1413 5

237 1425 469 1502 Artibus?
489 1428 664 1475 artifici
691 1445 802 1492 quae
828 1445 1044 1477 nocueie
1071 1446 1190 1477 suo.
1177 1430 1195 1463 ⁹
1524 1432 1550 1454 '⁴⁶³'

173 1501 332 1549 Immo
358 1504 427 1551 ita
450 1503 543 1560 fac,
571 1512 756 1562 vatum,
785 1522 972 1568 quaeso,
1001 1506 1222 1554 studiose
1248 1521 1514 1562 novorum3

237 1579 452 1644 Quaque
478 1587 639 1646 potes,
667 1582 824 1630 retine
850 1599 1031 1648 corpus
1057 1583 1107 1630 in
1133 1584 1254 1631 urbe
1280 1597 1464 1630 meum.

165 1770 268 1800 uebria
281 1781 377 1806 sacra,
392 1769 485 1800 Trist.
500 1770 541 1801 iv.
559 1770 611 1801 El.
630 1771 670 1802 iv.
685 1783 751 1803 ver.
766 1774 807 1804 85
820 1785 826 1803 z

166 1819 200 1850 in
215 1819 307 1850 Ibide
322 1825 438 1856 tamen,
456 1830 520 1851 ver.
536 1821 613 1851 104:

209 1868 280 1899 Jam
300 1875 372 1905 stat,
394 1875 428 1899 ut
447 1870 505 1909 ipse
526 1870 752 1912 vides,f11ueris
773 1882 830 1901 ara

253 1920 310 1949 tui.
664 1920 784 1951 HmNs.

208 1968 261 1998 25.
285 1967 317 1997 Si
339 1974 435 1998 tamen
453 1974 493 1998 est
510 1969 627 2008 aliquid
642 1971 733 2006 nobis,
749 1970 825 2010 δια]

165 2017 235 2048 Hoc
255 2016 341 2053 dicit,
363 2017 438 2058 quia
462 2017 599 2048 natalem
618 2018 826 2055 celebrantes,

166 2076 184 2097 a
200 2066 271 2097 Diis
286 2065 406 2107 aliquid
422 2067 583 2108 petebant.

207 2116 260 2146 27.
286 2115 363 2145 Pars
376 2127 457 2155 paene
478 2118 633 2147 novissima
651 2117 743 2147 Ponti
766 2116 829 2147 Eu-

162 2165 279 2205 xinus]
307 2165 424 2195 Pontus
439 2165 528 2196 multi
546 2172 680 2196 veteres.
704 2165 828 2196 Scribe:

208 2214 291 2245 Dum
306 2226 360 2250 me,
378 2221 526 2244 terrarum
542 2226 614 2254 pars
630 2226 711 2254 pane
734 2217 829 2246 noris-

292 2265 376 2300 sima,
397 2264 522 2300 Pontus,

252 2313 454 2355 Eim‘inijitlso
472 2315 588 2344 nornine
604 2314 714 2349 dictus,
733 2314 829 2344 habet.

605 2392 609 2395 .
668 2362 786 2393 Hssixs.

163 2411 214 2441 Ita
231 2416 262 2442 et
286 2412 410 2453 legebat
433 2411 641 2453 Tanaquillus
667 2412 768 2442 Faber
790 2411 830 2443 ad

162 2461 342 2498 Phaedrum,
357 2461 413 2492 lib.
431 2461 472 2492 iv.
490 2461 600 2492 Fabul.
616 2461 657 2492 vi.

206 2511 258 2541 28.
284 2511 526 2553 Eminusfulso,
543 2511 618 2551 &c.]
647 2511 731 2541 Nam
748 2510 830 2541 circa

162 2558 320 2591 Euxinum
335 2561 406 2592 loca
423 2566 495 2592 sunt
511 2560 690 2603 asperrima,
707 2567 738 2591 et
754 2560 828 2596 sera,

161 2615 333 2651 gentesque
362 2610 457 2641 etiam
488 2609 635 2645 immites,
661 2620 758 2651 quum
788 2610 826 2640 ab

161 2657 340 2700 inhospitali
356 2659 487 2696 feritate,
503 2659 618 2690 rectius
632 2661 655 2689 A
666 2671 752 2689 mnus
769 2658 822 2690 ad-

159 2706 339 2749 pellaretur.

947 1774 973 1803 l.
998 1772 1157 1813 Δητὼ-τρε]
1183 1772 1246 1809 Qui
1262 1771 1339 1803 alios
1354 1782 1459 1803 omnes
1476 1778 1562 1803 ante-

898 1822 994 1858 cedis,
1018 1834 1048 1864 q.
1069 1821 1281 1864 προστάτης;
1307 1821 1402 1852 ducta
1420 1822 1562 1864 adpella-

898 1870 980 1902 tione
996 1871 1045 1901 vel
1063 1882 1081 1902 a
1096 1882 1128 1902 re
1144 1870 1282 1906 militari,
1299 1870 1348 1901 vel
1365 1881 1383 1901 a
1403 1881 1560 1901 sacrorum

897 1920 1132 1951 consuetudine.
1177 1920 1307 1950 Bnnsn.

941 1972 971 2001 5.
995 1969 1150 2009 Suscipio-J
1175 1969 1234 1999 Ed.
1247 1975 1309 2000 vet.
1325 1974 1356 2000 et
1369 1968 1460 1999 codd.
1475 1969 1560 2000 haud

897 2018 989 2060 pauci
1006 2020 1132 2060 colligis,
1148 2018 1231 2059 quod
1247 2017 1388 2059 sequitur
1401 2017 1562 2054 Heinsius,

896 2072 928 2098 et
944 2067 1196 2109 interpretaberis
1211 2067 1249 2097 de
1268 2067 1370 2098 studio
1385 2066 1489 2103 amici,
1506 2067 1560 2109 qui

897 2127 989 2159 opera
1012 2116 1118 2147 Ovidii
1143 2123 1174 2148 et
1198 2116 1387 2158 reliquorum
1410 2126 1558 2147 novorum

897 2173 1059 2207 poetarum
1091 2165 1257 2207 diligenter
1285 2164 1405 2206 colligit
1430 2171 1461 2195 et
1487 2176 1562 2196 con-

898 2214 1002 2256 quirit.
1039 2214 1083 2244 At
1098 2215 1208 2245 Burm.
1227 2214 1281 2256 qui
1296 2214 1386 2244 malit
1401 2213 1439 2244 de
1454 2221 1558 2255 patro-

898 2264 979 2295 cinio
1002 2275 1124 2306 capere,
1140 2264 1203 2295 vid.
1220 2276 1271 2295 vv.
1292 2265 1341 2299 15,
1360 2264 1409 2294 16.
1433 2270 1464 2294 et
1485 2265 1560 2305 quia

895 2316 1036 2356 colligere
1050 2314 1171 2356 proprie
1194 2314 1277 2344 idem
1301 2319 1358 2350 est,
1376 2313 1459 2355 quod
1481 2322 1561 2345 tam-

897 2374 990 2404 quam
1018 2362 1193 2404 expositum
1216 2368 1339 2404 partum
1365 2362 1459 2399 tollis,
1482 2364 1558 2394 Ovi-

896 2412 967 2442 dius
1003 2418 1106 2443 autem
1142 2422 1198 2443 sua
1235 2411 1373 2443 carmina
1410 2413 1559 2453 agnoscit,

896 2461 991 2492 mittit
1017 2461 1127 2498 amico,
1157 2472 1216 2491 non
1239 2462 1372 2503 projicit,
1397 2461 1451 2492 sed
1478 2467 1557 2492 tam-

897 2521 990 2552 quam
1002 2511 1153 2542 infamata
1166 2511 1338 2552 patrocinio
1349 2511 1557 2548 commendat,

897 2560 1052 2602 rescripsit
1066 2563 1197 2601 suscipis,
1214 2560 1296 2602 quod
1313 2561 1433 2602 patroni
1449 2567 1506 2596 est,
1523 2567 1557 2592 ut

895 2609 973 2639 infra
990 2621 1018 2639 v.
1035 2612 1064 2640 6.
1082 2611 1111 2640 3.
1159 2611 1306 2641 HAnLEs.

939 2659 970 2688 7.
999 2658 1180 2699 Novariam]
1215 2659 1245 2689 h.
1263 2670 1290 2690 e.
1315 2659 1367 2700 qui
1395 2659 1452 2690 hoc
1478 2661 1555 2691 tc'm-

891 2718 963 2748 porc
987 2708 1107 2744 vivunt,
1131 2719 1208 2750 quos
1234 2708 1330 2740 tueris
1354 2716 1381 2739 et
1409 2719 1505 2740 amas.
1529 2710 1555 2740 E
