<?xml version="1.0" encoding="UTF-8"?>
<!DOCTYPE html PUBLIC "-//W3C//DTD XHTML 1.0 Transitional//EN"
    "http://www.w3.org/TR/xhtml1/DTD/xhtml1-transitional.dtd">
<html xmlns="http://www.w3.org/1999/xhtml" xml:lang="en" lang="en">
 <head>
  <title>
</title>
<meta http-equiv="Content-Type" content="text/html;charset=utf-8" />
  <meta name='ocr-system' content='tesseract 3.04.00' />
  <meta name='ocr-capabilities' content='ocr_page ocr_carea ocr_par ocr_line ocrx_word'/>
</head>
<body>
  <div class='ocr_page' id='page_1' title='image "./povidiinasonisop02oviduoft_0113.png"; bbox 0 0 1760 3172; ppageno 0'>
   <div class='ocr_carea' id='block_1_1' title="bbox 555 163 1148 206">
    <p class='ocr_par' dir='ltr' id='par_1_1' title="bbox 555 163 1148 206">
     <span class='ocr_line' id='line_1_1' title="bbox 555 163 1148 206; baseline -0.002 0"><span class='ocrx_word' id='word_1_1' title='bbox 555 163 852 206; x_wconf 89' lang='lat' dir='ltr'><strong>REMEDIA</strong></span> <span class='ocrx_word' id='word_1_2' title='bbox 885 163 1148 205; x_wconf 87' lang='lat' dir='ltr'><strong>AMORIS.</strong></span> 
     </span>
    </p>
   </div>
   <div class='ocr_carea' id='block_1_2' title="bbox 1466 166 1550 207">
    <p class='ocr_par' dir='ltr' id='par_1_2' title="bbox 1466 166 1550 207">
     <span class='ocr_line' id='line_1_2' title="bbox 1466 166 1550 207; baseline 0.012 -1"><span class='ocrx_word' id='word_1_3' title='bbox 1466 166 1550 207; x_wconf 86' lang='lat'>103</span> 
     </span>
    </p>
   </div>
   <div class='ocr_carea' id='block_1_3' title="bbox 153 278 1429 345">
    <p class='ocr_par' dir='ltr' id='par_1_3' title="bbox 153 278 1429 345">
     <span class='ocr_line' id='line_1_3' title="bbox 153 278 1429 345; baseline -0.002 -15"><span class='ocrx_word' id='word_1_4' title='bbox 153 281 220 329; x_wconf 89' lang='lat' dir='ltr'>Et</span> <span class='ocrx_word' id='word_1_5' title='bbox 242 280 428 345; x_wconf 90' lang='lat' dir='ltr'>poterit</span> <span class='ocrx_word' id='word_1_6' title='bbox 445 279 545 327; x_wconf 92' lang='lat' dir='ltr'>dici</span> <span class='ocrx_word' id='word_1_7' title='bbox 570 280 822 343; x_wconf 88' lang='lat' dir='ltr'>petulans,</span> <span class='ocrx_word' id='word_1_8' title='bbox 851 294 964 342; x_wconf 88' lang='lat' dir='ltr'>quae</span> <span class='ocrx_word' id='word_1_9' title='bbox 989 278 1176 326; x_wconf 88' lang='lat' dir='ltr'>rustica</span> <span class='ocrx_word' id='word_1_10' title='bbox 1200 295 1297 326; x_wconf 89' lang='lat' dir='ltr'>non</span> <span class='ocrx_word' id='word_1_11' title='bbox 1324 288 1429 328; x_wconf 86' lang='lat' dir='ltr'>est:</span> 
     </span>
    </p>
   </div>
   <div class='ocr_carea' id='block_1_4' title="bbox 219 355 1343 422">
    <p class='ocr_par' dir='ltr' id='par_1_4' title="bbox 219 355 1343 422">
     <span class='ocr_line' id='line_1_4' title="bbox 219 355 1343 422; baseline 0 -17"><span class='ocrx_word' id='word_1_12' title='bbox 219 356 286 405; x_wconf 92' lang='lat' dir='ltr'>Et</span> <span class='ocrx_word' id='word_1_13' title='bbox 310 356 495 422; x_wconf 86' lang='lat' dir='ltr'>poterit</span> <span class='ocrx_word' id='word_1_14' title='bbox 518 356 617 404; x_wconf 90' lang='lat' dir='ltr'>dici</span> <span class='ocrx_word' id='word_1_15' title='bbox 644 355 847 411; x_wconf 83' lang='lat' dir='ltr'>rustica,</span> <span class='ocrx_word' id='word_1_16' title='bbox 875 355 917 402; x_wconf 90' lang='lat' dir='ltr'>si</span> <span class='ocrx_word' id='word_1_17' title='bbox 943 371 1045 419; x_wconf 87' lang='lat' dir='ltr'>qua</span> <span class='ocrx_word' id='word_1_18' title='bbox 1069 357 1226 420; x_wconf 87' lang='lat' dir='ltr'>proba</span> <span class='ocrx_word' id='word_1_19' title='bbox 1251 365 1343 405; x_wconf 86' lang='lat' dir='ltr'>est.</span> 
     </span>
    </p>
   </div>
   <div class='ocr_carea' id='block_1_5' title="bbox 1443 361 1541 405">
    <p class='ocr_par' dir='ltr' id='par_1_5' title="bbox 1443 361 1541 405">
     <span class='ocr_line' id='line_1_5' title="bbox 1443 361 1541 405; baseline 0 0"><span class='ocrx_word' id='word_1_20' title='bbox 1443 361 1541 405; x_wconf 86' lang='lat'>330</span> 
     </span>
    </p>
   </div>
   <div class='ocr_carea' id='block_1_6' title="bbox 146 434 1540 1117">
    <p class='ocr_par' dir='ltr' id='par_1_6' title="bbox 149 434 1463 575">
     <span class='ocr_line' id='line_1_6' title="bbox 149 434 1463 497; baseline 0.002 -15"><span class='ocrx_word' id='word_1_21' title='bbox 149 434 283 490; x_wconf 82' lang='lat' dir='ltr'>Quin</span> <span class='ocrx_word' id='word_1_22' title='bbox 307 435 475 490; x_wconf 89' lang='lat' dir='ltr'>etiam,</span> <span class='ocrx_word' id='word_1_23' title='bbox 503 449 823 497; x_wconf 90' lang='lat' dir='ltr'>quacumque</span> <span class='ocrx_word' id='word_1_24' title='bbox 849 441 988 481; x_wconf 86' lang='lat' dir='ltr'>caret</span> <span class='ocrx_word' id='word_1_25' title='bbox 1009 440 1097 481; x_wconf 89' lang='lat' dir='ltr'>tua</span> <span class='ocrx_word' id='word_1_26' title='bbox 1120 434 1306 482; x_wconf 88' lang='lat' dir='ltr'>femina</span> <span class='ocrx_word' id='word_1_27' title='bbox 1329 437 1463 492; x_wconf 83' lang='lat' dir='ltr'>dote,</span> 
     </span>
     <span class='ocr_line' id='line_1_7' title="bbox 214 511 1425 575; baseline 0.001 -16"><span class='ocrx_word' id='word_1_28' title='bbox 214 511 362 559; x_wconf 88' lang='lat' dir='ltr'>Hanc</span> <span class='ocrx_word' id='word_1_29' title='bbox 388 517 600 568; x_wconf 84' lang='lat' dir='ltr'>moveat,</span> <span class='ocrx_word' id='word_1_30' title='bbox 627 511 826 559; x_wconf 81' lang='lat' dir='ltr'>blandis</span> <span class='ocrx_word' id='word_1_31' title='bbox 852 527 1013 575; x_wconf 89' lang='lat' dir='ltr'>usque</span> <span class='ocrx_word' id='word_1_32' title='bbox 1039 528 1246 575; x_wconf 78' lang='lat' dir='ltr'>precare</span> <span class='ocrx_word' id='word_1_33' title='bbox 1271 513 1425 560; x_wconf 88' lang='lat' dir='ltr'>sonis.</span> 
     </span>
    </p>

    <p class='ocr_par' dir='ltr' id='par_1_7' title="bbox 149 589 1472 730">
     <span class='ocr_line' id='line_1_8' title="bbox 149 589 1472 654; baseline 0.001 -17"><span class='ocrx_word' id='word_1_34' title='bbox 149 589 312 653; x_wconf 86' lang='lat' dir='ltr'>Exige</span> <span class='ocrx_word' id='word_1_35' title='bbox 337 590 472 654; x_wconf 94' lang='lat' dir='ltr'>quod</span> <span class='ocrx_word' id='word_1_36' title='bbox 497 596 683 645; x_wconf 88' lang='lat' dir='ltr'>cantet,</span> <span class='ocrx_word' id='word_1_37' title='bbox 711 589 751 636; x_wconf 89' lang='lat' dir='ltr'>si</span> <span class='ocrx_word' id='word_1_38' title='bbox 778 606 878 653; x_wconf 88' lang='lat' dir='ltr'>qua</span> <span class='ocrx_word' id='word_1_39' title='bbox 902 596 980 638; x_wconf 86' lang='lat' dir='ltr'>est</span> <span class='ocrx_word' id='word_1_40' title='bbox 1004 590 1110 648; x_wconf 86' lang='lat' dir='ltr'>sine</span> <span class='ocrx_word' id='word_1_41' title='bbox 1135 606 1258 638; x_wconf 85' lang='lat' dir='ltr'>voce</span> <span class='ocrx_word' id='word_1_42' title='bbox 1282 592 1472 654; x_wconf 88' lang='lat' dir='ltr'>puella:</span> 
     </span>
     <span class='ocr_line' id='line_1_9' title="bbox 215 666 1348 730; baseline 0.001 -17"><span class='ocrx_word' id='word_1_43' title='bbox 215 666 315 715; x_wconf 90' lang='lat' dir='ltr'>Fac</span> <span class='ocrx_word' id='word_1_44' title='bbox 341 668 505 723; x_wconf 86' lang='lat' dir='ltr'>saltet,</span> <span class='ocrx_word' id='word_1_45' title='bbox 526 666 688 715; x_wconf 88' lang='lat' dir='ltr'>nescit</span> <span class='ocrx_word' id='word_1_46' title='bbox 712 667 753 713; x_wconf 90' lang='lat' dir='ltr'>si</span> <span class='ocrx_word' id='word_1_47' title='bbox 779 683 881 730; x_wconf 87' lang='lat' dir='ltr'>qua</span> <span class='ocrx_word' id='word_1_48' title='bbox 904 683 1102 715; x_wconf 88' lang='lat' dir='ltr'>movere</span> <span class='ocrx_word' id='word_1_49' title='bbox 1128 683 1348 714; x_wconf 89' lang='lat' dir='ltr'>manum.</span> 
     </span>
    </p>

    <p class='ocr_par' dir='ltr' id='par_1_8' title="bbox 149 743 1540 887">
     <span class='ocr_line' id='line_1_10' title="bbox 149 743 1519 809; baseline 0.001 -18"><span class='ocrx_word' id='word_1_50' title='bbox 149 743 371 792; x_wconf 83' lang='lat' dir='ltr'>Barbara</span> <span class='ocrx_word' id='word_1_51' title='bbox 396 759 624 792; x_wconf 82' lang='lat' dir='ltr'>sermone</span> <span class='ocrx_word' id='word_1_52' title='bbox 649 749 747 801; x_wconf 91' lang='grc' dir='ltr'>θεῖ;</span> <span class='ocrx_word' id='word_1_53' title='bbox 788 743 866 791; x_wconf 87' lang='lat' dir='ltr'>fac</span> <span class='ocrx_word' id='word_1_54' title='bbox 892 751 1060 791; x_wconf 88' lang='lat' dir='ltr'>tecum</span> <span class='ocrx_word' id='word_1_55' title='bbox 1085 745 1245 792; x_wconf 88' lang='lat' dir='ltr'>multa</span> <span class='ocrx_word' id='word_1_56' title='bbox 1269 746 1519 809; x_wconf 87' lang='lat' dir='ltr'>loquatur.</span> 
     </span>
     <span class='ocr_line' id='line_1_11' title="bbox 214 821 1540 887; baseline 0.002 -19"><span class='ocrx_word' id='word_1_57' title='bbox 214 821 330 870; x_wconf 91' lang='lat' dir='ltr'>Non</span> <span class='ocrx_word' id='word_1_58' title='bbox 351 821 529 870; x_wconf 82' lang='lat' dir='ltr'>didicit</span> <span class='ocrx_word' id='word_1_59' title='bbox 547 822 760 870; x_wconf 84' lang='lat' dir='ltr'>chordas</span> <span class='ocrx_word' id='word_1_60' title='bbox 782 829 1013 885; x_wconf 82' lang='lat' dir='ltr'>tangere3</span> <span class='ocrx_word' id='word_1_61' title='bbox 1051 839 1204 886; x_wconf 90' lang='lat' dir='ltr'>posce</span> <span class='ocrx_word' id='word_1_62' title='bbox 1230 823 1407 887; x_wconf 89' lang='lat' dir='ltr'>lyram.</span> <span class='ocrx_word' id='word_1_63' title='bbox 1443 827 1540 871; x_wconf 84' lang='lat'>336</span> 
     </span>
    </p>

    <p class='ocr_par' dir='ltr' id='par_1_9' title="bbox 146 898 1452 1040">
     <span class='ocr_line' id='line_1_12' title="bbox 146 898 1452 964; baseline 0.001 -18"><span class='ocrx_word' id='word_1_64' title='bbox 146 899 332 948; x_wconf 90' lang='lat' dir='ltr'>Durius</span> <span class='ocrx_word' id='word_1_65' title='bbox 356 899 568 957; x_wconf 82' lang='lat' dir='ltr'>incedit3</span> <span class='ocrx_word' id='word_1_66' title='bbox 610 898 719 947; x_wconf 85' lang='lat' dir='ltr'>face</span> <span class='ocrx_word' id='word_1_67' title='bbox 743 898 1039 947; x_wconf 84' lang='lat' dir='ltr'>inambulet.</span> <span class='ocrx_word' id='word_1_68' title='bbox 1079 916 1226 947; x_wconf 90' lang='lat' dir='ltr'>omne</span> <span class='ocrx_word' id='word_1_69' title='bbox 1252 900 1452 964; x_wconf 82' lang='lat' dir='ltr'>papillae</span> 
     </span>
     <span class='ocr_line' id='line_1_13' title="bbox 213 976 1405 1040; baseline 0 -15"><span class='ocrx_word' id='word_1_70' title='bbox 213 976 402 1025; x_wconf 84' lang='lat' dir='ltr'>Pectus</span> <span class='ocrx_word' id='word_1_71' title='bbox 426 977 616 1025; x_wconf 87' lang='lat' dir='ltr'>habent</span> <span class='ocrx_word' id='word_1_72' title='bbox 638 976 866 1035; x_wconf 82' lang='lat' dir='ltr'>tumidae3</span> <span class='ocrx_word' id='word_1_73' title='bbox 908 976 1065 1024; x_wconf 87' lang='lat' dir='ltr'>fascia</span> <span class='ocrx_word' id='word_1_74' title='bbox 1088 977 1226 1024; x_wconf 89' lang='lat' dir='ltr'>nulla</span> <span class='ocrx_word' id='word_1_75' title='bbox 1250 984 1405 1040; x_wconf 82' lang='lat' dir='ltr'>tegat.</span> 
     </span>
    </p>

    <p class='ocr_par' dir='ltr' id='par_1_10' title="bbox 153 1053 1406 1117">
     <span class='ocr_line' id='line_1_14' title="bbox 153 1053 1406 1117; baseline 0 -16"><span class='ocrx_word' id='word_1_76' title='bbox 153 1054 207 1101; x_wconf 85' lang='lat' dir='ltr'>Si</span> <span class='ocrx_word' id='word_1_77' title='bbox 232 1054 362 1101; x_wconf 90' lang='lat' dir='ltr'>male</span> <span class='ocrx_word' id='word_1_78' title='bbox 387 1055 596 1102; x_wconf 90' lang='lat' dir='ltr'>dentata</span> <span class='ocrx_word' id='word_1_79' title='bbox 623 1059 722 1111; x_wconf 90' lang='lat' dir='ltr'>est;</span> <span class='ocrx_word' id='word_1_80' title='bbox 764 1069 924 1110; x_wconf 88' lang='lat' dir='ltr'>narra,</span> <span class='ocrx_word' id='word_1_81' title='bbox 954 1054 1090 1117; x_wconf 90' lang='lat' dir='ltr'>quod</span> <span class='ocrx_word' id='word_1_82' title='bbox 1115 1053 1292 1111; x_wconf 86' lang='lat' dir='ltr'>rideat,</span> <span class='ocrx_word' id='word_1_83' title='bbox 1319 1054 1406 1102; x_wconf 89' lang='lat' dir='ltr'>illi.</span> 
     </span>
    </p>
   </div>
   <div class='ocr_carea' id='block_1_7' title="bbox 213 1129 1358 1193">
    <p class='ocr_par' dir='ltr' id='par_1_11' title="bbox 213 1129 1358 1193">
     <span class='ocr_line' id='line_1_15' title="bbox 213 1129 1358 1193; baseline 0.001 -15"><span class='ocrx_word' id='word_1_84' title='bbox 213 1130 454 1179; x_wconf 85' lang='lat' dir='ltr'>Mollibus</span> <span class='ocrx_word' id='word_1_85' title='bbox 479 1138 558 1179; x_wconf 88' lang='lat' dir='ltr'>est</span> <span class='ocrx_word' id='word_1_86' title='bbox 582 1129 756 1186; x_wconf 92' lang='lat' dir='ltr'>oculis,</span> <span class='ocrx_word' id='word_1_87' title='bbox 785 1130 920 1193; x_wconf 91' lang='lat' dir='ltr'>quod</span> <span class='ocrx_word' id='word_1_88' title='bbox 945 1131 1064 1179; x_wconf 88' lang='lat' dir='ltr'>fleat</span> <span class='ocrx_word' id='word_1_89' title='bbox 1088 1131 1186 1187; x_wconf 90' lang='lat' dir='ltr'>illa,</span> <span class='ocrx_word' id='word_1_90' title='bbox 1215 1131 1358 1180; x_wconf 88' lang='lat' dir='ltr'>refer.</span> 
     </span>
    </p>
   </div>
   <div class='ocr_carea' id='block_1_8' title="bbox 1445 1134 1543 1178">
    <p class='ocr_par' dir='ltr' id='par_1_12' title="bbox 1445 1134 1543 1178">
     <span class='ocr_line' id='line_1_16' title="bbox 1445 1134 1543 1178; baseline -0.041 1"><span class='ocrx_word' id='word_1_91' title='bbox 1445 1134 1543 1178; x_wconf 80' lang='lat'>340</span> 
     </span>
    </p>
   </div>
   <div class='ocr_carea' id='block_1_9' title="bbox 146 1208 1388 1506">
    <p class='ocr_par' dir='ltr' id='par_1_13' title="bbox 149 1208 1388 1350">
     <span class='ocr_line' id='line_1_17' title="bbox 149 1208 1359 1267; baseline 0 -11"><span class='ocrx_word' id='word_1_92' title='bbox 149 1208 380 1256; x_wconf 87' lang='lat' dir='ltr'>Proderit</span> <span class='ocrx_word' id='word_1_93' title='bbox 403 1215 455 1256; x_wconf 92' lang='lat' dir='ltr'>et</span> <span class='ocrx_word' id='word_1_94' title='bbox 479 1208 661 1264; x_wconf 89' lang='lat' dir='ltr'>subito,</span> <span class='ocrx_word' id='word_1_95' title='bbox 689 1224 803 1255; x_wconf 90' lang='lat' dir='ltr'>cum</span> <span class='ocrx_word' id='word_1_96' title='bbox 830 1224 883 1256; x_wconf 92' lang='lat' dir='ltr'>se</span> <span class='ocrx_word' id='word_1_97' title='bbox 909 1225 1007 1256; x_wconf 92' lang='lat' dir='ltr'>non</span> <span class='ocrx_word' id='word_1_98' title='bbox 1032 1209 1232 1258; x_wconf 81' lang='lat' dir='ltr'>finxerit</span> <span class='ocrx_word' id='word_1_99' title='bbox 1255 1210 1359 1267; x_wconf 85' lang='lat' dir='ltr'>ulli,</span> 
     </span>
     <span class='ocr_line' id='line_1_18' title="bbox 213 1285 1388 1350; baseline 0.001 -17"><span class='ocrx_word' id='word_1_100' title='bbox 213 1285 295 1334; x_wconf 91' lang='lat' dir='ltr'>Ad</span> <span class='ocrx_word' id='word_1_101' title='bbox 320 1285 572 1334; x_wconf 90' lang='lat' dir='ltr'>dominam</span> <span class='ocrx_word' id='word_1_102' title='bbox 598 1285 787 1333; x_wconf 85' lang='lat' dir='ltr'>celeres</span> <span class='ocrx_word' id='word_1_103' title='bbox 813 1301 959 1334; x_wconf 89' lang='lat' dir='ltr'>mane</span> <span class='ocrx_word' id='word_1_104' title='bbox 985 1286 1160 1335; x_wconf 87' lang='lat' dir='ltr'>tulisse</span> <span class='ocrx_word' id='word_1_105' title='bbox 1186 1287 1388 1350; x_wconf 77' lang='lat' dir='ltr'>gradus,</span> 
     </span>
    </p>

    <p class='ocr_par' dir='ltr' id='par_1_14' title="bbox 146 1362 1385 1506">
     <span class='ocr_line' id='line_1_19' title="bbox 146 1362 1385 1427; baseline 0 -17"><span class='ocrx_word' id='word_1_106' title='bbox 146 1362 431 1412; x_wconf 88' lang='lat' dir='ltr'>Auferimur</span> <span class='ocrx_word' id='word_1_107' title='bbox 455 1365 622 1412; x_wconf 88' lang='lat' dir='ltr'>cultu:</span> <span class='ocrx_word' id='word_1_108' title='bbox 663 1363 874 1426; x_wconf 85' lang='lat' dir='ltr'>gemmis</span> <span class='ocrx_word' id='word_1_109' title='bbox 900 1380 1122 1427; x_wconf 89' lang='lat' dir='ltr'>auroque</span> <span class='ocrx_word' id='word_1_110' title='bbox 1148 1372 1385 1427; x_wconf 82' lang='lat' dir='ltr'>teguntur</span> 
     </span>
     <span class='ocr_line' id='line_1_20' title="bbox 216 1440 1339 1506; baseline 0 -18"><span class='ocrx_word' id='word_1_111' title='bbox 216 1440 416 1490; x_wconf 89' lang='lat' dir='ltr'>Omnia.</span> <span class='ocrx_word' id='word_1_112' title='bbox 457 1458 572 1506; x_wconf 89' lang='lat' dir='ltr'>pars</span> <span class='ocrx_word' id='word_1_113' title='bbox 597 1440 802 1487; x_wconf 87' lang='lat' dir='ltr'>minima</span> <span class='ocrx_word' id='word_1_114' title='bbox 826 1447 903 1488; x_wconf 89' lang='lat' dir='ltr'>est</span> <span class='ocrx_word' id='word_1_115' title='bbox 927 1441 1037 1505; x_wconf 89' lang='lat' dir='ltr'>ipsa</span> <span class='ocrx_word' id='word_1_116' title='bbox 1061 1442 1229 1505; x_wconf 90' lang='lat' dir='ltr'>puella</span> <span class='ocrx_word' id='word_1_117' title='bbox 1247 1441 1339 1488; x_wconf 86' lang='lat' dir='ltr'>sui.</span> 
     </span>
    </p>
   </div>
   <div class='ocr_carea' id='block_1_10' title="bbox 109 1635 814 2665">
    <p class='ocr_par' dir='ltr' id='par_1_15' title="bbox 136 1635 814 1865">
     <span class='ocr_line' id='line_1_21' title="bbox 193 1635 814 1677; baseline 0 -11"><span class='ocrx_word' id='word_1_118' title='bbox 193 1635 270 1666; x_wconf 90' lang='grc'>331.</span> <span class='ocrx_word' id='word_1_119' title='bbox 296 1636 387 1667; x_wconf 83' lang='lat' dir='ltr'>Caret</span> <span class='ocrx_word' id='word_1_120' title='bbox 411 1642 467 1667; x_wconf 84' lang='lat' dir='ltr'>tua</span> <span class='ocrx_word' id='word_1_121' title='bbox 492 1638 559 1667; x_wconf 81' lang='lat' dir='ltr'>dote</span> <span class='ocrx_word' id='word_1_122' title='bbox 581 1636 713 1677; x_wconf 62' lang='lat' dir='ltr'>puellm]</span> <span class='ocrx_word' id='word_1_123' title='bbox 747 1636 814 1666; x_wconf 77' lang='lat' dir='ltr'>Tua</span> 
     </span>
     <span class='ocr_line' id='line_1_22' title="bbox 136 1685 813 1728; baseline 0.003 -12"><span class='ocrx_word' id='word_1_124' title='bbox 136 1685 269 1727; x_wconf 82' lang='lat' dir='ltr'>foemina</span> <span class='ocrx_word' id='word_1_125' title='bbox 291 1688 359 1717; x_wconf 83' lang='lat' dir='ltr'>dote</span> <span class='ocrx_word' id='word_1_126' title='bbox 388 1686 495 1728; x_wconf 86' lang='lat' dir='ltr'>scripti</span> <span class='ocrx_word' id='word_1_127' title='bbox 522 1687 586 1717; x_wconf 85' lang='lat' dir='ltr'>fere</span> <span class='ocrx_word' id='word_1_128' title='bbox 611 1696 718 1718; x_wconf 85' lang='lat' dir='ltr'>omnes</span> <span class='ocrx_word' id='word_1_129' title='bbox 741 1697 813 1718; x_wconf 90' lang='lat' dir='ltr'>cum</span> 
     </span>
     <span class='ocr_line' id='line_1_23' title="bbox 147 1733 813 1778; baseline 0.003 -13"><span class='ocrx_word' id='word_1_130' title='bbox 147 1733 247 1776; x_wconf 64' lang='lat' dir='ltr'>prima</span> <span class='ocrx_word' id='word_1_131' title='bbox 276 1734 427 1766; x_wconf 85' lang='lat' dir='ltr'>editione.</span> <span class='ocrx_word' id='word_1_132' title='bbox 451 1735 546 1766; x_wconf 88' lang='lat' dir='ltr'>bene.</span> <span class='ocrx_word' id='word_1_133' title='bbox 576 1734 620 1766; x_wconf 88' lang='lat' dir='ltr'>ita</span> <span class='ocrx_word' id='word_1_134' title='bbox 646 1746 728 1778; x_wconf 81' lang='lat' dir='ltr'>saepe</span> <span class='ocrx_word' id='word_1_135' title='bbox 757 1747 813 1778; x_wconf 88' lang='lat' dir='ltr'>pro</span> 
     </span>
     <span class='ocr_line' id='line_1_24' title="bbox 146 1783 809 1828; baseline 0.003 -14"><span class='ocrx_word' id='word_1_136' title='bbox 146 1783 249 1815; x_wconf 83' lang='lat' dir='ltr'>amica</span> <span class='ocrx_word' id='word_1_137' title='bbox 263 1784 388 1816; x_wconf 86' lang='lat' dir='ltr'>Noster.</span> <span class='ocrx_word' id='word_1_138' title='bbox 411 1795 483 1816; x_wconf 85' lang='lat' dir='ltr'>nam</span> <span class='ocrx_word' id='word_1_139' title='bbox 496 1786 601 1826; x_wconf 83' lang='lat' dir='ltr'>puella</span> <span class='ocrx_word' id='word_1_140' title='bbox 616 1796 687 1816; x_wconf 83' lang='lat' dir='ltr'>mox</span> <span class='ocrx_word' id='word_1_141' title='bbox 703 1786 809 1828; x_wconf 85' lang='lat' dir='ltr'>sequi-</span> 
     </span>
     <span class='ocr_line' id='line_1_25' title="bbox 146 1834 374 1865; baseline 0 -1"><span class='ocrx_word' id='word_1_142' title='bbox 146 1839 208 1865; x_wconf 87' lang='lat' dir='ltr'>tur.</span> <span class='ocrx_word' id='word_1_143' title='bbox 253 1834 374 1865; x_wconf 71' lang='lat' dir='ltr'>mes.</span> 
     </span>
    </p>

    <p class='ocr_par' dir='ltr' id='par_1_16' title="bbox 145 1883 812 2127">
     <span class='ocr_line' id='line_1_26' title="bbox 190 1883 812 1925; baseline 0.002 -10"><span class='ocrx_word' id='word_1_144' title='bbox 190 1885 266 1915; x_wconf 87' lang='grc'><strong>334.</strong></span> <span class='ocrx_word' id='word_1_145' title='bbox 289 1883 318 1914; x_wconf 90' lang='lat' dir='ltr'><em>F</em></span> <span class='ocrx_word' id='word_1_146' title='bbox 317 1896 352 1914; x_wconf 87' lang='lat' dir='ltr'>ac</span> <span class='ocrx_word' id='word_1_147' title='bbox 367 1885 466 1920; x_wconf 79' lang='lat' dir='ltr'>saltet,</span> <span class='ocrx_word' id='word_1_148' title='bbox 478 1886 570 1916; x_wconf 79' lang='lat' dir='ltr'>nescit</span> <span class='ocrx_word' id='word_1_149' title='bbox 585 1886 609 1915; x_wconf 83' lang='lat' dir='ltr'>si</span> <span class='ocrx_word' id='word_1_150' title='bbox 625 1896 683 1925; x_wconf 78' lang='lat' dir='ltr'>qua</span> <span class='ocrx_word' id='word_1_151' title='bbox 697 1896 812 1916; x_wconf 76' lang='lat' dir='ltr'>movere</span> 
     </span>
     <span class='ocr_line' id='line_1_27' title="bbox 145 1933 812 1976; baseline 0.001 -12"><span class='ocrx_word' id='word_1_152' title='bbox 145 1933 274 1974; x_wconf 62' lang='lat' dir='ltr'>pedem]</span> <span class='ocrx_word' id='word_1_153' title='bbox 302 1934 423 1965; x_wconf 74' lang='lat' dir='ltr'>Movere</span> <span class='ocrx_word' id='word_1_154' title='bbox 437 1945 559 1964; x_wconf 84' lang='lat' dir='ltr'>manum</span> <span class='ocrx_word' id='word_1_155' title='bbox 572 1933 704 1975; x_wconf 85' lang='lat' dir='ltr'>Regius,</span> <span class='ocrx_word' id='word_1_156' title='bbox 715 1940 746 1965; x_wconf 89' lang='lat' dir='ltr'>et</span> <span class='ocrx_word' id='word_1_157' title='bbox 758 1945 812 1976; x_wconf 91' lang='lat' dir='ltr'>pro</span> 
     </span>
     <span class='ocr_line' id='line_1_28' title="bbox 145 1983 812 2015; baseline 0.001 -1"><span class='ocrx_word' id='word_1_158' title='bbox 145 1983 269 2015; x_wconf 67' lang='lat' dir='ltr'>diversa</span> <span class='ocrx_word' id='word_1_159' title='bbox 290 1983 423 2015; x_wconf 86' lang='lat' dir='ltr'>lectione</span> <span class='ocrx_word' id='word_1_160' title='bbox 447 1984 628 2015; x_wconf 87' lang='lat' dir='ltr'>Puteaneus</span> <span class='ocrx_word' id='word_1_161' title='bbox 649 1994 722 2015; x_wconf 88' lang='lat' dir='ltr'>cum</span> <span class='ocrx_word' id='word_1_162' title='bbox 739 1985 812 2015; x_wconf 90' lang='lat' dir='ltr'>Lin-</span> 
     </span>
     <span class='ocr_line' id='line_1_29' title="bbox 147 2032 812 2075; baseline 0.003 -12"><span class='ocrx_word' id='word_1_163' title='bbox 147 2032 309 2064; x_wconf 86' lang='lat' dir='ltr'>colniensi.</span> <span class='ocrx_word' id='word_1_164' title='bbox 324 2032 451 2074; x_wconf 84' lang='lat' dir='ltr'>optime.</span> <span class='ocrx_word' id='word_1_165' title='bbox 469 2033 589 2064; x_wconf 64' lang='lat' dir='ltr'>llIovere</span> <span class='ocrx_word' id='word_1_166' title='bbox 603 2045 737 2070; x_wconf 74' lang='lat' dir='ltr'>manum,</span> <span class='ocrx_word' id='word_1_167' title='bbox 749 2046 812 2075; x_wconf 84' lang='grc' dir='ltr'>χει-</span> 
     </span>
     <span class='ocr_line' id='line_1_30' title="bbox 148 2083 780 2127; baseline -0.002 -11"><span class='ocrx_word' id='word_1_168' title='bbox 148 2086 312 2127; x_wconf 85' lang='grc' dir='ltr'><strong>ρονομεῖν.</strong></span> <span class='ocrx_word' id='word_1_169' title='bbox 334 2084 379 2115; x_wconf 83' lang='lat' dir='ltr'>sic</span> <span class='ocrx_word' id='word_1_170' title='bbox 394 2090 426 2115; x_wconf 90' lang='lat' dir='ltr'>et</span> <span class='ocrx_word' id='word_1_171' title='bbox 440 2084 511 2125; x_wconf 83' lang='lat' dir='ltr'>lego</span> <span class='ocrx_word' id='word_1_172' title='bbox 526 2085 610 2115; x_wconf 86' lang='lat' dir='ltr'>Met.</span> <span class='ocrx_word' id='word_1_173' title='bbox 626 2083 690 2115; x_wconf 83' lang='lat' dir='ltr'>xiv.</span> <span class='ocrx_word' id='word_1_174' title='bbox 705 2085 780 2115; x_wconf 85' lang='lat'>520.</span> 
     </span>
    </p>

    <p class='ocr_par' dir='ltr' id='par_1_17' title="bbox 192 2133 814 2165">
     <span class='ocr_line' id='line_1_31' title="bbox 192 2133 814 2165; baseline 0 -1"><span class='ocrx_word' id='word_1_175' title='bbox 192 2133 232 2164; x_wconf 77' lang='lat' dir='ltr'>In</span> <span class='ocrx_word' id='word_1_176' title='bbox 253 2144 412 2164; x_wconf 82' lang='lat' dir='ltr'>numerum</span> <span class='ocrx_word' id='word_1_177' title='bbox 433 2135 519 2164; x_wconf 82' lang='lat' dir='ltr'>motis</span> <span class='ocrx_word' id='word_1_178' title='bbox 542 2135 678 2164; x_wconf 78' lang='lat' dir='ltr'>manibus</span> <span class='ocrx_word' id='word_1_179' title='bbox 703 2136 814 2165; x_wconf 67' lang='lat' dir='ltr'>duxere</span> 
     </span>
    </p>

    <p class='ocr_par' dir='ltr' id='par_1_18' title="bbox 276 2183 405 2213">
     <span class='ocr_line' id='line_1_32' title="bbox 276 2183 405 2213; baseline -0.008 0"><span class='ocrx_word' id='word_1_180' title='bbox 276 2183 405 2213; x_wconf 79' lang='lat' dir='ltr'>choreas.</span> 
     </span>
    </p>

    <p class='ocr_par' dir='ltr' id='par_1_19' title="bbox 109 2231 814 2558">
     <span class='ocr_line' id='line_1_33' title="bbox 147 2231 810 2267; baseline 0.002 -5"><span class='ocrx_word' id='word_1_181' title='bbox 147 2231 273 2262; x_wconf 81' lang='lat' dir='ltr'>Jactare</span> <span class='ocrx_word' id='word_1_182' title='bbox 287 2233 320 2262; x_wconf 85' lang='lat' dir='ltr'>in</span> <span class='ocrx_word' id='word_1_183' title='bbox 335 2242 494 2261; x_wconf 80' lang='lat' dir='ltr'>numerum</span> <span class='ocrx_word' id='word_1_184' title='bbox 510 2232 632 2262; x_wconf 82' lang='lat' dir='ltr'>brachia</span> <span class='ocrx_word' id='word_1_185' title='bbox 653 2232 810 2267; x_wconf 84' lang='lat' dir='ltr'>Lucretio,</span> 
     </span>
     <span class='ocr_line' id='line_1_34' title="bbox 109 2280 814 2314; baseline 0.003 -2"><span class='ocrx_word' id='word_1_186' title='bbox 109 2309 112 2312; x_wconf 83' lang='lat'>.</span> <span class='ocrx_word' id='word_1_187' title='bbox 146 2281 203 2312; x_wconf 85' lang='lat' dir='ltr'>lib.</span> <span class='ocrx_word' id='word_1_188' title='bbox 216 2280 258 2312; x_wconf 75' lang='lat' dir='ltr'>iv,</span> <span class='ocrx_word' id='word_1_189' title='bbox 270 2281 345 2312; x_wconf 86' lang='lat'>773.</span> <span class='ocrx_word' id='word_1_190' title='bbox 369 2286 401 2311; x_wconf 86' lang='lat' dir='ltr'>et</span> <span class='ocrx_word' id='word_1_191' title='bbox 416 2282 517 2312; x_wconf 83' lang='lat' dir='ltr'>mollia</span> <span class='ocrx_word' id='word_1_192' title='bbox 532 2283 680 2312; x_wconf 78' lang='lat' dir='ltr'>mobiliter</span> <span class='ocrx_word' id='word_1_193' title='bbox 692 2284 814 2314; x_wconf 83' lang='lat' dir='ltr'>brachia</span> 
     </span>
     <span class='ocr_line' id='line_1_35' title="bbox 146 2330 813 2368; baseline 0.004 -7"><span class='ocrx_word' id='word_1_194' title='bbox 146 2333 275 2368; x_wconf 83' lang='lat' dir='ltr'>mittere,</span> <span class='ocrx_word' id='word_1_195' title='bbox 289 2330 347 2362; x_wconf 84' lang='lat' dir='ltr'>lib.</span> <span class='ocrx_word' id='word_1_196' title='bbox 360 2330 406 2361; x_wconf 88' lang='lat' dir='ltr'>iv.</span> <span class='ocrx_word' id='word_1_197' title='bbox 422 2331 496 2362; x_wconf 85' lang='lat'>791.</span> <span class='ocrx_word' id='word_1_198' title='bbox 520 2331 638 2363; x_wconf 88' lang='lat' dir='ltr'>Gestus</span> <span class='ocrx_word' id='word_1_199' title='bbox 649 2333 731 2363; x_wconf 89' lang='lat' dir='ltr'>enim</span> <span class='ocrx_word' id='word_1_200' title='bbox 747 2344 813 2364; x_wconf 85' lang='lat' dir='ltr'>ma-</span> 
     </span>
     <span class='ocr_line' id='line_1_36' title="bbox 148 2379 812 2424; baseline 0.003 -13"><span class='ocrx_word' id='word_1_201' title='bbox 148 2391 245 2411; x_wconf 88' lang='lat' dir='ltr'>nuum</span> <span class='ocrx_word' id='word_1_202' title='bbox 255 2385 286 2411; x_wconf 86' lang='lat' dir='ltr'>et</span> <span class='ocrx_word' id='word_1_203' title='bbox 295 2379 493 2411; x_wconf 88' lang='lat' dir='ltr'>brachiorum</span> <span class='ocrx_word' id='word_1_204' title='bbox 504 2380 537 2410; x_wconf 90' lang='lat' dir='ltr'>in</span> <span class='ocrx_word' id='word_1_205' title='bbox 547 2380 714 2412; x_wconf 79' lang='lat' dir='ltr'>saltatione</span> <span class='ocrx_word' id='word_1_206' title='bbox 725 2383 812 2424; x_wconf 87' lang='lat' dir='ltr'>puel-</span> 
     </span>
     <span class='ocr_line' id='line_1_37' title="bbox 146 2429 808 2473; baseline 0.006 -14"><span class='ocrx_word' id='word_1_207' title='bbox 146 2429 247 2460; x_wconf 84' lang='lat' dir='ltr'>larum</span> <span class='ocrx_word' id='word_1_208' title='bbox 259 2429 331 2471; x_wconf 92' lang='lat' dir='ltr'>plus</span> <span class='ocrx_word' id='word_1_209' title='bbox 345 2429 634 2467; x_wconf 84' lang='lat' dir='ltr'>commendabatur,</span> <span class='ocrx_word' id='word_1_210' title='bbox 644 2441 738 2472; x_wconf 86' lang='lat' dir='ltr'>quam</span> <span class='ocrx_word' id='word_1_211' title='bbox 754 2443 808 2473; x_wconf 93' lang='lat' dir='ltr'>pe-</span> 
     </span>
     <span class='ocr_line' id='line_1_38' title="bbox 148 2477 809 2521; baseline 0.005 -13"><span class='ocrx_word' id='word_1_212' title='bbox 148 2477 224 2509; x_wconf 87' lang='lat' dir='ltr'>dum</span> <span class='ocrx_word' id='word_1_213' title='bbox 245 2483 358 2509; x_wconf 77' lang='lat' dir='ltr'>motus,</span> <span class='ocrx_word' id='word_1_214' title='bbox 385 2479 502 2510; x_wconf 80' lang='lat' dir='ltr'>Noster</span> <span class='ocrx_word' id='word_1_215' title='bbox 528 2478 573 2510; x_wconf 88' lang='lat' dir='ltr'>sic</span> <span class='ocrx_word' id='word_1_216' title='bbox 598 2479 714 2521; x_wconf 86' lang='lat' dir='ltr'>passim</span> <span class='ocrx_word' id='word_1_217' title='bbox 736 2480 809 2512; x_wconf 77' lang='lat' dir='ltr'>Art.</span> 
     </span>
     <span class='ocr_line' id='line_1_39' title="bbox 146 2526 370 2558; baseline 0.004 -1"><span class='ocrx_word' id='word_1_218' title='bbox 146 2526 221 2558; x_wconf 91' lang='lat' dir='ltr'>Am.</span> <span class='ocrx_word' id='word_1_219' title='bbox 234 2526 279 2558; x_wconf 86' lang='grc'><strong>111.</strong></span> <span class='ocrx_word' id='word_1_220' title='bbox 295 2528 370 2558; x_wconf 87' lang='lat'>349.</span> 
     </span>
    </p>

    <p class='ocr_par' dir='ltr' id='par_1_20' title="bbox 195 2576 812 2618">
     <span class='ocr_line' id='line_1_40' title="bbox 195 2576 812 2618; baseline 0.005 -12"><span class='ocrx_word' id='word_1_221' title='bbox 195 2576 270 2612; x_wconf 80' lang='lat' dir='ltr'>Quis</span> <span class='ocrx_word' id='word_1_222' title='bbox 284 2578 412 2614; x_wconf 76' lang='lat' dir='ltr'>dubitet,</span> <span class='ocrx_word' id='word_1_223' title='bbox 424 2579 497 2618; x_wconf 79' lang='lat' dir='ltr'>quin</span> <span class='ocrx_word' id='word_1_224' title='bbox 509 2580 583 2608; x_wconf 83' lang='lat' dir='ltr'>scire</span> <span class='ocrx_word' id='word_1_225' title='bbox 597 2579 684 2608; x_wconf 79' lang='lat' dir='ltr'>velim</span> <span class='ocrx_word' id='word_1_226' title='bbox 701 2580 812 2609; x_wconf 84' lang='lat' dir='ltr'>saltare</span> 
     </span>
    </p>

    <p class='ocr_par' dir='ltr' id='par_1_21' title="bbox 275 2627 419 2665">
     <span class='ocr_line' id='line_1_41' title="bbox 275 2627 419 2665; baseline 0.007 -9"><span class='ocrx_word' id='word_1_227' title='bbox 275 2627 419 2665; x_wconf 82' lang='lat' dir='ltr'>puellam,</span> 
     </span>
    </p>
   </div>
   <div class='ocr_carea' id='block_1_11' title="bbox 243 2676 815 2754">
    <p class='ocr_par' dir='ltr' id='par_1_22' title="bbox 243 2676 815 2754">
     <span class='ocr_line' id='line_1_42' title="bbox 243 2676 815 2717; baseline 0.005 -12"><span class='ocrx_word' id='word_1_228' title='bbox 243 2676 285 2705; x_wconf 87' lang='lat' dir='ltr'>Ut</span> <span class='ocrx_word' id='word_1_229' title='bbox 315 2683 427 2707; x_wconf 80' lang='lat' dir='ltr'>moveat</span> <span class='ocrx_word' id='word_1_230' title='bbox 457 2678 550 2717; x_wconf 75' lang='lat' dir='ltr'>posito</span> <span class='ocrx_word' id='word_1_231' title='bbox 576 2678 696 2708; x_wconf 75' lang='lat' dir='ltr'>brachia</span> <span class='ocrx_word' id='word_1_232' title='bbox 729 2679 815 2708; x_wconf 79' lang='lat' dir='ltr'>docta</span> 
     </span>
     <span class='ocr_line' id='line_1_43' title="bbox 280 2735 368 2754; baseline 0.011 -1"><span class='ocrx_word' id='word_1_233' title='bbox 280 2735 368 2754; x_wconf 72' lang='lat' dir='ltr'>mero.</span> 
     </span>
    </p>
   </div>
   <div class='ocr_carea' id='block_1_12' title="bbox 871 1635 1552 2808">
    <p class='ocr_par' dir='ltr' id='par_1_23' title="bbox 884 1635 1499 1668">
     <span class='ocr_line' id='line_1_44' title="bbox 884 1635 1499 1668; baseline -0.002 -2"><span class='ocrx_word' id='word_1_234' title='bbox 884 1636 932 1667; x_wconf 85' lang='lat' dir='ltr'>Ita</span> <span class='ocrx_word' id='word_1_235' title='bbox 947 1636 1113 1668; x_wconf 61' lang='lat' dir='ltr'>„luvenalis</span> <span class='ocrx_word' id='word_1_236' title='bbox 1128 1647 1198 1667; x_wconf 87' lang='lat' dir='ltr'>cum</span> <span class='ocrx_word' id='word_1_237' title='bbox 1214 1636 1293 1666; x_wconf 88' lang='lat' dir='ltr'>dixit</span> <span class='ocrx_word' id='word_1_238' title='bbox 1308 1636 1374 1666; x_wconf 87' lang='lat' dir='ltr'>Sat.</span> <span class='ocrx_word' id='word_1_239' title='bbox 1389 1635 1430 1666; x_wconf 88' lang='lat' dir='ltr'>vi.</span> <span class='ocrx_word' id='word_1_240' title='bbox 1446 1636 1499 1666; x_wconf 84' lang='lat'>63.</span> 
     </span>
    </p>

    <p class='ocr_par' dir='ltr' id='par_1_24' title="bbox 927 1685 1546 1716">
     <span class='ocr_line' id='line_1_45' title="bbox 927 1685 1546 1716; baseline 0 -1"><span class='ocrx_word' id='word_1_241' title='bbox 927 1685 1126 1716; x_wconf 79' lang='lat' dir='ltr'>Chirona-mon</span> <span class='ocrx_word' id='word_1_242' title='bbox 1156 1685 1277 1716; x_wconf 81' lang='lat' dir='ltr'>Laedam</span> <span class='ocrx_word' id='word_1_243' title='bbox 1306 1685 1389 1715; x_wconf 85' lang='lat' dir='ltr'>molli</span> <span class='ocrx_word' id='word_1_244' title='bbox 1416 1685 1546 1716; x_wconf 79' lang='lat' dir='ltr'>saltante</span> 
     </span>
    </p>

    <p class='ocr_par' dir='ltr' id='par_1_25' title="bbox 880 1735 1548 1915">
     <span class='ocr_line' id='line_1_46' title="bbox 1012 1735 1168 1776; baseline 0 -11"><span class='ocrx_word' id='word_1_245' title='bbox 1012 1735 1168 1776; x_wconf 76' lang='lat' dir='ltr'>Bathyllo.</span> 
     </span>
     <span class='ocr_line' id='line_1_47' title="bbox 881 1784 1545 1826; baseline 0 -12"><span class='ocrx_word' id='word_1_246' title='bbox 881 1784 1037 1826; x_wconf 77' lang='lat' dir='ltr'>Designat</span> <span class='ocrx_word' id='word_1_247' title='bbox 1056 1784 1296 1826; x_wconf 82' lang='lat' dir='ltr'>gesticulatione</span> <span class='ocrx_word' id='word_1_248' title='bbox 1316 1794 1466 1815; x_wconf 83' lang='lat' dir='ltr'>manuum</span> <span class='ocrx_word' id='word_1_249' title='bbox 1483 1784 1545 1815; x_wconf 83' lang='lat' dir='ltr'>sal-</span> 
     </span>
     <span class='ocr_line' id='line_1_48' title="bbox 880 1834 1548 1877; baseline 0.001 -13"><span class='ocrx_word' id='word_1_250' title='bbox 880 1834 1029 1866; x_wconf 85' lang='lat' dir='ltr'>tationem</span> <span class='ocrx_word' id='word_1_251' title='bbox 1044 1834 1243 1877; x_wconf 86' lang='lat' dir='ltr'>potissimum</span> <span class='ocrx_word' id='word_1_252' title='bbox 1252 1834 1347 1865; x_wconf 86' lang='lat' dir='ltr'>fuisse</span> <span class='ocrx_word' id='word_1_253' title='bbox 1360 1834 1548 1866; x_wconf 81' lang='lat' dir='ltr'>confectam.</span> 
     </span>
     <span class='ocr_line' id='line_1_49' title="bbox 880 1883 997 1915; baseline 0.017 -2"><span class='ocrx_word' id='word_1_254' title='bbox 880 1883 997 1915; x_wconf 78' lang='lat' dir='ltr'>HmNs.</span> 
     </span>
    </p>

    <p class='ocr_par' dir='ltr' id='par_1_26' title="bbox 871 1934 1550 2164">
     <span class='ocr_line' id='line_1_50' title="bbox 925 1934 1546 1976; baseline 0.002 -12"><span class='ocrx_word' id='word_1_255' title='bbox 925 1935 999 1965; x_wconf 88' lang='grc'>335.</span> <span class='ocrx_word' id='word_1_256' title='bbox 1036 1934 1099 1965; x_wconf 86' lang='lat' dir='ltr'>Fac</span> <span class='ocrx_word' id='word_1_257' title='bbox 1129 1940 1226 1965; x_wconf 42' lang='lat' dir='ltr'>tecum.</span> <span class='ocrx_word' id='word_1_258' title='bbox 1255 1934 1353 1964; x_wconf 76' lang='lat' dir='ltr'>multa</span> <span class='ocrx_word' id='word_1_259' title='bbox 1378 1935 1546 1976; x_wconf 64' lang='lat' dir='ltr'>loquatur]</span> 
     </span>
     <span class='ocr_line' id='line_1_51' title="bbox 881 1984 1546 2021; baseline 0 -7"><span class='ocrx_word' id='word_1_260' title='bbox 881 1985 1061 2016; x_wconf 88' lang='lat' dir='ltr'>Puteaneus</span> <span class='ocrx_word' id='word_1_261' title='bbox 1087 1995 1177 2020; x_wconf 84' lang='lat' dir='ltr'>unus,</span> <span class='ocrx_word' id='word_1_262' title='bbox 1198 1990 1296 2015; x_wconf 81' lang='lat' dir='ltr'>tecam</span> <span class='ocrx_word' id='word_1_263' title='bbox 1323 1991 1370 2014; x_wconf 78' lang='lat' dir='ltr'>ut.</span> <span class='ocrx_word' id='word_1_264' title='bbox 1406 1984 1546 2021; x_wconf 85' lang='lat' dir='ltr'>mallem,</span> 
     </span>
     <span class='ocr_line' id='line_1_52' title="bbox 871 2035 1550 2075; baseline -0.003 -10"><span class='ocrx_word' id='word_1_265' title='bbox 871 2035 932 2075; x_wconf 82' lang='lat' dir='ltr'>fac</span> <span class='ocrx_word' id='word_1_266' title='bbox 951 2041 1059 2070; x_wconf 79' lang='lat' dir='ltr'>tecum,</span> <span class='ocrx_word' id='word_1_267' title='bbox 1075 2041 1103 2064; x_wconf 80' lang='lat' dir='ltr'>et</span> <span class='ocrx_word' id='word_1_268' title='bbox 1126 2035 1235 2070; x_wconf 78' lang='lat' dir='ltr'>malta,</span> <span class='ocrx_word' id='word_1_269' title='bbox 1253 2035 1405 2074; x_wconf 67' lang='lat' dir='ltr'>loquatur.</span> <span class='ocrx_word' id='word_1_270' title='bbox 1429 2039 1550 2064; x_wconf 86' lang='lat' dir='ltr'>crescet</span> 
     </span>
     <span class='ocr_line' id='line_1_53' title="bbox 881 2083 1550 2115; baseline 0 -1"><span class='ocrx_word' id='word_1_271' title='bbox 881 2084 965 2115; x_wconf 87' lang='lat' dir='ltr'>enim</span> <span class='ocrx_word' id='word_1_272' title='bbox 988 2084 1096 2115; x_wconf 90' lang='lat' dir='ltr'>odium</span> <span class='ocrx_word' id='word_1_273' title='bbox 1117 2089 1150 2115; x_wconf 86' lang='lat' dir='ltr'>et</span> <span class='ocrx_word' id='word_1_274' title='bbox 1165 2083 1326 2114; x_wconf 84' lang='lat' dir='ltr'>fastidium</span> <span class='ocrx_word' id='word_1_275' title='bbox 1349 2094 1386 2114; x_wconf 85' lang='lat' dir='ltr'>ex</span> <span class='ocrx_word' id='word_1_276' title='bbox 1404 2083 1503 2114; x_wconf 89' lang='lat' dir='ltr'>multo</span> <span class='ocrx_word' id='word_1_277' title='bbox 1518 2089 1550 2114; x_wconf 89' lang='lat' dir='ltr'>et</span> 
     </span>
     <span class='ocr_line' id='line_1_54' title="bbox 881 2134 1344 2164; baseline -0.006 0"><span class='ocrx_word' id='word_1_278' title='bbox 881 2134 1014 2164; x_wconf 79' lang='lat' dir='ltr'>barbaro</span> <span class='ocrx_word' id='word_1_279' title='bbox 1028 2144 1180 2164; x_wconf 85' lang='lat' dir='ltr'>sermone.</span> <span class='ocrx_word' id='word_1_280' title='bbox 1226 2134 1344 2163; x_wconf 72' lang='lat' dir='ltr'>Bumr.</span> 
     </span>
    </p>

    <p class='ocr_par' dir='ltr' id='par_1_27' title="bbox 882 2182 1550 2319">
     <span class='ocr_line' id='line_1_55' title="bbox 925 2182 1550 2223; baseline -0.005 -9"><span class='ocrx_word' id='word_1_281' title='bbox 925 2184 999 2214; x_wconf 87' lang='lat'>337.</span> <span class='ocrx_word' id='word_1_282' title='bbox 1028 2183 1122 2214; x_wconf 81' lang='lat' dir='ltr'>Omne</span> <span class='ocrx_word' id='word_1_283' title='bbox 1142 2184 1264 2223; x_wconf 67' lang='lat' dir='ltr'>papilla?</span> <span class='ocrx_word' id='word_1_284' title='bbox 1290 2183 1401 2212; x_wconf 76' lang='lat' dir='ltr'>Pectus</span> <span class='ocrx_word' id='word_1_285' title='bbox 1423 2182 1550 2212; x_wconf 74' lang='lat' dir='ltr'>habent.-</span> 
     </span>
     <span class='ocr_line' id='line_1_56' title="bbox 882 2230 1550 2273; baseline -0.003 -10"><span class='ocrx_word' id='word_1_286' title='bbox 882 2232 1096 2273; x_wconf 67' lang='lat' dir='ltr'>vitiamfascia</span> <span class='ocrx_word' id='word_1_287' title='bbox 1113 2234 1202 2263; x_wconf 76' lang='lat' dir='ltr'>nulla</span> <span class='ocrx_word' id='word_1_288' title='bbox 1215 2232 1323 2273; x_wconf 63' lang='lat' dir='ltr'>legat]</span> <span class='ocrx_word' id='word_1_289' title='bbox 1349 2230 1400 2262; x_wconf 85' lang='lat' dir='ltr'>Sic</span> <span class='ocrx_word' id='word_1_290' title='bbox 1413 2231 1550 2262; x_wconf 83' lang='lat' dir='ltr'>Martia-</span> 
     </span>
     <span class='ocr_line' id='line_1_57' title="bbox 882 2281 1101 2319; baseline 0 -7"><span class='ocrx_word' id='word_1_291' title='bbox 882 2281 931 2319; x_wconf 91' lang='lat' dir='ltr'>lis,</span> <span class='ocrx_word' id='word_1_292' title='bbox 947 2281 1010 2312; x_wconf 87' lang='lat' dir='ltr'>xiv.</span> <span class='ocrx_word' id='word_1_293' title='bbox 1029 2282 1101 2312; x_wconf 82' lang='lat'>134.</span> 
     </span>
    </p>

    <p class='ocr_par' dir='ltr' id='par_1_28' title="bbox 927 2331 1551 2367">
     <span class='ocr_line' id='line_1_58' title="bbox 927 2331 1551 2367; baseline -0.003 -6"><span class='ocrx_word' id='word_1_294' title='bbox 927 2331 1032 2362; x_wconf 79' lang='lat' dir='ltr'>Fascia</span> <span class='ocrx_word' id='word_1_295' title='bbox 1063 2331 1213 2361; x_wconf 77' lang='lat' dir='ltr'>luctantes</span> <span class='ocrx_word' id='word_1_296' title='bbox 1246 2332 1370 2360; x_wconf 76' lang='lat' dir='ltr'>domina:</span> <span class='ocrx_word' id='word_1_297' title='bbox 1407 2338 1551 2367; x_wconf 76' lang='lat' dir='ltr'>compesce</span> 
     </span>
    </p>

    <p class='ocr_par' dir='ltr' id='par_1_29' title="bbox 877 2378 1550 2609">
     <span class='ocr_line' id='line_1_59' title="bbox 1008 2378 1503 2420; baseline -0.006 -10"><span class='ocrx_word' id='word_1_298' title='bbox 1008 2381 1150 2420; x_wconf 81' lang='lat' dir='ltr'>papillas.</span> <span class='ocrx_word' id='word_1_299' title='bbox 1383 2378 1503 2408; x_wconf 69' lang='lat' dir='ltr'>HmNs.</span> 
     </span>
     <span class='ocr_line' id='line_1_60' title="bbox 877 2427 1543 2463; baseline -0.009 -1"><span class='ocrx_word' id='word_1_300' title='bbox 877 2430 952 2463; x_wconf 80' lang='lat' dir='ltr'>Vid.</span> <span class='ocrx_word' id='word_1_301' title='bbox 968 2429 1009 2461; x_wconf 85' lang='lat' dir='ltr'>ad</span> <span class='ocrx_word' id='word_1_302' title='bbox 1021 2429 1068 2460; x_wconf 89' lang='lat' dir='ltr'>iii.</span> <span class='ocrx_word' id='word_1_303' title='bbox 1082 2429 1152 2460; x_wconf 87' lang='lat' dir='ltr'>Art.</span> <span class='ocrx_word' id='word_1_304' title='bbox 1166 2428 1240 2459; x_wconf 79' lang='lat'>274.</span> <span class='ocrx_word' id='word_1_305' title='bbox 1253 2428 1285 2458; x_wconf 86' lang='lat' dir='ltr'>in</span> <span class='ocrx_word' id='word_1_306' title='bbox 1300 2427 1460 2458; x_wconf 83' lang='lat' dir='ltr'>Martialis</span> <span class='ocrx_word' id='word_1_307' title='bbox 1475 2427 1543 2457; x_wconf 90' lang='lat' dir='ltr'>loco</span> 
     </span>
     <span class='ocr_line' id='line_1_61' title="bbox 877 2477 1547 2520; baseline -0.007 -9"><span class='ocrx_word' id='word_1_308' title='bbox 877 2486 1041 2511; x_wconf 79' lang='lat' dir='ltr'>crescentes</span> <span class='ocrx_word' id='word_1_309' title='bbox 1057 2478 1181 2520; x_wconf 86' lang='lat' dir='ltr'>legitur.</span> <span class='ocrx_word' id='word_1_310' title='bbox 1206 2477 1237 2507; x_wconf 91' lang='lat' dir='ltr'>in</span> <span class='ocrx_word' id='word_1_311' title='bbox 1256 2478 1381 2507; x_wconf 88' lang='lat' dir='ltr'>Moreto</span> <span class='ocrx_word' id='word_1_312' title='bbox 1397 2487 1474 2507; x_wconf 88' lang='lat' dir='ltr'>vers.</span> <span class='ocrx_word' id='word_1_313' title='bbox 1492 2477 1547 2507; x_wconf 85' lang='lat'>34.</span> 
     </span>
     <span class='ocr_line' id='line_1_62' title="bbox 880 2524 1550 2570; baseline -0.006 -11"><span class='ocrx_word' id='word_1_314' title='bbox 880 2528 994 2570; x_wconf 86' lang='lat' dir='ltr'>legitur</span> <span class='ocrx_word' id='word_1_315' title='bbox 1008 2527 1041 2558; x_wconf 91' lang='lat' dir='ltr'>in</span> <span class='ocrx_word' id='word_1_316' title='bbox 1057 2526 1248 2558; x_wconf 87' lang='lat' dir='ltr'>editionibus</span> <span class='ocrx_word' id='word_1_317' title='bbox 1260 2524 1409 2566; x_wconf 76' lang='lat' dir='ltr'>antiquis,</span> <span class='ocrx_word' id='word_1_318' title='bbox 1424 2524 1550 2555; x_wconf 77' lang='lat' dir='ltr'>Pectora</span> 
     </span>
     <span class='ocr_line' id='line_1_63' title="bbox 882 2577 1238 2609; baseline -0.011 0"><span class='ocrx_word' id='word_1_319' title='bbox 882 2581 946 2609; x_wconf 79' lang='lat' dir='ltr'>lata</span> <span class='ocrx_word' id='word_1_320' title='bbox 964 2583 1079 2608; x_wconf 80' lang='lat' dir='ltr'>tument</span> <span class='ocrx_word' id='word_1_321' title='bbox 1095 2577 1238 2606; x_wconf 81' lang='lat' dir='ltr'>mammis.</span> 
     </span>
    </p>

    <p class='ocr_par' dir='ltr' id='par_1_30' title="bbox 884 2622 1552 2768">
     <span class='ocr_line' id='line_1_64' title="bbox 926 2622 1550 2664; baseline -0.005 -7"><span class='ocrx_word' id='word_1_322' title='bbox 926 2628 1002 2658; x_wconf 83' lang='lat'>344.</span> <span class='ocrx_word' id='word_1_323' title='bbox 1019 2627 1097 2656; x_wconf 87' lang='lat' dir='ltr'>Pars</span> <span class='ocrx_word' id='word_1_324' title='bbox 1109 2627 1231 2655; x_wconf 81' lang='lat' dir='ltr'>minima</span> <span class='ocrx_word' id='word_1_325' title='bbox 1243 2624 1313 2664; x_wconf 53' lang='lat' dir='ltr'>esu]</span> <span class='ocrx_word' id='word_1_326' title='bbox 1335 2622 1451 2660; x_wconf 84' lang='lat' dir='ltr'>Livius,</span> <span class='ocrx_word' id='word_1_327' title='bbox 1464 2623 1550 2655; x_wconf 84' lang='lat' dir='ltr'>xxvi.</span> 
     </span>
     <span class='ocr_line' id='line_1_65' title="bbox 884 2673 1552 2714; baseline -0.009 -6"><span class='ocrx_word' id='word_1_328' title='bbox 884 2678 939 2708; x_wconf 84' lang='lat'>47.</span> <span class='ocrx_word' id='word_1_329' title='bbox 956 2677 1112 2706; x_wconf 74' lang='lat' dir='ltr'>minimum</span> <span class='ocrx_word' id='word_1_330' title='bbox 1129 2678 1208 2706; x_wconf 74' lang='lat' dir='ltr'>inter</span> <span class='ocrx_word' id='word_1_331' title='bbox 1224 2680 1325 2705; x_wconf 77' lang='lat' dir='ltr'>tantas</span> <span class='ocrx_word' id='word_1_332' title='bbox 1339 2684 1402 2714; x_wconf 78' lang='lat' dir='ltr'>opes</span> <span class='ocrx_word' id='word_1_333' title='bbox 1421 2673 1552 2704; x_wconf 78' lang='lat' dir='ltr'>Cartha-</span> 
     </span>
     <span class='ocr_line' id='line_1_66' title="bbox 884 2727 1121 2768; baseline -0.008 -12"><span class='ocrx_word' id='word_1_334' title='bbox 884 2739 921 2768; x_wconf 78' lang='lat' dir='ltr'>go</span> <span class='ocrx_word' id='word_1_335' title='bbox 936 2729 998 2767; x_wconf 81' lang='lat' dir='ltr'>ipsa</span> <span class='ocrx_word' id='word_1_336' title='bbox 1005 2727 1121 2767; x_wconf 77' lang='lat' dir='ltr'>suerit.</span> 
     </span>
    </p>

    <p class='ocr_par' dir='ltr' id='par_1_31' title="bbox 956 2779 1020 2808">
     <span class='ocr_line' id='line_1_67' title="bbox 956 2779 1020 2808; baseline -0.016 0"><span class='ocrx_word' id='word_1_337' title='bbox 956 2779 985 2808; x_wconf 88' lang='lat' dir='ltr'>H</span> <span class='ocrx_word' id='word_1_338' title='bbox 1002 2779 1020 2807; x_wconf 87' lang='lat'>4</span> 
     </span>
    </p>
   </div>
  </div>
 </body>
</html>
