1760 3172
403 161 714 206 TRISTIUM
747 161 866 203 LIB.
902 159 994 202 III.
1029 160 1209 202 ELEG.
1244 161 1309 202 X.

1470 162 1551 203 251

163 279 312 343 Saepe
337 286 515 327 sonant
536 278 657 325 moti
683 276 840 339 glacie
867 276 1119 340 pendente
1145 276 1328 339 capilli,

229 357 295 405 Et
318 357 444 405 nitet
468 357 672 403 inducto
694 354 909 402 eandida
933 354 1090 401 barba
1113 354 1257 415 gelu:

162 433 414 498 Nudaque
433 433 715 481 consistunt
739 431 947 479 formam
973 430 1220 478 servantia
1244 438 1386 478 testae

224 511 356 559 Vina
357 499 515 586 j‘nec
540 511 720 558 hausta
745 510 881 564 meri,
911 508 998 555 sed
1025 508 1145 555 data
1163 507 1321 554 frusta
1341 508 1534 556 bibunt.

160 588 295 643 Quid
318 588 511 652 loquar,
539 595 594 635 ut
617 587 771 634 vincti
798 592 1126 650 concrescant
1149 584 1328 647 frigore
1355 584 1458 640 rivi,
1493 589 1555 632 25

227 664 408 728 Deque
432 666 546 711 lacu
570 664 768 726 fragiles
794 663 1091 710 effodiantur
1115 662 1289 724 aquae?

160 740 294 806 Ipse,
322 740 606 805 papyrifero
633 742 730 805 qui·
746 756 844 786 non
870 739 1126 801 angustior
1153 754 1314 794 amne,

226 817 472 865 Miscetur
495 823 635 864 vasto
660 817 818 863 multa
842 831 930 879 per
955 831 1040 862 ora
1064 815 1204 871 freto,

162 893 418 942 Caeruleos
442 893 604 959 ventis
630 893 805 940 latices
831 892 1144 948 durantibus,
1173 892 1302 939 Ister

229 960 570 1096 CongelaJet
594 969 742 1017 tectis
769 969 818 1015 in
843 984 979 1016 mare
1006 969 1161 1032 serpit
1186 969 1345 1032 aquis.
1493 972 1557 1015 30

160 1047 376 1111 Quaque
401 1064 455 1095 ra

480 1064 532 1095 es
558 1048 732 1103 ierant,
761 1046 973 1110 pedibus
999 1062 1130 1093 nunc
1157 1046 1255 1092 itur
1272 1046 1309 1109 ᾖ
1324 1052 1374 1092 et
1398 1046 1556 1092 undas

228 1125 430 1188 Frigore
451 1132 711 1173 concretas
737 1124 926 1186 ungula
950 1124 1118 1187 pulsat
1143 1123 1277 1185 equi.

158 1201 357 1265 Perque
382 1219 536 1250 novos
562 1209 761 1266 pontes,
790 1202 961 1249 subter
985 1201 1270 1249 labentibus
1294 1200 1456 1255 undis,

227 1279 433 1327 Ducunt
459 1279 725 1327 Sarmatici
750 1279 966 1326 barbara
989 1279 1213 1342 plaustra
1237 1279 1406 1325 boves.

157 1355 257 1404 Vix
280 1356 516 1420 equidem
543 1356 715 1403 credar
734 1354 874 1421 :jsed
901 1371 1055 1418 quum
1082 1355 1181 1402 sint
1220 1355 1423 1419 praemia
1448 1354 1556 1401 salsi

226 1423 418 1531 Nullajf
423 1439 580 1481 ratam
605 1432 748 1480 testis
775 1432 928 1479 debet
953 1432 1138 1480 habere
1163 1432 1330 1479 fidem.
1494 1435 1556 1478 36

157 1577 311 1619 quidquid
325 1577 397 1609 libri
409 1583 530 1609 veteres
545 1576 732 1608 dissentiunt
745 1589 750 1606 :
768 1587 822 1608 ne-

156 1637 218 1668 que
241 1626 292 1658 hic
315 1633 458 1666 tantum;
481 1627 536 1658 sed
560 1632 592 1657 et
614 1626 669 1657 lib.
686 1637 715 1657 v.
732 1626 822 1667 Eleg.

156 1675 209 1706 vii.
224 1686 288 1707 ver.
305 1677 345 1707 49
359 1688 365 1706 ι

201 1725 336 1756 Pellibus
355 1732 383 1756 et
399 1726 473 1756 laxis
487 1732 593 1757 arcent
609 1725 683 1755 male
693 1725 821 1767 frigora

168 1810 171 1811 7
284 1776 407 1806 braccis.

200 1823 352 1865 Braccis.]
378 1824 502 1855 Bracca
527 1830 574 1855 est
596 1835 655 1854 vox
680 1823 817 1859 Gallica,

156 1873 294 1916 appellat
309 1873 486 1905 Herodotus
498 1872 707 1915 ἀναξυρίδας.

199 1923 252 1954 20.
276 1922 395 1964 Oraque
410 1925 446 1953 de
461 1922 548 1963 tota]
575 1921 686 1953 Facies
702 1926 823 1953 tantum

156 1982 218 2003 non
232 1973 421 2004 occultatur.
465 1973 596 2004 Bnizsn.

199 2022 252 2052 22.
269 2021 409 2053 Candida
421 2021 538 2062 barba]
565 2021 664 2058 Cana,
677 2032 732 2051 seu
745 2030 820 2051 can-

155 2069 230 2102 dida
249 2070 332 2102 facta
346 2071 429 2112 gelu,
446 2076 477 2102 et
492 2070 583 2112 quasi
602 2071 759 2112 argenteis
774 2079 822 2100 ra-

155 2119 269 2151 mentis
281 2120 441 2162 adspersa.
486 2121 590 2152 Poxr.

198 2169 252 2200 23.
280 2169 431 2210 Udaque]
459 2169 509 2200 Sic
523 2180 539 2200 e
551 2169 630 2200 libro
644 2168 819 2200 Combiano

155 2218 311 2260 rescripsit
339 2218 500 2255 Heinsius,
530 2219 632 2250 minus
668 2219 819 2260 probante

154 2266 346 2304 Burmanno,
370 2267 421 2298 cui
450 2268 588 2309 vulgaris
618 2268 711 2299 lectio
737 2270 818 2298 undu

155 2325 217 2346 non
239 2315 394 2358 displicet,
411 2322 446 2347 ut
469 2316 531 2347 sint
550 2319 633 2348 nuda
656 2319 727 2348 rina
745 2328 819 2348 con-

155 2364 304 2405 glaciata,
315 2365 370 2395 sed
386 2376 455 2406 quae
472 2366 559 2396 nulla
573 2371 664 2401 testa.
676 2366 725 2397 vel
737 2365 821 2397 dolio

155 2413 339 2450 vestiuntur,
350 2414 394 2444 ita
407 2420 442 2445 ut
454 2415 553 2445 securi
567 2415 684 2457 possint
699 2415 731 2445 in
743 2416 820 2446 frus-

153 2467 187 2492 ta
201 2461 362 2498 dissecari,
375 2468 406 2493 et
423 2463 564 2495 homines
579 2465 677 2495 frusta
692 2464 821 2503 bibant3

155 2512 218 2541 uda
232 2521 304 2542 vero
324 2511 396 2542 ideo
411 2511 439 2542 ei
462 2523 524 2542 non
539 2514 654 2554 placet,
671 2513 745 2554 quia
759 2524 821 2543 non

157 2559 260 2601 agitur
272 2559 311 2590 de
327 2559 391 2591 vini
412 2560 600 2597 conditione,
616 2561 648 2592 in
668 2573 731 2603 qua
751 2561 821 2597 fuit,

155 2614 325 2650 antequam
355 2609 542 2650 congelaret,
571 2611 626 2641 sed
656 2617 822 2652 postquam

157 2657 330 2690 constiterit
345 2659 431 2699 gelu,
445 2664 476 2689 et
497 2658 530 2689 in
545 2659 680 2700 glaciem
698 2660 822 2696 coieret‚

156 2712 191 2738 ut
206 2706 251 2738 ita
271 2707 484 2749 moxfragiles
498 2719 591 2748 aquae,
610 2719 670 2740 non
686 2708 822 2739 humidae

889 1576 1089 1608 effodiuntur.
1135 1578 1284 1608 HAntrs.

933 1627 985 1656 26.
1011 1625 1172 1656 Ciofanius
1196 1626 1336 1661 tradidit,
1362 1635 1394 1655 se
1418 1635 1436 1655 a
1459 1624 1559 1655 doctis

889 1675 1017 1705 Polonis
1033 1675 1163 1706 relatum
1177 1675 1347 1717 accepisse,
1359 1675 1441 1705 hunc
1455 1675 1556 1705 locum

890 1725 1038 1756 hodierno
1068 1725 1119 1755 die
1148 1726 1336 1756 Polonorum
1361 1725 1470 1766 lingua
1494 1724 1557 1754 dici

892 1775 1167 1815 Ort-idomejezioro,
1184 1775 1268 1816 quod
1285 1774 1379 1805 latine
1395 1780 1458 1804 est:
1487 1774 1557 1804 Ovi-

889 1825 933 1854 dii
949 1826 1042 1854 lacus.
1088 1824 1145 1854 Est
1160 1830 1265 1854 autem
1284 1834 1344 1854 non
1357 1823 1447 1864 longe
1465 1832 1482 1852 a
1498 1822 1557 1852 Ki-

888 1873 969 1909 ovia,
987 1884 1056 1914 quae
1075 1873 1261 1915 antiquitus,
1275 1878 1309 1903 ut
1324 1878 1448 1914 putant,
1466 1882 1558 1902 voca-

889 1924 980 1953 batur
994 1923 1100 1953 Tomis
1122 1922 1219 1964 ipsius
1235 1921 1342 1953 Ovidii
1368 1921 1557 1962 relegatione

890 1972 985 2003 clara.
1031 1972 1182 2002 Harmas.

934 2022 987 2051 27.
1014 2021 1197 2063 Papyrzfero
1223 2020 1334 2060 anina]
1361 2019 1436 2050 Nilo
1460 2029 1557 2061 papy-

891 2081 958 2102 rum
975 2070 1106 2101 ferente.

930 2121 983 2150 28.
1008 2120 1111 2150 Multa
1135 2131 1188 2159 per
1215 2119 1295 2160 orm]
1323 2119 1448 2160 Septem
1475 2118 1556 2149 enim

887 2169 973 2200 ostiis
992 2169 1127 2199 Pontum
1144 2168 1257 2199 influit.

930 2220 982 2249 29.
1010 2218 1157 2249 Caeruleos
1175 2217 1305 2258 latices]
1336 2216 1444 2258 Aquas
1460 2217 1558 2249 fluen-

888 2276 934 2299 tes
965 2274 996 2299 et
1024 2268 1185 2299 caeruleas.
1235 2268 1336 2297 Ventis
1365 2268 1558 2296 durantibus.

888 2317 1001 2348 Ventis
1032 2316 1298 2357 adstringentibus
1324 2322 1356 2346 et
1388 2315 1557 2356 congelan-

889 2367 984 2397 tibus.

935 2416 986 2446 30.
1027 2415 1123 2445 Tectis
1151 2414 1264 2454 aquis]
1303 2413 1464 2455 Coopertis
1492 2413 1559 2455 ipsa

889 2464 1001 2506 glacie.
1048 2463 1089 2494 In
1111 2475 1201 2494 mare.
1248 2464 1285 2494 In
1308 2463 1442 2493 Pontum
1461 2463 1558 2493 Euxi-

890 2525 977 2544 num.

935 2564 987 2594 33.
1015 2563 1075 2593 Per
1098 2572 1183 2592 noi-as
1205 2561 1334 2601 pontes]
1372 2561 1477 2592 Novos
1504 2561 1559 2591 ad-

891 2613 988 2654 pellat
1004 2611 1146 2653 glaciem,
1167 2612 1223 2642 sub
1240 2621 1302 2652 qua
1320 2610 1414 2641 currit
1430 2610 1509 2642 Ister
1527 2610 1559 2641 in

893 2661 1038 2693 Pontum.
1085 2660 1203 2691 mes.
