1760 3172
224 156 309 197 450

616 154 665 194 P.
700 152 913 195 OVIDII
949 152 1229 194 NASONIS

229 272 499 333 Quumque
520 270 691 316 labent
713 268 811 326 alii,
827 270 1120 332 jactataque
1137 269 1247 316 vela
1265 268 1564 332 relinquant,
1587 273 1615 317 5

209 335 214 339 .
294 347 370 393 Tu
396 347 572 394 lacerae
599 362 824 393 remanes
850 346 1064 393 anchora
1089 347 1195 393 sola
1219 346 1327 393 rati.

230 425 386 472 Grata
412 432 496 471 tua
520 431 597 470 est
621 423 772 486 igitur
797 423 957 487 pietas
977 441 988 484 :v
1014 423 1320 486 ignoscimus
1346 423 1458 479 illis,

294 501 392 556 Qui
418 517 531 548 cum
557 499 753 547 fortuna
777 507 917 562 terga
941 491 1125 547 dedere
1150 500 1296 563 fugae.

228 579 395 634 Quum
416 578 594 626 feriant
618 595 787 632 unum,
816 594 911 624 non
935 594 1088 624 unum
1113 577 1321 624 fulmina
1344 583 1548 632 terrent,

293 656 323 703 J
328 664 578 719 unctaque
604 671 841 719 percusso
867 656 1011 702 turba
1036 671 1215 719 pavere
1242 655 1395 701 solet:
1559 656 1617 699 lO

229 733 497 796 Quumque
523 732 662 779 dedit
687 733 849 796 paries
874 740 1094 779 venturae
1122 732 1265 794 signa
1287 731 1457 786 ruinae,

296 810 519 857 Sollicito
544 825 729 856 vacuus
755 808 810 855 fit
833 808 972 856 locus
999 809 1079 856 ille
1105 817 1259 857 metu.

229 887 353 942 Quis
379 904 476 934 non
502 903 528 934 e
554 886 741 934 timidis
768 887 884 949 aegri
910 887 1142 949 contagia
1166 887 1304 942 vitat,

294 964 526 1012 Vicinum
548 971 775 1012 metuens
801 981 863 1030 ne
888 964 1052 1011 trahat
1077 964 1192 1012 inde
1219 963 1436 1011 malum?

228 1041 315 1089 Me
341 1057 545 1105 quoque
571 1041 841 1089 amicorum
868 1041 1018 1088 nimio
1043 1048 1228 1089 terrore
1253 1048 1508 1103 metuque,
1558 1041 1614 1085 15

295 1117 410 1165 Non
435 1118 564 1174 odio,
587 1118 792 1181 quidam
817 1118 1089 1165 destituere
1114 1118 1228 1165 mei.

230 1195 345 1243 Non
371 1195 466 1242 illis
492 1195 670 1259 pietas,
697 1211 794 1242 non
821 1195 1038 1242 officiosa
1061 1195 1289 1242 voluntas

297 1272 497 1320 Defuit:
538 1273 770 1320 adversos
790 1272 1065 1319 extimuere
1093 1271 1246 1319 Deos.

232 1350 404 1413 thue
428 1346 587 1412 magis
614 1349 746 1396 cauti
772 1356 984 1413 possunt
1008 1349 1271 1413 timidique
1296 1348 1469 1406 videri,

297 1427 380 1474 Sic
407 1427 648 1491 adpellari
674 1443 771 1474 non
798 1444 1023 1475 meruere
1047 1428 1180 1475 mali.

1552 1430 1616 1473 20

227 1505 295 1552 At
318 1522 458 1553 meus
484 1513 694 1553 excusat
718 1521 858 1553 caros
885 1506 954 1553 ita
978 1506 1163 1553 candor
1188 1506 1392 1562 amiCOS,

296 1582 468 1646 thue
494 1583 711 1630 habeant
736 1583 797 1631 de
824 1599 902 1630 me
929 1583 1135 1630 crimina
1159 1584 1308 1640 nulla,
1336 1583 1482 1631 favet.

229 1659 341 1707 Sint
365 1661 456 1707 hac
483 1661 705 1708 contenti
731 1661 890 1717 venia,
919 1661 1220 1724 signentque
1245 1661 1415 1709 licebit

294 1737 504 1801 Purgari
529 1739 731 1795 facturn,
759 1755 838 1786 me
865 1730 1067 1802 quoque
1092 1746 1238 1794 teste,
1267 1755 1428 1785 suum.

226 1813 349 1863 Pars
375 1815 496 1863 estis
522 1817 667 1880 pauci
689 1817 867 1881 potior,
895 1817 980 1881 qui
1007 1818 1154 1865 rebus
1180 1817 1230 1864 in
1255 1816 1404 1864 arctis
1549 1819 1612 1863 25

293 1893 442 1941 Ferre
467 1895 587 1942 mihi
611 1896 799 1943 nullam
823 1903 968 1960 turpe
994 1894 1209 1960 putastis
1235 1911 1398 1959 opem.

269 2027 302 2057 5.
327 2026 508 2068 Jactataque
531 2029 596 2058 vela
619 2029 820 2070 relinquant]
846 2030 885 2060 Et

225 2074 367 2107 deferant
393 2077 464 2108 vela
487 2088 507 2108 a
525 2078 627 2109 ventis
653 2078 782 2120 agitata.
828 2079 887 2110 Per

225 2127 291 2156 vela
303 2132 419 2163 autem,
433 2126 578 2158 amicitiae
595 2128 688 2159 fidem
704 2135 735 2160 et
751 2129 885 2160 officium

225 2174 377 2217 intellige.

271 2225 300 2255 8.
329 2225 390 2260 Qui
418 2237 485 2257 cum
501 2226 635 2268 fortuna
668 2234 752 2269 terga
783 2229 888 2258 dedere

215 2274 334 2316 suga]
361 2275 468 2306 Scribe
480 2277 529 2307 vel
545 2276 650 2307 invitis
664 2277 787 2318 scriptis
802 2276 886 2307 codi-

225 2323 325 2360 cibus,
341 2336 407 2355 cum
420 2325 556 2367 *fortuna
579 2332 663 2368 terga
685 2328 790 2357 (ledere
813 2338 887 2357 mea.

228 2373 325 2415 Terga
344 2376 416 2404 dare
440 2385 494 2416 pro
507 2375 636 2417 fugere,
653 2375 801 2406 usitatum
819 2375 885 2406 No-

223 2427 296 2458 stro,
335 2428 365 2453 et
402 2423 538 2455 melioris
573 2425 631 2455 aevi
672 2424 884 2466 scriptoribus.

224 2471 341 2502 Hfflxs.
389 2472 450 2507 Qui
475 2484 543 2503 cum
557 2474 706 2514 fortuna.
740 2473 803 2510 Qui
833 2474 887 2504 ubi

225 2530 274 2551 me
291 2531 308 2551 a
326 2521 448 2552 fortuna
466 2529 653 2564 prostratum
667 2529 699 2554 et
713 2524 886 2564 relegatum

226 2568 342 2606 videre,
359 2576 524 2612 coeperunt
540 2572 658 2613 fugere.

266 2619 320 2649 23.
337 2619 436 2659 Ham]
454 2620 501 2650 Ex
513 2620 628 2651 Moreti
644 2620 752 2651 codice
768 2621 886 2662 recepit

225 2667 389 2699 Heinsius:
416 2670 446 2699 hi
462 2670 576 2700 Bavar.
599 2670 714 2701 Erfurt.
729 2676 792 2702 etc.
816 2672 882 2712 Sig-

224 2723 352 2758 nentque
368 2718 499 2759 vulgata
514 2718 619 2755 lectio,
635 2726 666 2750 et
682 2730 719 2750 ex
733 2720 802 2761 jure
820 2720 883 2750 Ro-

954 2039 1047 2060 mano
1061 2034 1163 2060 sumta
1179 2028 1216 2059 de
1233 2027 1374 2064 testibus,
1389 2027 1614 2071 subscriptione

954 2079 1119 2120 sigilloque
1142 2077 1262 2120 aliquid
1288 2077 1552 2109 confirmantibus.
1578 2079 1615 2110 Ρ.

954 2128 995 2159 iv.
1014 2129 1062 2159 15.
1080 2129 1128 2158 ll.
1167 2128 1347 2158 Burmanno
1363 2127 1517 2169 displicet,
1530 2129 1614 2169 quod

955 2177 1071 2208 nemini
1091 2177 1175 2208 credi
1196 2176 1303 2219 possit,
1319 2176 1372 2218 qui
1395 2177 1426 2207 in
1446 2187 1509 2207 rem
1525 2187 1614 2208 suam

954 2228 1065 2268 signet,
1085 2226 1138 2258 sed
1161 2233 1193 2257 ut
1213 2226 1300 2257 testis
1322 2226 1449 2257 alterius
1464 2226 1539 2257 facti
1554 2227 1612 2258 ali-

955 2276 1030 2318 quid
1054 2276 1224 2312 confirmet,
1245 2281 1287 2312 et,
1306 2286 1378 2306 cum
1399 2275 1514 2306 Ovidio
1535 2281 1615 2307 teste

955 2326 1071 2356 vellent
1087 2325 1143 2362 uti,
1160 2324 1212 2356 ille
1234 2325 1349 2366 signari
1368 2324 1536 2361 debuisset,
1552 2336 1614 2356 non

954 2375 1023 2407 isti:
1043 2386 1139 2416 quare
1153 2375 1463 2416 malletfingantque,
1480 2375 1538 2405 hoc
1555 2375 1614 2406 sibi

954 2425 1160 2466 persuadeant
1176 2431 1207 2455 et
1226 2426 1354 2466 fingant,
1371 2435 1419 2455 me
1434 2424 1528 2456 etiam
1543 2436 1612 2466 pro-

955 2474 1028 2504 bare
1041 2485 1146 2505 eorum
1160 2474 1371 2505 innocentiam
1382 2480 1413 2505 et
1423 2475 1541 2510 testari,
1553 2486 1614 2506 non

955 2522 1046 2554 fuisse
1078 2522 1109 2552 in
1139 2534 1245 2554 eorum
1282 2534 1386 2559 manu,
1414 2523 1492 2554 mihi
1522 2534 1613 2566 opem

955 2571 1042 2603 ferre.
1087 2572 1131 2603 At
1153 2572 1246 2608 enim,
1275 2572 1408 2603 Ovidius
1437 2572 1612 2615 scripserat,

953 2633 998 2651 me
1026 2633 1136 2662 quoque
1164 2628 1243 2658 teste,
1270 2628 1302 2652 et
1330 2621 1363 2652 in
1389 2632 1454 2653 voe.
1483 2624 1611 2663 signent,

953 2670 1037 2712 quod
1054 2681 1115 2701 non
1132 2677 1294 2708 mutarem,
1312 2670 1400 2712 fingit
1422 2676 1543 2702 tantum
1559 2681 1610 2702 ca-

952 2730 1030 2751 sum.
1068 2720 1216 2751 HAnLts.
