1760 3172
530 175 825 219 REMEDIA
857 176 1121 221 AMORIS.
1464 184 1523 225 93

129 289 262 344 Quin
287 291 438 338 etiam
464 293 711 340 accendas
736 292 871 349 vitia,
898 293 1161 358 irritesque
1186 298 1428 356 vetando;

195 367 524 432 Temporibus
550 370 590 417 si
616 385 714 417 non
740 371 1032 434 adgrediare
1058 373 1178 420 suis.

132 442 281 507 Ergo,
309 447 395 493 ubi
419 447 553 495 visus
579 447 674 495 eris
700 455 881 496 nostrae
907 449 1218 497 medicabilis
1245 452 1353 508 arti,

1434 455 1523 500 135

199 522 299 570 Fac
329 525 527 572 monitis
552 526 713 588 fugias
739 527 840 574 otia
863 528 1024 591 prima
1048 527 1187 575 meis.

134 597 272 657 Haec,
299 608 355 649 ut
378 619 532 659 ames,
559 603 774 653 faciunt:
814 605 938 662 haec,
968 613 1025 653 ut
1046 605 1224 661 fecere,
1252 612 1482 654 tuentur:

200 676 325 726 Haec
351 688 467 727 sunt
484 682 693 744 jucundi
718 698 898 729 caussa
921 682 1167 745 cibusque
1192 682 1326 729 mali.

135 754 254 803 Otia
278 757 318 803 si
343 758 504 814 tollas,
531 759 724 822 periere
751 759 1016 824 Cupidinis
1043 775 1205 815 arcus,

201 833 585 899 Contemtaeque
604 838 792 900 jacent,
821 844 871 884 et
895 837 1002 885 sine
1026 838 1154 892 luce,
1182 836 1334 884 faces.

1437 839 1529 884 140

137 911 301 967 Quam
326 913 556 976 platanus
579 914 692 962 vino
718 915 920 978 gaudet,
949 931 1101 979 quam
1122 915 1338 978 populus
1364 915 1519 971 unda,

204 987 270 1036 Et
294 1006 445 1052 quam
469 991 646 1039 limosa
670 1008 830 1040 canna
854 992 1089 1056 palustris
1115 991 1294 1049 humo3

137 1064 260 1113 Tam
286 1065 457 1114 Venus
483 1068 584 1116 otia
608 1076 758 1117 amat.
797 1069 884 1132 qui
904 1069 1054 1116 finem
1081 1068 1263 1133 quaeris
1289 1068 1487 1125 amoris,

205 1142 381 1205 (Cedit
405 1160 543 1192 amor
567 1145 738 1207 rebus)
763 1162 841 1193 res
868 1162 990 1209 age:
1032 1152 1169 1194 tutus
1196 1146 1310 1193 eris.

143 1218 389 1283 Languor,
417 1229 468 1270 et
491 1222 744 1279 immodici
770 1225 864 1271 sub
891 1223 1025 1270 nullo
1051 1223 1247 1270 vindice
1274 1221 1452 1278 somni,

207 1296 450 1362 Aleaque,
478 1307 529 1347 et
552 1300 708 1347 multo
733 1307 961 1363 tempora
986 1316 1172 1362 quassa
1196 1315 1348 1355 mero,

1445 1301 1536 1345 146

146 1372 377 1438 Eripiunt
400 1392 573 1424 omnes
599 1377 776 1424 animis
803 1377 910 1424 sine
930 1377 1134 1424 vulnere
1159 1392 1353 1432 nervos,

212 1451 404 1501 Adfluit
428 1453 641 1501 incautis
667 1454 934 1501 insidiosus
960 1453 1131 1500 Amor.

149 1529 405 1578 Desidiam
430 1548 555 1596 puer
578 1533 661 1580 ille
686 1532 827 1595 sequi
856 1532 999 1578 solet.
1039 1531 1145 1577 odit
1170 1537 1393 1593 agentes.

214 1606 294 1654 Da
317 1624 486 1656 vacuae
512 1609 682 1666 menti,
710 1624 811 1672 quo
836 1615 1079 1664 teneatur,
1108 1622 1252 1672 opus.

147 1796 205 1827 est,
222 1802 271 1823 ars
283 1803 353 1834 quae
370 1803 402 1824 se
424 1792 463 1824 ad
485 1793 633 1835 temporis
653 1793 812 1836 oportuni-

148 1847 246 1871 tatem
273 1841 441 1883 componit.
477 1842 522 1873 sic
553 1843 701 1883 Temporis
729 1855 814 1874 arma

149 1889 229 1921 dixit
242 1890 335 1921 Trist.
351 1890 392 1921 iv.
408 1891 460 1921 El.
474 1890 533 1922 ult.

194 1938 322 1970 Insolitd
337 1941 399 1979 cepi
415 1942 553 1980 temporis
566 1952 652 1971 arma
667 1952 772 1971 manu.

150 1989 258 2027 Arma',
274 1988 314 2020 ad
329 1984 399 2031 quae
414 1989 569 2031 capienda
589 1991 738 2032 temporis
758 2000 813 2021 ne-

152 2039 296 2070 cessitate
325 2039 550 2081 compellebar.
609 2040 673 2071 Ubi
704 2039 817 2071 frustra

153 2087 199 2119 vir
219 2088 374 2119 maximus
400 2094 464 2118 tum
480 2090 568 2129 prius
588 2081 720 2131 reponit.
736 2089 780 2120 sic
796 2089 818 2120 i.

155 2136 225 2168 Art.
240 2138 314 2169 357.

199 2187 313 2218 Medici
326 2199 439 2228 quoque
451 2182 582 2228 tempo'ra
595 2195 728 2219 servant.

155 2235 206 2267 De
227 2246 305 2267 voce
317 2236 391 2278 fere
413 2235 476 2268 vid.
492 2236 533 2268 ad
553 2236 653 2278 Epist.
666 2236 752 2268 xviii.
767 2237 820 2268 58.

156 2285 276 2317 HmNS.

202 2336 274 2366 137.
298 2335 383 2373 Haec,
405 2342 441 2366 ut
455 2335 572 2377 fecere,
598 2335 753 2376 tuentum]
780 2335 819 2366 In

156 2385 326 2421 nonnullis,
341 2386 400 2416 haec
412 2386 613 2427 quodfecere.
637 2386 751 2417 NAUG.
779 2384 821 2415 Ut

147 2434 253 2475 fecere
275 2434 383 2465 iidem.
405 2434 463 2465 hoc
490 2439 548 2470 est,
568 2434 634 2470 ubi,
655 2440 820 2476 postquam

159 2483 271 2520 fecere,
287 2489 341 2514 aut
361 2483 627 2525 quemadmodum
648 2484 762 2520 fecere,
779 2483 823 2513 ita

158 2537 190 2564 et
218 2537 354 2563 tuentur.
406 2531 504 2563 Multi
534 2531 600 2569 alii,
623 2543 687 2572 quae
706 2532 824 2574 fecere.

161 2581 281 2613 mes.
304 2580 368 2612 vid.
383 2580 422 2612 ad
438 2581 538 2623 Epist.
552 2581 593 2612 iv.
609 2582 662 2612 25.

208 2631 279 2661 141.
304 2630 402 2665 Quam
424 2632 569 2670 platanus
594 2633 658 2661 rivo
675 2631 820 2673 gaudem]

163 2680 249 2710 Limo
263 2685 325 2711 tres
339 2678 456 2722 scripti.
473 2680 528 2711 sed
543 2680 664 2721 Regius
680 2686 711 2710 et
726 2679 826 2711 Scali-

160 2727 226 2769 geri
238 2734 386 2771 excerpta
399 2729 526 2771 optime,
540 2731 618 2761 vino.
664 2729 769 2771 Atque
782 2729 825 2760 ita

1450 1609 1543 1653 150

876 1793 944 1835 jam
966 1791 1101 1824 restituit
1121 1791 1340 1823 exactissimus
1362 1790 1550 1827 Gronovius,

881 1842 935 1884 qui
965 1841 1120 1873 videndus
1150 1840 1414 1872 Observationum
1444 1840 1502 1871 lib.
1529 1840 1551 1871 i.

881 1902 952 1934 cap.
972 1903 1001 1922 v.
1027 1891 1141 1933 Neque
1158 1890 1249 1921 aliter
1269 1891 1379 1921 Douza
1395 1889 1551 1920 divinar-at

882 1942 914 1972 in
935 1952 989 1972 ora
1010 1940 1129 1972 codicis
1144 1940 1212 1971 sui:
1238 1939 1311 1970 hinc
1326 1941 1486 1979 platanum
1498 1949 1551 1980 ge-

882 1992 993 2021 nialem
1009 1991 1125 2021 Noster
1137 1988 1215 2020 dicit
1229 1989 1310 2020 Met.
1323 1999 1353 2019 Χ.
1364 1989 1417 2019 95.
1434 1988 1553 2019 ΗΕΙΝΒ.

930 2041 1000 2071 145,
1026 2040 1087 2069 Sub
1110 2040 1197 2069 nullo
1213 2040 1331 2069 vindice
1345 2037 1466 2078 somni]
1493 2036 1553 2067 Ju-

884 2091 950 2120 dice
985 2088 1139 2120 editiones
1176 2087 1313 2128 antiquae
1352 2091 1384 2117 et
1410 2085 1553 2128 plerique

885 2137 1003 2179 scripti.
1012 2137 1067 2168 sed
1083 2147 1257 2178 perperam.
1265 2136 1298 2166 ii.
1307 2135 1415 2165 Amor.
1428 2135 1492 2166 xix.
1502 2135 1555 2166 45.

932 2186 998 2217 Not
1023 2187 1094 2216 mihi
1116 2187 1169 2216 sub
1191 2186 1277 2215 nullo
1302 2185 1420 2215 vindice
1443 2194 1556 2224 semper

1016 2236 1086 2265 erit.

889 2285 928 2316 In
950 2283 1204 2325 Cantabrigiensi
1226 2290 1257 2314 et
1278 2283 1338 2314 alio
1362 2288 1438 2318 erat,
1454 2284 1556 2313 imma-

887 2336 948 2365 dici
974 2340 1109 2375 tangunt
1142 2333 1308 2373 praecordia
1336 2338 1442 2362 motus.
1473 2330 1558 2372 quod

888 2382 1055 2425 repetitum
1073 2393 1111 2412 ex
1127 2392 1206 2412 vers.
1222 2382 1274 2412 79.
1297 2386 1332 2411 ut
1356 2390 1438 2421 saepe
1462 2379 1557 2410 libra-

890 2432 948 2463 rios
963 2431 1073 2462 fecisse
1089 2430 1363 2472 deprehendimus.
1409 2429 1529 2459 BURM.

936 2482 1007 2512 148.
1031 2480 1179 2523 Adfluit]
1204 2478 1328 2520 Viginti
1354 2478 1416 2508 duo
1441 2476 1560 2519 scripti,

890 2531 1004 2572 adfuit.
1028 2529 1083 2560 sed
1098 2530 1221 2560 frustra.
1245 2528 1373 2568 elegans
1391 2525 1474 2557 enim
1491 2537 1560 2557 ver-

891 2581 966 2611 bum
990 2580 1117 2610 minime
1141 2577 1342 2608 movendum.
1362 2576 1406 2607 sic
1429 2582 1461 2607 et
1476 2575 1561 2617 apud

892 2630 1071 2671 Virgilium,
1080 2628 1136 2659 lib.
1147 2639 1177 2658 x.
1190 2625 1322 2658 AEne'l'd.
1336 2626 1407 2657 143.
1418 2637 1456 2658 ex
1467 2626 1560 2657 MSS.

892 2678 1062 2720 legendum
1081 2676 1157 2707 fuit:

983 2728 1103 2768 Adfluit
1120 2733 1148 2757 et
1171 2726 1356 2757 Mnestheus,
