1760 3172
242 155 326 197 472

631 153 682 193 P.
716 150 929 193 OVIDII
964 149 1244 191 NASONIS

242 269 475 334 Juppiter
499 270 548 315 in
574 268 754 314 multos
780 265 1042 314 temeraria
1065 264 1270 312 fulmina
1293 273 1508 328 torquet,

311 346 409 400 Qui
436 361 633 410 poenam
657 344 807 407 culpa
831 359 929 390 non
954 357 1177 390 meruere
1203 342 1326 406 pari.

246 423 482 470 Obruerit
505 422 647 470 saevis
673 437 829 485 quum
853 428 929 468 tot
955 420 1093 468 Deus
1113 419 1327 483 aequoris
1351 419 1514 475 undis,

312 499 391 547 Ex
416 499 510 546 illis
535 498 689 561 mergi
715 514 828 561 pars
855 504 1008 560 quota
1032 497 1183 560 digna
1205 496 1333 544 fuit?

1564 498 1630 542 30

243 577 408 631 Quum
434 583 638 640 pereant
663 575 768 622 acie
792 573 1059 621 fortissima
1084 590 1314 637 quaeque,
1343 574 1435 621 sub
1461 573 1570 637 ipso

309 653 338 700 J
345 654 504 709 udice,
531 652 757 700 delectus
784 650 964 699 Martis
989 651 1188 714 iniquus
1215 651 1322 698 erit.

243 731 326 788 At,
355 731 395 777 si
420 727 544 777 for‘te
568 729 689 776 velis
715 729 765 775 in
790 745 878 775 nos
904 727 1170 791 inquirere,
1198 744 1344 776 nemo
1369 734 1447 775 est

311 807 408 862 Qui
435 824 504 863 se,
533 807 667 870 quod
693 806 893 870 patitur,
917 804 1271 852 commeruisse
1296 812 1460 868 neget.

243 884 404 939 Adde,
423 884 557 947 quod
574 883 850 931 exstinctos
866 882 944 929 vel
960 897 1106 945 aqua,
1123 882 1200 929 vel
1221 881 1401 939 Marte,
1413 883 1490 931 vel
1509 882 1628 946 igni,

311 961 463 1008 Nulla
486 967 654 1024 potest
677 960 856 1008 iterum
881 958 1157 1007 restituisse
1181 959 1306 1007 dies.
1565 961 1628 1006 36

245 1038 489 1087 Restituit
513 1038 710 1093 multos,
739 1044 824 1084 aut
847 1052 1008 1100 poenae
1033 1043 1174 1100 parte
1197 1036 1377 1084 levavit

312 1116 512 1174 CaesarJ
541 1122 606 1171 et,
628 1115 677 1161 in
702 1114 870 1162 multis
894 1130 973 1162 me
997 1114 1115 1161 velit
1138 1129 1265 1170 esse,
1294 1130 1483 1178 precor.

242 1194 323 1241 An
347 1201 418 1251 tu,
446 1198 601 1257 quum
625 1193 711 1240 tali
736 1194 952 1257 populus
978 1192 1070 1239 sub
1095 1191 1320 1256 principe
1345 1192 1516 1248 simus,

309 1270 560 1335 Adloquio
585 1269 779 1334 profugi
807 1270 968 1318 credis
994 1270 1158 1317 inesse
1180 1270 1407 1317 metum?
1565 1273 1630 1316 40

243 1347 470 1395 Forsitan
494 1347 600 1395 haec
624 1347 826 1395 domino
853 1346 1085 1394 Busiride
1104 1348 1217 1410 jure
1241 1347 1459 1404 timeres,

307 1426 411 1473 Aut
435 1425 581 1473 solito
606 1425 803 1473 clausos
829 1441 970 1473 urere
996 1425 1045 1472 in
1071 1440 1168 1473 aere
1192 1424 1337 1471 viros.

244 1503 433 1551 Desine
457 1503 630 1550 mitem
655 1502 874 1551 animum
898 1518 1024 1549 vano
1049 1501 1286 1549 infamare
1310 1500 1513 1548 timore:

312 1580 456 1628 Saeva
480 1580 636 1650 quid
626 1597 677 1627 m
702 1579 913 1665 placidis
939 1595 1062 1628 saxa
1084 1578 1268 1627 vereris
1293 1578 1466 1643 aquis.
1452 1578 1470 1612 7
1539 1583 1576 1619 ἐν

242 1657 360 1722 Ipse
382 1674 490 1722 ego,
509 1658 644 1721 quod
659 1658 818 1722 primo
834 1657 1011 1722 scripsi
1028 1657 1134 1705 sine
1150 1656 1349 1705 nomine
1364 1655 1522 1712 vobis,
1558 1631 1628 1704 45

307 1734 408 1782 Vix
433 1734 661 1783 excusari
687 1751 835 1799 posse
860 1735 980 1783 mihi
1003 1734 1187 1782 videor.

243 1812 345 1861 Sed
370 1829 521 1877 pavor
546 1813 768 1860 adtonito
793 1813 999 1860 rationis
1027 1813 1282 1861 ademerat
1304 1828 1478 1870 usum;

306 1890 542 1938 Cesserat
565 1907 712 1940 omne
730 1891 869 1939 novis
895 1891 1259 1955 consiliumque
1284 1890 1443 1937 malis.

241 1966 612 2031 Fortunamque
636 1984 799 2016 meam
823 1976 1067 2024 metuens,
1096 1984 1195 2014 non
1219 1967 1427 2014 vindicis
1452 1967 1590 2022 iram,

307 2043 551 2092 Terrebar
569 2046 714 2092 titulo
740 2046 953 2093 nominis
979 2045 1086 2109 ipse
1112 2046 1224 2092 mei.
1565 2047 1629 2092 50

239 2232 334 2262 quam
358 2221 528 2254 aedificaret
548 2223 648 2254 aedem
672 2223 795 2259 Romae,
817 2223 899 2254 cole-

239 2271 293 2301 bat
319 2271 419 2313 ipsam
447 2272 571 2311 Deam3
594 2272 638 2304 sic
664 2272 834 2304 Claudian.
861 2273 900 2303 de

239 2319 334 2351 laude
350 2320 450 2352 stilic.
466 2321 498 2352 ii.
513 2323 554 2353 30
568 2334 574 2352 :

284 2369 357 2400 Hoec
374 2370 440 2401 Dea
452 2382 507 2411 pro
523 2373 648 2412 templis,
663 2379 691 2402 et
711 2379 779 2402 ture
798 2373 898 2402 calen-

325 2420 403 2450 tibus
417 2421 491 2455 aris,

285 2468 324 2498 Te
338 2469 480 2510 fruitur,
497 2472 650 2510 posuitque
673 2480 740 2501 suas
759 2471 810 2501 hoc
829 2481 897 2510 pec-

326 2524 386 2548 tore
398 2520 487 2549 sedes.

281 2567 333 2597 31.
362 2567 462 2601 Quum
488 2574 611 2607 pereant
636 2569 708 2598 bello
725 2569 897 2610 fortissima

234 2617 382 2657 pectora]
410 2616 503 2654 Quod
524 2624 555 2648 et
578 2616 722 2648 Priamus
746 2617 899 2659 deplorat,

238 2664 330 2696 Iliad.
347 2669 386 2697 Ω.

282 2715 332 2745 41.
347 2715 395 2745 De
412 2721 542 2757 tyranno
557 2715 698 2746 Busiride
711 2727 739 2745 v.
755 2715 795 2747 ad
806 2716 900 2758 Trist.

968 2223 1033 2254 111.
1055 2222 1088 2253 ii.
1113 2224 1166 2254 39.
1198 2229 1229 2253 et
1258 2220 1459 2253 Bordewisch
1489 2220 1562 2252 diss.
1587 2220 1627 2252 de

967 2271 1135 2303 immolatis
1158 2272 1197 2302 ab
1214 2272 1354 2313 AEgypto
1374 2269 1518 2301 Busiride
1539 2280 1627 2311 pere-

967 2321 1063 2362 grinis
1079 2320 1219 2356 advenis,
1235 2320 1267 2351 in
1283 2320 1326 2351 cl.
1340 2319 1470 2350 Martini
1483 2319 1628 2350 thesauro

966 2370 1136 2402 dissertatt.
1152 2376 1226 2401 torn.
1241 2369 1286 2400 iii.
1300 2375 1379 2411 part.
1392 2369 1414 2399 i.
1428 2380 1459 2411 p.
1472 2369 1546 2399 121.
1557 2379 1627 2410 sqq.

967 2421 1115 2451 Hamus.

1010 2470 1062 2500 42.
1089 2470 1152 2499 Ant
1178 2470 1262 2500 solito
1287 2478 1376 2498 urere
1398 2468 1524 2502 clausos,
1547 2466 1623 2507 &c.]

966 2519 1033 2549 Aut
1062 2518 1186 2549 domino
1208 2517 1386 2552 Phalaride,
1412 2516 1465 2558 qui
1490 2516 1522 2547 in
1547 2526 1627 2547 aereo

965 2573 1053 2598 tauro
1068 2566 1132 2609 igni
1148 2566 1273 2597 subdito
1289 2565 1427 2597 homines
1443 2566 1584 2596 necabat.

1008 2618 1062 2648 49.
1081 2617 1150 2648 Non
1174 2618 1248 2646 iram
1276 2615 1428 2656 vindicis]
1452 2615 1524 2646 Non
1547 2615 1624 2645 iram

967 2666 1101 2708 Augusti
1131 2665 1319 2697 vindicantis
1356 2665 1500 2707 injuriam
1530 2675 1547 2695 a
1575 2675 1623 2694 me

967 2722 1142 2757 acceptam.
1193 2716 1334 2751 Vindicis,
1371 2716 1528 2755 principis,
1561 2714 1622 2744 (ἰτ-
