1760 3172
226 199 310 241 132

616 196 666 237 P.
700 194 913 237 OVIDII
947 193 1229 236 NASONIS

227 314 405 377 Adjice
432 311 653 360 Narcissi
679 312 756 358 bis
781 326 871 357 sex
897 311 1003 357 sine
1027 310 1211 357 cortice
1237 309 1433 366 bulbos,

297 391 512 437 Strenua
536 406 662 453 quos
687 404 810 452 puro
836 402 1079 435 marmore
1103 387 1281 434 dextra
1302 393 1457 434 terat:

231 467 628 529 Sextantemque
654 465 818 512 trahat
842 465 1028 528 gummi
1050 481 1163 511 cum
1191 464 1378 512 semine
1399 463 1616 510 Thusco.

296 544 409 592 Huc
435 545 604 591 novies
630 550 768 590 tanto
793 542 905 606 plus
930 541 1020 588 tibi
1046 542 1205 588 mellis
1232 548 1328 588 eat.

1554 542 1617 587 66

229 621 573 684 Quaecumque
599 620 800 667 adficiet
824 619 910 666 tali
935 618 1265 666 medicamine
1290 618 1509 674 vultum;

297 699 530 762 Fulgebit
554 698 759 761 speculo
784 697 936 744 levior
960 696 1069 760 ipsa
1093 712 1199 743 suo.

230 775 340 823 Nec
365 783 418 822 tu
445 776 689 839 pallentes
715 774 891 821 dubita
913 780 1098 820 torrere
1122 772 1336 835 lupinos,

297 852 363 900 Et
387 853 533 899 simul
557 852 786 900 inflantes
815 865 1023 914 corpora
1045 849 1169 912 frige
1194 849 1350 896 fabas.

1555 849 1619 892 70

230 928 458 992 Utraque
483 945 574 976 sex
598 929 831 983 habeant,
861 943 1005 990 aequo
1031 926 1331 981 discrimine,
1358 924 1508 971 libras
1530 939 1539 970 :

298 1006 526 1071 Utraque
551 1008 615 1054 da
639 1007 790 1069 nigris
817 1005 1200 1053 comminuenda
1223 1002 1384 1050 molis.

227 1122 361 1151 numeris
396 1123 488 1152 conde
524 1123 615 1158 cavis,
652 1120 892 1162 Neapolitanus.

229 1170 334 1211 Lego:

320 1219 356 1250 ln
371 1221 478 1251 cribris
492 1221 590 1250 omnia
605 1230 692 1250 cerne
703 1221 792 1250 cavis.

228 1269 280 1299 Ita
293 1268 408 1300 medici
423 1269 539 1311 passim
553 1268 735 1309 loquuntur.
780 1267 894 1298 Noster

230 1317 332 1347 infra:

318 1366 379 1396 Per
394 1364 651 1407 densaforamina
667 1376 765 1396 cerne.

230 1414 315 1445 Hinc
335 1425 508 1445 snccernere
527 1415 632 1445 cribris
655 1413 739 1456 apud
756 1413 894 1444 Plinium

229 1464 306 1495 xvii.
327 1465 374 1494 10.
397 1469 429 1495 et
441 1465 547 1495 cribris
563 1466 717 1495 inc-eruere
733 1463 817 1506 apud
829 1463 892 1495 Co-

227 1513 403 1550 lumellam,
430 1513 486 1544 lib.
509 1525 539 1544 v.
568 1514 598 1545 6.
651 1513 768 1544 mes.
813 1512 896 1544 Plin.

230 1562 339 1593 xxxvi.
357 1564 387 1593 5.
434 1562 552 1592 Deinde
576 1563 660 1592 tenui
679 1562 776 1592 cribro
797 1562 895 1592 cerni-

232 1618 297 1648 tur,
312 1617 412 1651 postea
434 1611 571 1647 molitur,
591 1622 626 1641 ac
646 1612 753 1641 deinde
774 1611 896 1641 tenuius

232 1662 402 1692 cribratur.

288 1711 343 1741 65.
382 1708 533 1749 Gummi]
573 1708 672 1739 Casus
699 1713 748 1739 est
779 1713 895 1739 rectus.

233 1759 320 1790 Ordo
343 1758 426 1789 enim
452 1763 517 1789 est:
552 1757 675 1788 Gummi
698 1769 766 1788 cum
788 1759 896 1787 semine

235 1808 348 1839 Thusco
365 1807 465 1838 trahat
481 1812 654 1838 sestantem.
699 1805 761 1837 Hic
786 1811 834 1837 est
848 1806 895 1836 in-

233 1856 438 1892 declinabile,
456 1862 487 1887 et
509 1856 631 1897 generis
650 1855 753 1886 neutri
768 1857 895 1897 gummi.

233 1905 412 1936 Columella
425 1910 542 1942 tamen,
558 1905 613 1936 lib.
632 1906 685 1936 13.
735 1905 842 1939 Qualis
854 1911 896 1935 est

229 1956 371 1996 gummis,
391 1953 507 1995 inquit.
552 1954 610 1985 Est
633 1960 738 1985 autem
762 1953 897 1994 gummis

232 2003 396 2045 lachryma
426 2003 570 2034 arborum
600 2003 830 2045 conglutinata,
862 2008 896 2034 ut

234 2053 361 2095 persici,
394 2052 505 2088 cerasi,
536 2058 567 2083 et
595 2052 758 2084 similium.
815 2052 897 2083 Scri-

233 2102 371 2133 bendum
401 2100 524 2132 videtur
550 2103 666 2143 gummi
694 2112 750 2143 per
778 2100 895 2142 duplex

233 2162 304 2181 mm.
320 2160 393 2181 nam
409 2149 513 2181 Graeci
524 2150 621 2192 κόμμι
633 2149 755 2181 dicunt.
786 2149 898 2180 Fiebat

235 2199 268 2230 in
290 2199 386 2231 Italia
408 2200 461 2241 (ut
483 2199 540 2230 lib.
566 2201 617 2231 15.
641 2200 733 2231 docet
757 2199 861 2236 Plin.)
883 2210 898 2229 e

233 2251 348 2290 gummi
364 2249 474 2279 oleum.
518 2249 616 2279 BIAR.

278 2298 425 2339 Semine.]
451 2298 566 2328 Semen
586 2297 637 2328 hic
660 2297 818 2340 proprium
850 2302 896 2327 est

236 2347 382 2378 frumenti
415 2357 526 2389 genuS,
558 2357 621 2378 non
650 2346 804 2377 dissimile
835 2346 896 2376 far-

236 2396 281 2428 ri:
307 2396 392 2438 quod
415 2403 446 2428 et
467 2406 555 2427 zeam
579 2396 753 2439 appellant,
772 2406 810 2426 ex
837 2405 898 2437 quo

236 2445 319 2476 alica
342 2445 448 2480 fiebat.
470 2451 504 2476 ut
531 2446 623 2476 docet
648 2445 730 2476 Plin.
756 2444 813 2475 lib.
847 2445 897 2475 18.

237 2495 334 2526 Man.

282 2543 426 2587 Tbuscm]
453 2543 538 2580 Quia
549 2543 581 2573 in
595 2541 733 2573 Thuscia
747 2542 899 2583 optimum

235 2593 433 2623 nascebatur.
479 2591 561 2622 Mihi
586 2597 691 2622 tamen
712 2591 811 2632 magis
833 2591 899 2632 pla-

236 2647 331 2677 ceret,
349 2641 374 2672 si
394 2642 560 2683 legeretur,
585 2641 671 2675 Tnso,
693 2640 725 2670 id
745 2645 804 2674 est.
828 2641 899 2671 trito

236 2690 269 2721 in
283 2689 448 2721 mortario:
473 2690 527 2721 sed
543 2689 665 2721 nullum
678 2689 777 2720 habeo
792 2699 897 2720 exem-

236 2739 317 2781 plar,
335 2740 424 2781 cujus
440 2739 605 2770 autoritate
622 2739 714 2770 nitar.
762 2740 859 2769 Man.

1003 1121 1056 1151 66.
1084 1120 1122 1150 Εε
1149 1119 1272 1159 nonies]
1301 1116 1482 1158 Legendum
1505 1120 1563 1150 est,
1587 1119 1621 1144 ut

961 1170 993 1201 in
1014 1168 1232 1211 manuscriptis
1248 1165 1480 1208 exemplaribus
1496 1164 1621 1205 legitur,

962 1221 1047 1251 Huc.
1063 1219 1096 1250 id
1111 1225 1168 1255 est,
1187 1218 1219 1249 in
1233 1218 1301 1248 haec
1320 1215 1426 1247 omnia
1443 1225 1514 1256 quae
1529 1223 1622 1255 supra

961 1267 1213 1299 commemoravi.
1271 1266 1378 1296 Nories
1415 1270 1498 1294 tanto
1533 1264 1602 1303 plns
1614 1276 1623 1292 :

961 1318 1020 1348 hoc
1035 1324 1092 1353 est,
1106 1327 1170 1348 una
1184 1316 1264 1347 libra
1278 1326 1349 1347 cum
1365 1314 1496 1346 dimidia
1509 1327 1515 1344 :
1538 1313 1622 1355 quod

961 1367 1056 1398 efficit
1077 1377 1186 1397 novem
1209 1370 1376 1401 sextantes,
1393 1363 1424 1394 id
1438 1370 1497 1400 est,
1515 1363 1626 1395 uncias

962 1415 1070 1446 decem
1096 1420 1128 1446 et
1152 1420 1233 1446 octo.
1281 1413 1387 1448 Tanto,
1409 1413 1530 1444 scilicet
1553 1423 1622 1444 sex-

963 1469 1062 1495 tante.
1108 1464 1194 1494 Nam
1209 1463 1330 1494 dixerat
1342 1462 1438 1505 paulo
1453 1467 1538 1499 ante,
1553 1463 1623 1493 Ser-

962 1514 1261 1554 tantemquetrahat.
1306 1512 1406 1542 BIAR.

1000 1563 1052 1593 70.
1070 1563 1111 1594 Et
1123 1563 1212 1594 simul
1227 1562 1364 1604 inflantis
1375 1561 1627 1603 cnrporafrange

963 1612 1060 1653 serta]
1083 1612 1111 1642 F
1113 1612 1255 1654 rngis'erae
1266 1610 1373 1653 scripti
1388 1610 1530 1652 potiores.
1547 1621 1623 1652 quo-

963 1661 1055 1692 modo
1070 1668 1100 1692 et
1114 1671 1151 1692 ex
1175 1661 1239 1692 suis
1254 1659 1404 1691 Ciofanus
1425 1664 1524 1690 notat.
1541 1670 1623 1690 unus

964 1721 1001 1742 ex
1014 1710 1308 1753 nostris,frigefere.
1332 1709 1496 1740 Helmaest.
1511 1709 1625 1750 frange

953 1761 1046 1802 feroe.
1091 1760 1218 1792 Ciosani
1238 1771 1330 1796 unus,
1342 1761 1410 1801 fige
1419 1759 1504 1800 fece.
1551 1759 1624 1800 Ipse

965 1810 1056 1852 Nigri
1071 1809 1323 1841 emendationem
1343 1809 1464 1851 probat,
1481 1808 1625 1849 legentis,

962 1860 1101 1901 inflantis
1121 1857 1469 1900 corporafrangefirbae.
1487 1857 1568 1898 quod
1593 1863 1625 1888 et

963 1909 1118 1951 Mycillus
1151 1907 1361 1950 amplectitur,
1396 1913 1428 1938 et
1463 1907 1622 1938 Muretus.

964 1960 1032 2000 Ego
1055 1958 1108 1990 diu
1133 1964 1180 1989 est
1203 1957 1299 2000 quod,
1326 1957 1470 1988 insistens
1495 1957 1626 1998 propriis

963 2008 1104 2050 vestigiis
1119 2008 1296 2050 depravatae
1308 2006 1461 2043 lectionis,
1477 2005 1626 2038 emenda-

963 2059 1036 2089 bam
1052 2070 1058 2088 :

1009 2107 1051 2137 Et
1066 2107 1155 2137 simul
1177 2106 1318 2147 inflantes
1334 2116 1456 2146 corpora
1466 2104 1624 2146 frigefa-

1050 2158 1110 2187 bas.

967 2206 1052 2236 Nam
1081 2208 1225 2236 instantes
1254 2204 1390 2235 habebat
1415 2203 1514 2235 codex
1543 2215 1624 2236 unus

966 2254 1148 2285 Patavinus.
1168 2255 1309 2296 inflantes
1325 2264 1447 2292 corpora
1466 2258 1551 2284 recte
1562 2254 1623 2295 sa-

966 2305 1015 2333 bas
1042 2303 1132 2339 dixit,
1158 2302 1242 2344 quod
1265 2301 1342 2332 nihil
1372 2300 1412 2332 sit
1433 2302 1627 2334 flatulentius

966 2353 1015 2383 iis.
1034 2355 1074 2383 sic
1091 2353 1232 2394 inflantes
1244 2363 1364 2392 corpora
1383 2351 1470 2382 Deos.
1496 2351 1551 2382 Est
1569 2362 1626 2382 au-

966 2402 1169 2443 temfrigere,
1185 2400 1266 2431 idem
1281 2400 1365 2441 quod
1380 2406 1504 2430 torrere.
1550 2401 1627 2431 Pro·

967 2451 1039 2481 duci
1054 2456 1158 2481 autem
1173 2450 1305 2492 primam
1324 2449 1478 2490 syllabam
1496 2448 1571 2480 inde
1591 2449 1629 2480 li·

967 2505 1052 2541 quet,
1063 2499 1145 2540 quod
1159 2498 1281 2530 Nonius
1292 2497 1465 2529 Marcellus
1475 2498 1628 2536 observet,

969 2549 1081 2591 Frigit,
1100 2551 1219 2589 qnando
1238 2548 1387 2589 significat
1410 2549 1512 2589 erigit,
1532 2550 1627 2578 corri-

965 2609 1035 2638 pere
1052 2600 1179 2638 primam
1200 2599 1356 2638 syllabam.
1381 2597 1463 2638 quod
1486 2608 1545 2627 non
1568 2597 1626 2627 ad-

966 2647 1106 2681 didisset,
1123 2647 1148 2677 si
1166 2647 1301 2688 infrigi!
1316 2657 1369 2688 pro
1385 2653 1477 2676 torret
1493 2646 1626 2676 eundem

967 2708 1056 2728 usum
1070 2697 1209 2728 obtinere
1222 2696 1366 2738 opinatus
1377 2701 1470 2727 esset.
1508 2696 1627 2727 Ihtixs.
