1760 3172
244 148 329 188 514

627 146 678 187 Ρ.
713 144 924 187 OVIDII
958 144 1237 186 NASONIS

250 262 334 318 Ut,
363 278 462 325 qua
486 277 649 309 remus
675 261 767 308 iter
790 261 946 324 pulsis
969 260 1115 307 modo
1139 259 1323 308 fecerat
1346 260 1508 316 undis,

316 339 490 386 Siccus
516 346 766 386 contemta
790 354 914 386 nave
937 337 1093 385 viator
1116 344 1213 385 eat.

248 414 346 470 Qui
369 417 574 464 veniunt
597 416 758 471 istinc,
784 415 866 462 vix
892 430 978 461 vos
1004 430 1063 461 ea
1086 414 1288 462 credere
1313 413 1515 461 dicunt:
1571 415 1634 460 35

310 491 474 547 Quam
496 493 646 540 miser
670 498 763 547 est,
790 492 875 554 qui
899 490 994 538 fert
1016 490 1266 554 asperiora
1284 490 1381 539 fide
1400 491 1409 536 !

249 569 415 618 Crede
439 577 634 617 tamen:
675 585 766 616 nec
791 576 841 616 te
866 585 1042 616 causas
1068 568 1260 616 nescire
1285 569 1520 623 sinemus,

314 646 530 695 Horrida
554 646 883 694 Sarmaticum
909 663 996 707 cur
1015 662 1150 693 mare
1174 646 1318 693 duret
1340 647 1534 710 hyems,

1608 672 1651 692 ,λα’

248 723 487 772 Proxima
511 731 626 771 sunt
650 723 793 771 nobis
818 723 1022 787 plaustri
1051 722 1325 787 praebentia
1347 721 1570 776 formam,

317 800 382 848 Et
407 817 517 865 quae
538 801 846 866 praecipuum
872 801 1034 848 sidera
1056 801 1209 864 frigus
1234 801 1437 848 habent.

1571 802 1636 845 40

250 876 381 925 Hinc
406 877 560 926 oritur
585 878 789 934 Boreas,
813 894 1011 941 oraeque
1036 877 1340 926 domesticus
1365 878 1479 924 huic
1505 884 1597 932 est,

315 954 383 1002 Et
407 955 558 1002 sumit
582 955 707 1003 vires
733 971 762 1002 a
786 956 1013 1019 propiore
1038 956 1164 1003 loco.

248 1031 317 1079 At
342 1031 523 1089 Notus,
550 1033 757 1081 adverso
782 1033 1008 1097 tepidum
1028 1033 1113 1099 qui
1139 1033 1295 1097 spirat
1319 1033 1381 1080 ab
1406 1048 1516 1086 axe,

314 1108 408 1156 Est
431 1110 620 1173 procul,
647 1117 697 1158 et
720 1125 857 1157 rarus
882 1110 1262 1173 languidiorque
1284 1110 1437 1158 venit.

249 1185 395 1234 Adde
413 1187 548 1250 quod
566 1187 646 1235 hic
667 1189 836 1236 clauso
855 1189 1126 1235 miscentur
1143 1187 1350 1234 flumina
1366 1186 1545 1240 Ponto,
1572 1188 1635 1231 45

267 1316 269 1318 ,
316 1262 533 1327 Vimque
558 1264 737 1313 fretum
761 1266 918 1312 multo
942 1264 1107 1329 perdit
1131 1265 1193 1312 ab
1219 1281 1363 1312 amne
1389 1280 1546 1311 suam.

253 1339 366 1388 Huc
393 1340 576 1405 Lycus,
594 1342 691 1390 huc
720 1343 935 1406 Sagaris,
960 1342 1266 1406 Peniusque,
1288 1341 1637 1406 Hypanisque,

451 1418 730 1482 Cratesque

321 1491 585 1584 Influits‘et
608 1497 781 1544 crebro
805 1497 987 1545 vortice
1011 1503 1169 1544 tortus
1195 1494 1383 1559 Halys:

296 1667 348 1698 39.
373 1667 479 1699 Sidera
491 1671 654 1709 praebentia
666 1671 802 1713 formam
822 1672 911 1711 plau-

251 1716 336 1756 stri.]
364 1717 606 1759 Septemtriones
621 1719 709 1751 dicit.

298 1766 350 1796 41.
375 1766 435 1797 Hie
456 1769 555 1798 oritur
571 1769 709 1809 Boreas]
735 1769 774 1799 In
788 1768 848 1799 hae
864 1778 911 1799 re-

252 1814 344 1856 gione
368 1817 601 1857 septentrionali
624 1818 741 1849 Boreas
764 1817 912 1854 nascitur,

253 1870 286 1894 et
309 1864 383 1895 flare
405 1865 515 1907 incipit
538 1867 762 1898 vehementius.
808 1867 914 1897 Nostri

254 1913 323 1943 hinc
332 1915 598 1956 01·it1tr.--Oraeque
605 1917 778 1946 domesticus
785 1916 854 1946 huic
863 1922 914 1946 est.

254 1962 295 1992 Et
309 1967 356 1992 est
370 1963 562 2005 propinquus
577 1964 651 1995 huic
674 1963 802 2005 regioni,
820 1974 913 2006 quam

256 2021 314 2052 ego
329 2010 444 2042 incolo.

299 2061 351 2091 45.
375 2062 460 2092 Adde
479 2063 554 2101 quod
575 2063 622 2093 hic
645 2062 775 2103 clausa]
802 2062 915 2093 Scribit

256 2109 447 2146 Macrobius,
461 2120 575 2151 aquam
588 2110 740 2142 marinam
754 2122 914 2153 nunquam

256 2159 329 2200 gelu
345 2159 496 2190 contrahi.

301 2208 504 2250 Verpoorten.
521 2213 542 2226 “
560 2219 645 2240 mare
667 2220 848 2251 numquam,
863 2210 918 2245 ait,

257 2257 331 2298 gelu
360 2256 474 2293 durari,
499 2263 619 2289 veteres
648 2258 860 2294 crediderunt,
885 2264 919 2290 ut

257 2306 388 2348 adparet
402 2317 439 2337 ex
453 2307 559 2338 Gellio
574 2306 649 2338 xvii.
666 2309 696 2338 8.
726 2307 848 2338 Reddit
862 2307 920 2349 igi-

259 2360 308 2386 tur
331 2365 473 2386 caussam
489 2356 633 2392 Ovidius,
649 2367 705 2388 cur
730 2357 850 2388 Pontus
873 2363 918 2388 ta-

259 2414 330 2435 men
345 2405 558 2446 congelascat,
577 2405 651 2446 quia
665 2406 703 2436 ob
719 2406 920 2448 plurimorum

259 2453 423 2484 fluminum
445 2463 569 2495 aquam,
583 2455 615 2485 in
636 2465 756 2486 summo
776 2454 920 2486 innatan-

258 2507 335 2538 tem,
346 2508 491 2534 naturam
503 2502 597 2535 maris
609 2504 671 2535 fere
684 2503 823 2534 amittat:
841 2505 922 2535 infra

264 2562 296 2582 v.
312 2552 423 2583 59-64.
439 2551 510 2592 (ubi
526 2553 751 2593 vide->Eadem
768 2553 806 2584 de
822 2554 922 2585 Ponto

261 2600 500 2642 congelascente
521 2601 617 2632 tradit
633 2602 777 2633 Valerius
792 2602 922 2634 Flaccus

260 2649 329 2680 libr.
345 2649 387 2680 iv.
404 2650 479 2680 721.
495 2651 590 2693 sqq.”
635 2651 783 2682 HAanrs.

306 2698 357 2729 46.
395 2698 500 2730 Perdit
530 2703 586 2730 rim
614 2712 636 2730 si
651 2701 726 2741 ann]
775 2701 845 2731 Non
876 2708 920 2732 est

981 1679 1132 1705 amarum,
1159 1669 1252 1699 immo
1277 1667 1380 1703 dulce,
1405 1672 1436 1698 et
1461 1667 1644 1708 congelatur

980 1725 1087 1749 contra
1103 1717 1196 1749 maris
1215 1723 1376 1755 naturam;
1399 1715 1471 1747 vide
1487 1715 1641 1752 Gellium,

980 1768 1035 1799 lib.
1050 1767 1114 1798 xvi.
1125 1777 1194 1809 cap.
1210 1768 1240 1797 8.

1024 1818 1076 1848 47.
1101 1816 1172 1847 Huc
1187 1816 1287 1857 Lycus
1303 1814 1440 1857 influit]
1466 1814 1570 1855 Lycus
1583 1813 1641 1845 fiu-

981 1866 1050 1898 vius
1064 1866 1180 1897 labitur
1194 1865 1227 1896 in
1242 1864 1300 1896 hoc
1320 1874 1403 1895 mare
1418 1863 1596 1899 Ponticum,
1611 1868 1643 1894 et

981 1915 1053 1946 ideo
1077 1914 1271 1956 congelatur.
1325 1914 1382 1944 Est
1411 1918 1514 1944 autern
1542 1912 1643 1953 Lycus

981 1964 1094 1995 fluvius
1119 1963 1287 1994 Armeniae.
1343 1962 1464 1997 Strabo,
1494 1965 1514 1978 ‘¹
1530 1961 1639 1997 Multi,

982 2013 1094 2055 inquit,
1111 2022 1218 2043 amnes
1242 2018 1314 2043 sunt
1340 2010 1373 2041 in
1394 2010 1564 2049 Armenia3
1586 2010 1641 2041 sed

981 2062 1144 2093 clarissimi
1171 2061 1282 2092 Phasis
1306 2067 1336 2091 et
1364 2061 1479 2102 LycuS,
1500 2059 1533 2090 in
1557 2070 1642 2090 mare

982 2111 1147 2142 Ponticum
1157 2109 1338 2142 exeuntes.''
1370 2109 1581 2151 Huc-Sagaris.
1605 2108 1643 2139 In

982 2171 1035 2192 ora
1063 2161 1194 2192 Pontica
1217 2166 1284 2202 post
1307 2157 1459 2201 Bosphori
1483 2158 1589 2189 fauces
1613 2164 1645 2189 et

984 2210 1127 2241 Rhesum
1150 2220 1283 2245 amnem,
1307 2215 1490 2250 portumque
1515 2208 1643 2250 Calpas,

985 2265 1031 2290 est
1052 2259 1175 2301 Sagaris
1198 2258 1328 2293 fluvius,'
1337 2263 1420 2288 ortus
1437 2256 1469 2287 in
1495 2257 1643 2299 Phrygia.

986 2308 1193 2349 Hypanisque.
1250 2307 1404 2349 Hypanis,
1440 2306 1553 2337 fluvius
1597 2313 1643 2338 est

985 2356 1120 2399 Scythiae
1147 2367 1185 2388 ex
1208 2366 1322 2397 magna
1341 2355 1456 2397 palude
1479 2355 1644 2398 profluens,

986 2412 1021 2437 ut
1036 2406 1127 2437 docet
1142 2405 1333 2437 Herodotus.
1365 2405 1534 2445 Cretesque.
1567 2404 1644 2436 Cra-

988 2460 1051 2486 tem
1063 2455 1191 2486 fluvium
1207 2455 1247 2485 ad
1261 2465 1347 2485 oram
1360 2453 1523 2485 Ponticam
1539 2454 1643 2491 fluere,

989 2504 1038 2534 hic
1062 2504 1162 2535 innuit
1184 2503 1326 2535 Ovidius.
1371 2504 1437 2545 Ego
1460 2503 1538 2534 nihil
1558 2514 1642 2534 com-

987 2559 1109 2594 pertum
1128 2553 1240 2584 habeo.
1287 2551 1402 2591 Κάλης
1416 2558 1521 2583 autem
1534 2552 1646 2583 fluvius

988 2609 1034 2632 est
1062 2602 1153 2644 hujus
1183 2608 1299 2633 tractus
1326 2601 1489 2633 Eustathio
1513 2601 1647 2632 Scholiis

987 2651 1020 2682 in
1034 2651 1227 2693 Periegeten.
1272 2650 1389 2690 Κάληξ
1403 2657 1449 2682 est
1457 2650 1646 2693 Thucydidi,

987 2700 1043 2731 lib.
1061 2701 1101 2731 iv.
1119 2700 1277 2742 Λάμαχος
1302 2701 1336 2732 ἐν
1355 2701 1395 2741 τῇ
1417 2699 1645 2741 Ἠρακλεώτιόι

1635 1023 1682 1059 >e
