1760 3172
169 167 255 208 200
563 166 616 208 P.
649 165 864 217 OVIDII
898 164 1184 208 NASONIS

173 281 456 345 Persequar
479 281 698 338 inferius,
726 281 873 329 modo
899 280 940 327 si
966 281 1085 328 licet
1108 280 1281 329 ordine
1306 279 1437 337 ferri,

241 358 400 407 Posse
425 374 604 407 nocere
630 358 807 406 animis
833 356 1066 404 carminis
1092 373 1239 404 omne
1265 373 1439 419 genus.

174 435 290 483 Non
308 443 475 484 tamen
491 436 675 484 idcirco
691 435 878 483 crimen
896 435 1019 481 liber
1035 434 1194 481 omnis
1211 434 1440 492 habebit;
1473 437 1570 482 265

242 512 326 560 Nil
352 514 573 578 prodest,
602 513 737 576 quod
763 528 861 559 non
886 511 1066 558 laedere
1093 510 1252 574 possit
1274 511 1424 558 idem.

176 589 300 653 Igne
327 590 448 654 quid
474 590 678 637 utilius?
717 589 759 636 si
784 588 896 652 quis
922 594 1091 635 tamen
1116 603 1259 635 urere
1284 595 1419 636 tecta

242 667 530 732 Comparat,
559 667 776 715 audaces
801 666 1003 713 instruit
1028 666 1142 728 igne
1167 681 1361 713 manus.

176 744 338 808 Eripit
358 745 626 800 interdum,
649 745 797 791 modo
824 744 910 791 dat
930 743 1180 791 medicina
1204 744 1445 791 salutem:
1475 745 1572 790 269

242 821 469 885 Quaeque
489 824 669 885 juvans
695 828 954 876 monstrat,
978 836 1194 884 quaeque
1220 821 1284 868 sit
1308 821 1463 868 herba
1486 837 1572 868 no-

175 898 241 946 Et
264 898 406 955 latro,
435 906 484 946 et
508 905 685 947 cautus
707 898 1026 963 praecingitur
1051 913 1170 945 ense
1195 897 1378 945 viator:
1413 898 1571 960 [cenS.

242 976 335 1024 Ille
361 977 450 1024 sed
474 977 697 1033 insidias,
725 977 805 1024 hic
833 976 928 1023 sibi
954 982 1120 1039 portat
1149 990 1314 1038 opem.

176 1053 414 1110 Discitur,
441 1054 679 1102 innocuas
704 1060 759 1101 ut
783 1060 900 1116 agat
923 1051 1158 1100 facundia
1181 1068 1387 1108 causas;

243 1130 473 1194 Protegit
497 1132 606 1178 haec
633 1137 802 1179 sontes
829 1130 1204 1192 immeritosque
1229 1129 1427 1192 premit.

179 1207 263 1255 Sic
289 1207 437 1270 igitur
461 1224 679 1264 carmen,
708 1215 845 1255 recta
869 1208 909 1254 si
936 1214 1103 1253 mente
1128 1207 1338 1268 legatur,

246 1285 517 1332 Constabit
540 1285 660 1332 nulli
687 1301 836 1348 posse
862 1299 1041 1331 nocere
1067 1299 1251 1331 meum.

176 1361 244 1409 At
269 1363 509 1425 quiddam
533 1362 638 1409 vitii
664 1362 973 1425 quicumque
998 1360 1113 1407 hinc
1140 1359 1377 1424 concipit,
1405 1366 1562 1418 errat3

244 1439 312 1486 Et
335 1441 542 1488 nimium
568 1439 767 1504 scriptis
794 1440 1004 1501 abrogat
1028 1438 1110 1485 ille
1135 1436 1276 1485 meis.

178 1516 249 1564 Ut
272 1524 441 1566 tamen
465 1518 560 1565 hoc
585 1517 757 1573 fatear,
778 1516 883 1563 ludi
904 1531 1107 1579 quoque
1133 1514 1324 1562 semina
1348 1514 1576 1578 praebent

243 1593 290 1640 N
296 1595 497 1658 equitiae
520 1611 529 1642 :
569 1594 677 1642 tolli
703 1602 811 1642 tota
833 1594 1028 1641 theatra
1045 1592 1198 1656 jube3
1475 1594 1573 1638 280

179 1670 431 1720 Peccandi
457 1688 660 1720 causam
686 1687 799 1735 quae
825 1671 994 1718 multis
1021 1686 1155 1734 saepe
1179 1668 1441 1726 dederunt,

246 1748 431 1796 Martia
456 1765 610 1812 quum
635 1750 813 1796 durum
840 1748 1017 1796 sternit
1041 1763 1193 1795 arena
1217 1746 1394 1794 solum.

178 1825 402 1873 Tollatur
426 1826 616 1884 circus3
658 1843 756 1874 non
782 1834 891 1874 tuta
915 1825 1120 1873 licentia
1143 1824 1258 1872 circi
1280 1842 1291 1882 ;

247 1902 346 1950 Hic
372 1904 516 1951 sedet
540 1903 711 1967 ignoto
730 1905 909 1967 juncta
933 1903 1100 1967 puella
1121 1901 1241 1949 viro.

179 1979 347 2035 Quum
367 1981 597 2044 quaedam
618 1981 897 2045 spatientur
918 1981 968 2027 in
989 1981 1098 2036 hac,
1117 1986 1172 2026 ut
1189 1985 1381 2026 amator
1399 1978 1576 2027 eadem

248 2058 541 2114 Conveniat,
571 2074 726 2122 quare
752 2059 974 2122 porticus
999 2057 1102 2104 ulla
1125 2056 1297 2121 patet?
1479 2058 1576 2104 286

913 2165 1023 2209 optimi
1060 2164 1226 2196 latinitatis
1260 2170 1402 2195 auctores
1437 2170 1578 2196 utuntur.

914 2215 1068 2247 Nonnulli
1083 2215 1179 2247 etiam
1194 2217 1328 2256 derogat.
1372 2214 1492 2246 Hiems.
1511 2254 1517 2256 ῃ

957 2267 1032 2297 282.
1064 2266 1179 2296 Sternit
1207 2266 1319 2295 durum
1347 2264 1469 2305 solistim]
1507 2263 1576 2295 Hoc

1476 1209 1573 1254 275

177 2166 328 2208 originem
347 2179 352 2197 :
379 2178 415 2198 eo
437 2166 558 2198 scilicet
579 2167 743 2204 adludens,
761 2167 845 2209 quod

180 2221 212 2246 et
227 2216 346 2247 AEneas
361 2227 399 2247 ex
415 2216 570 2248 adulterio
586 2216 719 2248 Veneris
732 2222 763 2248 et
778 2216 845 2247 An-

180 2264 274 2296 chisae
288 2272 380 2296 natus
395 2265 499 2296 fuerit.

223 2315 297 2346 265.
333 2315 403 2345 Non
434 2322 531 2345 tamn
563 2314 703 2355 idcirco]
745 2314 844 2346 Disti-

181 2363 262 2395 chon
276 2370 454 2406 suspectum
470 2376 476 2394 :
494 2374 557 2394 ver.
571 2365 645 2394 243.
663 2363 762 2395 simile
778 2374 844 2395 car-

180 2413 272 2444 minis
288 2414 423 2445 initium.
468 2414 586 2444 mes.

223 2464 297 2493 270.
323 2463 452 2504 Quaeque
464 2465 555 2503 juret
581 2462 756 2502 monstrat]
783 2461 842 2492 Ju-

180 2523 253 2543 υιιηε
272 2513 354 2554 prior
376 2512 544 2550 Politiani3
569 2511 652 2554 quod
677 2511 793 2553 placet,
809 2517 843 2542 ut

180 2562 226 2603 τῷ
240 2574 346 2593 nocens
361 2568 546 2604 opponatur.
592 2562 712 2592 mes.

221 2611 298 2641 278.
325 2611 364 2641 Et
380 2613 504 2642 nimium
520 2613 638 2650 scriptis
659 2617 782 2652 arrogat
803 2612 841 2640 il-

180 2661 206 2690 lc
231 2660 329 2701 meis]
360 2662 490 2703 Abrogat
515 2660 615 2691 scribe
636 2671 708 2691 cum
734 2659 841 2691 multis

181 2714 336 2747 veterum3
371 2720 433 2751 quo
462 2711 555 2740 verbo
586 2709 692 2740 Livius
722 2708 838 2750 aliique

914 2315 1004 2351 dicit,
1023 2314 1099 2357 quia
1115 2314 1180 2346 ludi
1190 2313 1371 2356 gladiatorii
1383 2313 1576 2345 exhibeban-

914 2372 963 2397 tur
979 2365 1010 2396 in
1027 2365 1090 2395 soro
1106 2374 1202 2395 arena
1218 2369 1384 2395 constrato.

957 2416 1031 2446 283.
1058 2414 1197 2445 Tollutur
1220 2412 1347 2453 ci1·cits.]
1379 2412 1468 2444 Idem
1485 2422 1576 2454 aper-

910 2465 971 2495 tius
995 2464 1026 2495 in
1052 2463 1130 2494 libro
1153 2462 1252 2505 primo
1273 2462 1312 2493 de
1336 2462 1413 2493 Arte
1438 2462 1575 2498 amandi,

912 2525 974 2546 ver.
994 2515 1053 2545 135
1071 2524 1118 2554 sq.
1134 2513 1178 2543 ita
1190 2512 1343 2543 ostendit:

954 2563 1001 2594 Ne
1016 2569 1043 2593 te
1056 2561 1318 2604 nobiliumfugiat
1328 2567 1478 2593 certamen
1490 2571 1574 2601 equo-

1037 2623 1103 2642 ΤΗΤΠ
1117 2624 1125 2642 .’

996 2661 1100 2691 Multa
1108 2672 1199 2701 capax
1210 2661 1312 2701 populi
1321 2661 1468 2691 commoda
1478 2660 1577 2689 circus

1037 2711 1133 2741 habet.
