1760 3172
433 178 522 218 EX
557 175 768 217 PONTO
802 175 919 215 LIB.
956 174 989 214 l.
1025 175 1216 215 EPIST.
1252 175 1287 214 Ι.

1468 175 1552 215 355

168 295 323 351 Alter,
344 295 406 340 ob
432 292 545 339 huic
571 291 783 338 similem
810 291 1028 353 privatus
1054 290 1239 337 lumine
1266 290 1480 353 culpam,

238 371 502 419 Clamabat
526 368 706 424 media,
734 384 787 415 se
814 368 1069 423 meruisse,
1096 368 1189 415 via.

167 449 308 496 Talia
331 449 559 495 coelestes
584 446 688 492 fieri
714 445 960 509 praeconia
985 445 1220 506 gaudent,
1490 447 1553 490 55

236 527 321 583 Ut,
349 542 439 574 sua
463 525 583 588 quid
607 524 805 571 valeant
830 524 1046 579 numina,
1070 530 1201 570 teste
1226 523 1453 586 probent.

169 605 315 667 Saepe
339 604 504 650 levant
527 617 717 665 poenaS,
745 607 1019 664 ereptaque
1045 599 1235 646 lumina
1258 599 1489 653 reddunt,

234 681 400 735 Quum
426 682 552 728 bene
577 678 770 742 peccati
796 678 1090 742 poenituisse
1115 677 1298 724 vident.

168 758 385 806 Poenitet
409 759 463 805 o!
501 758 542 820 si
569 757 690 819 quid
715 757 1005 803 miserorum
1032 755 1250 801 creditur
1276 753 1380 810 ulli,

232 831 543 908 Poenitetfet
566 834 698 881 facto
724 843 957 897 torqueor
983 834 1091 896 ipse
1116 832 1255 880 meo!
1492 833 1555 876 60

167 913 436 978 Quumque
457 913 522 960 sit
536 912 782 968 exsilium,
800 912 958 974 magis
975 918 1051 958 est
1071 910 1191 956 mihi
1209 910 1358 972 culpa
1372 906 1552 963 dolori3

235 991 427 1054 Estque
451 990 556 1054 pati
579 1005 768 1053 poenas,
797 1005 949 1052 quam
970 987 1228 1043 meruisse,
1256 987 1435 1033 minus.

170 1068 239 1116 Ut
261 1068 381 1115 mihi
406 1068 472 1115 Di
496 1067 707 1122 faveant,
732 1067 914 1130 quibus
942 1073 1018 1112 est
1041 1064 1348 1112 manifestior
1373 1064 1495 1126 ipse,

233 1146 391 1194 Poena
413 1153 579 1210 potest
602 1145 751 1205 demi,
779 1145 928 1208 culpa
952 1143 1184 1207 perennis
1211 1141 1320 1189 erit.

166 1223 307 1270 Mors
328 1223 478 1271 faciet
496 1230 648 1279 certe,
671 1239 734 1270 ne
754 1223 864 1279 sim,
885 1238 1039 1285 quum
1053 1219 1257 1275 venerit,
1277 1218 1420 1266 exsul
1438 1236 1448 1275 3
1492 1219 1554 1263 65

233 1301 312 1349 Ne
338 1318 437 1349 non
461 1301 726 1365 peccarim,
756 1317 887 1348 mors
914 1314 1115 1362 quoque
1141 1314 1238 1344 non
1262 1296 1429 1343 faciet.

169 1378 253 1426 Nil
279 1379 428 1441 igitur
451 1379 647 1435 mirum,
671 1366 716 1425 'si
742 1394 881 1426 mens
908 1376 1027 1423 mihi
1053 1375 1225 1422 tabida
1249 1374 1379 1421 facta

237 1455 314 1503 De
339 1456 449 1503 nive
475 1449 721 1503 manantis
747 1470 883 1502 more
909 1453 1142 1516 liquescit
1167 1468 1327 1514 aquae.

167 1649 239 1681 dere
255 1655 326 1680 ante
342 1648 454 1680 altaria
472 1648 576 1685 Isidis,
592 1648 621 1679 ei
636 1648 826 1680 sacrificatu-

166 1709 246 1735 rum,
274 1704 477 1740 posteaquam
510 1704 579 1740 post
608 1698 827 1740 poenitentiam

168 1748 240 1779 Dea
254 1748 379 1790 placata
393 1747 438 1777 illi
451 1747 575 1778 veniam
591 1747 689 1778 dedit.

211 1798 265 1829 53.
289 1797 402 1838 Alcen]
430 1797 556 1828 Scilicet
580 1796 699 1828 Isiacus
726 1807 826 1827 sacer-

167 1847 235 1879 dos.
282 1847 425 1877 Privatus
447 1848 571 1877 Iumine.
596 1846 740 1877 Privatus
753 1857 826 1877 ocu-

166 1897 206 1928 lis
227 1903 379 1938 tanquam
396 1897 547 1940 perjurus.
586 1895 716 1933 Quoties
743 1895 825 1927 enim

167 1957 222 1988 per
242 1946 360 1977 Isidem
376 1946 517 1988 jurantes
538 1945 632 1976 fidem
647 1956 708 1976 non
724 1956 822 1976 serva-

168 1997 257 2032 bant,
280 1996 470 2037 putabantur
488 2005 507 2026 a
527 1995 600 2026 Dea
613 1995 681 2026 visu
702 1995 827 2037 privari.

167 2045 314 2077 Juvenal.
329 2046 396 2076 Sat.
414 2044 478 2076 xiii.
491 2056 555 2076 ver.
566 2046 617 2076 93.
634 2056 670 2086 sq
683 2057 688 2074 :

214 2095 364 2125 Decernat
387 2096 581 2135 quodcunque
604 2095 681 2124 volet
700 2096 736 2124 de
760 2105 826 2124 cor-

252 2155 326 2184 pore
341 2151 442 2175 ‘nostro

212 2193 280 2230 Isis,
293 2200 323 2224 et
334 2195 410 2224 irato
411 2193 513 2236 feriat
523 2205 586 2224 meu
598 2194 714 2223 lumina
723 2194 808 2223 sistro
819 2205 827 2222 :

213 2243 380 2275 Dummodo
411 2244 457 2274 vel
486 2254 578 2273 coecus
608 2249 732 2279 teneam,
759 2253 828 2283 quos

254 2294 374 2335 abnego,
391 2303 532 2324 nummos.

168 2343 208 2374 In
222 2342 414 2384 Anthologia
428 2343 540 2374 Graeca
554 2341 693 2373 Lucilius
706 2354 712 2372 :

425 2394 471 2435 μὴ
485 2392 652 2436 καταράσῃ

256 2441 422 2481 ΤήνἼσιν
435 2442 559 2484 roim-qm

169 2493 231 2524 huc
253 2498 285 2524 et
307 2491 444 2528 Persius,
469 2493 534 2523 Sat.
552 2503 583 2522 v.
602 2502 669 2523 ver.
691 2491 761 2526 186,
782 2501 828 2521 re-

168 2543 282 2584 spexit,
297 2541 378 2584 apud
394 2551 488 2582 quern
503 2540 650 2576 obcurrit,

299 2602 366 2622 oum
381 2592 466 2621 sistro
482 2591 563 2620 lusca
578 2591 721 2620 sacerdos.

213 2642 265 2671 55.
291 2639 378 2670 Talia
399 2639 574 2679 proeconz'a.]
597 2638 706 2669 Talem
722 2648 829 2669 vocem

169 2688 334 2720 fatentium
355 2699 412 2719 sua
432 2687 572 2725 crimina,
589 2693 620 2718 et
644 2698 676 2718 se
699 2686 742 2718 ita
764 2697 829 2716 me-

169 2743 257 2769 ritos.

940 1647 992 1678 56.
1007 1647 1090 1681 Quid
1103 1647 1220 1676 valeant
1237 1656 1289 1675 sua
1305 1643 1458 1683 numium]
1471 1642 1556 1679 Quid

897 1696 1018 1739 possint
1047 1696 1187 1726 Deorum
1216 1694 1307 1724 vires.
1366 1693 1458 1723 Teste.
1488 1692 1557 1722 Ali-

896 1756 957 1787 quo
986 1750 1128 1780 nocente,
1154 1744 1187 1774 in
1211 1754 1305 1784 quem
1330 1742 1558 1773 animadverte·

895 1795 967 1825 tint.

938 1845 990 1875 62.
1018 1844 1128 1884 Estque
1147 1845 1213 1883 pati
1233 1842 1362 1882 pomos]
1389 1841 1557 1871 Rationem

895 1893 1052 1935 adsignat,
1073 1903 1128 1923 cur
1157 1891 1257 1933 magis
1283 1891 1392 1921 doleat
1417 1889 1556 1925 crimine,

894 1953 988 1985 quam
1011 1941 1132 1973 exsilio.
1178 1940 1262 1979 Quia
1280 1939 1379 1981 magis
1400 1950 1449 1970 me
1472 1938 1560 1980 angit

894 1997 1057 2034 peccatum
1080 2001 1196 2026 meum,
1213 2000 1305 2031 quam
1328 1999 1424 2031 poena
1448 1994 1479 2019 et
1499 1998 1555 2018 ex-

895 2041 1009 2073 silium.
1057 2041 1155 2075 Quam
1174 2041 1324 2070 meruisse.
1357 2040 1462 2075 Quam
1486 2048 1558 2082 pec-

896 2097 1000 2122 catum
1016 2090 1205 2121 commisisse
1216 2113 1224 2125 ,
1240 2099 1302 2130 quo
1318 2088 1425 2118 videar
1446 2087 1560 2129 dignus

896 2141 952 2172 tali
967 2151 1074 2183 poena.

938 2190 990 2221 63.
1012 2190 1128 2224 Quibus
1142 2194 1183 2219 est
1198 2186 1384 2229 manifestior
1400 2186 1487 2226 ipsa]
1515 2185 1553 2216 In

895 2241 1009 2282 quibus
1023 2239 1094 2270 Diis
1116 2238 1182 2280 ipse
1198 2237 1359 2277 Augustus
1380 2235 1480 2276 magis
1501 2235 1556 2266 ad-

896 2295 993 2332 paret,
1009 2288 1083 2330 quia
1099 2299 1116 2318 a
1133 2286 1222 2317 nobis
1236 2285 1369 2316 videtur.

939 2339 990 2369 68.
1010 2338 1056 2367 De
1072 2338 1138 2366 nive
1155 2334 1332 2374 manantis]
1353 2332 1556 2364 Contabescit

896 2387 1017 2418 animus
1040 2395 1140 2419 meus.
1164 2390 1196 2414 et
1217 2383 1322 2414 dolore
1349 2381 1556 2423 colliquescit,

896 2443 930 2467 ut
946 2436 997 2467 nix
1011 2435 1051 2466 ad
1069 2434 1209 2465 ardorem
1223 2432 1308 2464 solis.
1330 2432 1433 2462 Pon-r.

941 2486 1020 2517 Εὖτε
1043 2483 1124 2525 χιὼν
1146 2484 1188 2520 ὥς
1213 2495 1261 2520 τις
1287 2480 1474 2513 κατετάκετο
1497 2492 1558 2522 μα-

982 2535 1060 2576 κρὸν
1076 2532 1123 2574 ὑφ’
1140 2532 1259 2574 Αἶμον.

896 2584 1031 2615 Theocr.
1054 2582 1149 2624 Idyll.
1163 2581 1218 2612 vii.
1242 2591 1308 2612 ver.
1325 2580 1385 2617 763
1407 2584 1439 2610 et
1462 2577 1557 2619 Idyll.

897 2633 985 2665 xxiii.
1004 2643 1067 2663 ver.
1079 2633 1117 2663 31
1135 2644 1141 2661 :

940 2683 976 2714 'A
993 2681 1024 2713 δὲ
1038 2680 1121 2724 χιὼν
1132 2680 1240 2716 λευκὰ,
1253 2679 1306 2710 καὶ
1321 2677 1449 2710 τάκεται
1460 2675 1557 2708 ἁνίκα

985 2731 1113 2773 παχθῇ.

1027 2782 1055 2811 A
1074 2793 1091 2811 Λ
1110 2782 1130 2811 2
