1760 3172
186 178 273 220 304

583 175 633 216 Ρ.
667 172 881 216 OVIDII
915 172 1197 215 NASONIS

190 292 383 339 Felices
409 292 572 346 ambo,
601 289 1001 353 tempestiveque
1026 288 1266 352 sepultos,

255 369 389 417 Ante
414 369 547 416 diem
573 383 734 432 poenae
762 365 896 429 quod
923 365 1115 429 periere
1141 364 1290 412 meae!

193 445 278 493 Me
305 462 508 509 quoque
533 444 748 499 felicem,
777 442 912 506 quod
939 458 1036 488 non
1061 441 1340 488 viventibus
1365 441 1463 487 illis

260 523 383 570 Sum
408 523 574 577 miser,
602 528 653 568 et
678 521 740 567 de
767 535 845 566 me
873 518 1008 581 quod
1035 518 1240 566 doluere
1265 517 1414 564 nihil!

193 600 246 646 Si
266 607 433 648 tamen
452 597 716 647 exstinctis
739 596 946 659 aliquid,
970 595 1063 642 nisi
1085 596 1301 651 nomina,
1319 602 1493 651 restat,
1521 597 1584 641 85

260 676 328 724 Et
353 677 552 740 gracilis
579 681 796 722 structos
823 673 1001 736 effugit
1023 674 1200 720 umbra
1224 689 1397 736 rogos3

195 754 366 810 Fama,
394 753 697 818 parentales,
725 751 765 797 si
791 766 878 797 vos
904 766 1017 797 mea
1040 750 1265 812 contigit,
1293 751 1500 805 umbrae,

262 831 329 878 Et
354 838 471 878 sunt
494 830 544 876 in
573 828 754 892 Stygio
780 827 988 874 crimina
1011 834 1181 873 nostra
1204 826 1336 885 foro3

197 908 350 964 Scite,
378 923 570 972 precor,
593 921 814 961 causam,
838 920 931 952 nec
950 920 1037 951 vos
1063 903 1182 951 mihi
1208 903 1379 951 fallere
1403 903 1477 951 fas
1497 910 1590 959 est,

263 984 494 1033 Errorem
515 986 687 1048 jussae,
716 998 814 1029 non
839 981 1022 1037 sceIUS,
1050 996 1160 1028 esse
1185 980 1331 1044 fugae.

1527 983 1591 1027 90

198 1062 435 1110 Manibus
462 1063 511 1109 id
537 1061 657 1109 satis
684 1067 789 1108 est:
830 1059 893 1106 ad
918 1075 1022 1114 VOS,
1051 1058 1291 1114 studiosa,
1320 1065 1553 1112 revertor,

263 1140 495 1195 Pectora,
524 1139 610 1202 qui
634 1139 747 1186 vitae
773 1135 998 1200 quaeritis
1024 1143 1137 1182 acta
1159 1151 1300 1182 meae.

195 1217 310 1265 Jam
335 1217 454 1264 mihi
481 1216 708 1270 canities,
737 1212 895 1278 pulsis
921 1212 1208 1259 melioribus
1234 1212 1394 1269 annis,

262 1294 498 1349 Venerat,
527 1293 761 1355 antiquas
786 1289 1159 1353 miscueratque
1184 1307 1381 1348 comas3

196 1371 422 1434 Postque
447 1387 586 1418 meos
612 1376 766 1424 ortus,
794 1366 963 1413 Pisaea
986 1367 1180 1414 vinctus
1206 1367 1350 1424 oliva,

1529 1369 1592 1414 95

263 1448 556 1496 Abstulerat
579 1446 748 1495 decies
770 1443 979 1509 praemia
1001 1444 1158 1492 victor
1183 1462 1340 1509 eques
1359 1464 1369 1503 ;

196 1582 306 1614 eodem
335 1582 445 1613 matris
468 1582 612 1625 sepulcro
637 1587 757 1624 patrem
786 1590 861 1611 con-

196 1632 276 1663 didi.
322 1633 499 1674 Legejusta
520 1633 598 1663 tuli.-
623 1632 754 1662 alterum
775 1629 860 1661 Lati-

197 1691 274 1711 num
297 1681 350 1712 vix
374 1686 432 1713 est.
476 1681 530 1712 Sic
557 1683 632 1712 dare
643 1683 751 1721 jus-ta:
776 1680 862 1711 Fast.

196 1729 243 1761 iii.
261 1731 344 1761 5602

278 1780 532 1820 Germanoejusta
547 1780 600 1810 dat
613 1787 684 1810 ante
698 1790 768 1811 suae.

243 1830 295 1860 81.
324 1829 433 1860 Felices
447 1827 556 1868 amboss]
582 1830 687 1859 Ambos
701 1839 782 1860 unus
797 1830 863 1860 Va-

200 1876 295 1908 tican.
311 1884 342 1909 et
365 1882 431 1908 tum
453 1878 580 1918 sepultos
595 1888 721 1919 quoque
736 1877 776 1908 sit
791 1877 865 1908 scri-

200 1926 354 1959 bendum:
379 1927 434 1959 sed
462 1929 500 1959 τὸ
529 1929 610 1957 ambo
638 1927 732 1958 etiam
762 1926 865 1968 quarti

200 1986 290 2007 casus
307 1983 365 2007 est.
410 1977 528 2007 mes.

244 2026 296 2056 85.
322 2026 354 2055 Si
372 2032 471 2056 iumen
491 2027 644 2056 exstinctis
665 2027 793 2066 aliquid,
808 2026 867 2055 ηἰςὶ

200 2077 331 2111 nomina,
345 2075 469 2116 restat]
492 2075 608 2105 Sensus
624 2080 690 2106 est:
717 2075 742 2105 si
758 2080 864 2105 tamen

200 2124 320 2165 aliquid
354 2130 450 2155 restat
485 2124 642 2155 defunctis
676 2123 864 2160 hominibus,

200 2179 313 2215 praeter
327 2184 451 2205 nomen.
496 2174 565 2205 Hoc
580 2179 627 2204 est
640 2187 647 2204 :
672 2174 698 2205 si
710 2173 780 2215 quis
794 2184 864 2205 sen-

201 2233 254 2253 sus
281 2229 327 2254 est
351 2228 421 2265 post
446 2223 528 2254 hanc
556 2223 665 2260 vitam,
688 2223 864 2265 animaeque

200 2271 372 2309 hominum,
388 2278 423 2303 ut
436 2273 534 2309 aiunt,
550 2273 741 2304 immortales
759 2278 842 2304 sunt.

245 2323 297 2352 86.
324 2322 363 2353 Et
375 2323 502 2364 gracilis
523 2330 650 2354 structos
665 2323 775 2365 effulgit
798 2335 864 2353 um·

202 2372 255 2401 bra
278 2371 390 2413 rogos]
429 2372 569 2414 Propert.
595 2371 650 2403 lib.
674 2372 716 2403 iv.
740 2371 790 2403 El.
814 2371 867 2402 vii.

203 2430 269 2451 ver.
289 2421 317 2450 1.
333 2430 385 2461 sq:
658 2426 661 2428 “

246 2468 325 2499 Sunt
340 2470 459 2510 aliquid
474 2481 596 2507 manes;
622 2471 713 2501 letum
729 2481 787 2501 non
806 2481 867 2500 om-

290 2519 429 2559 uiafinit
442 2530 452 2555 ,·

249 2566 424 2608 Lucidaque
445 2569 551 2598 euictos
569 2567 679 2610 effingit
702 2569 807 2599 umbra
823 2580 869 2598 ro-

313 2627 353 2646 os.

249 2627 311 2695 875
331 2665 446 2695 Umbrae
468 2666 670 2706 parentales]
705 2667 734 2698 O
757 2666 868 2698 animm

205 2720 371 2753 parentum
387 2724 536 2745 meorum.

973 1581 1024 1611 88.
1049 1579 1128 1610 Sunt
1150 1582 1183 1611 in
1199 1580 1304 1621 Stygio
1317 1579 1422 1621 form]
1469 1579 1594 1621 Cogno-

928 1635 1057 1660 scuntur
1074 1629 1235 1660 hominum
1252 1629 1373 1660 scelera
1397 1640 1416 1660 a
1434 1628 1596 1671 judicibus

929 1677 1069 1715 infernis,
1093 1678 1147 1720 qui
1171 1684 1244 1709 sunt
1268 1678 1388 1715 Minos,
1421 1679 1540 1709 AEacus
1563 1683 1595 1709 et

929 1727 1206 1759 Rhadamanthus.

973 1777 1028 1808 93.
1055 1777 1156 1807 Pulsis
1170 1778 1341 1808 melioribus
1356 1776 1470 1817 annis]
1497 1776 1598 1808 Dete-

931 1826 1026 1858 riores
1048 1827 1120 1858 anni
1139 1833 1212 1858 sunt
1229 1825 1409 1862 senectutis,
1425 1826 1500 1868 quia
1514 1826 1596 1857 mul-

933 1881 966 1907 ta
989 1887 1093 1907 senem
1124 1875 1364 1907 circumvallant
1390 1875 1599 1907 incommoda.

937 1926 1040 1957 Pon-r.

977 1977 1032 2006 94.
1057 1977 1206 2016 Antiquos
1230 1977 1447 2016 miscueratque
1471 1975 1595 2016 comas.]

936 2025 1042 2066 Nigris
1057 2026 1146 2056 albas
1160 2025 1357 2067 insperserat.

978 2075 1031 2106 95.
1057 2074 1150 2105 Pisoea
1168 2074 1274 2115 oliva]
1312 2074 1418 2109 Oliva,
1434 2084 1498 2116 qua
1513 2073 1599 2116 apud

936 2123 1026 2155 Pisas
1044 2124 1274 2155 coronabantur
1291 2123 1424 2155 victores
1439 2123 1471 2153 in
1488 2123 1600 2164 Olym-

932 2173 1003 2215 pico
1018 2174 1200 2204 certamine.

976 2223 1029 2254 96.
1045 2223 1219 2254 Abstulerat
1239 2224 1346 2258 decies,
1372 2222 1449 2264 δία]
1477 2222 1600 2254 Decem

934 2271 1142 2314 Olympiadas
1154 2283 1162 2310 ;
1186 2271 1418 2314 quinquaginta
1432 2282 1541 2303 annos.

979 2321 1110 2362 Equus]
1136 2321 1187 2352 Sic
1205 2321 1414 2353 emendarunt
1433 2322 1543 2352 Burm.
1560 2320 1601 2352 ad

935 2371 968 2401 h.
980 2371 1001 2401 l.
1026 2376 1058 2401 et
1077 2370 1243 2401 Bentleius
1263 2370 1303 2401 ad
1323 2371 1434 2402 Horat.
1449 2371 1535 2402 iv.2.
1552 2370 1602 2401 17.

935 2432 1013 2462 quos
1028 2420 1183 2452 consules.
1221 2421 1307 2451 Olim
1326 2421 1492 2462 legebatur
1506 2432 1601 2462 eques.

936 2471 980 2503 At
996 2481 1057 2501 non
1069 2469 1192 2511 equites
1202 2470 1234 2502 in
1245 2470 1416 2513 Olympico
1431 2470 1602 2501 certamine

937 2520 1177 2556 coronabantur,
1203 2519 1259 2551 sed
1289 2519 1374 2561 equi,
1399 2519 1454 2561 qui
1483 2518 1604 2550 nobiles

937 2569 1011 2600 inde
1025 2574 1108 2605 sunt,
1124 2575 1155 2600 et
1173 2569 1204 2600 in
1222 2568 1358 2600 nummis
1373 2579 1410 2599 ac
1426 2568 1600 2599 monimen-

938 2618 978 2649 tis
992 2618 1042 2649 vel
1065 2623 1206 2649 tenentes
1229 2617 1366 2660 palmam
1391 2627 1454 2653 ore,
1471 2617 1520 2648 vel
1546 2617 1602 2648 ad·

938 2668 1024 2709 picta
1043 2666 1149 2709 palma
1167 2667 1378 2699 inveniuntur.
1415 2666 1531 2698 Confer
1551 2676 1603 2696 su-

939 2726 993 2758 pra
1016 2717 1057 2747 iv.
1075 2717 1104 2747 8.
1122 2717 1171 2754 19,
1186 2717 1240 2748 20.
1286 2717 1428 2754 Quatuor
1452 2725 1602 2747 annorum
