1760 3172
237 168 293 209 94
632 165 682 206 P.
718 163 932 207 ovmn
966 150 1248 207 NAsoms

238 282 366 328 Sunt
390 280 520 328 fora:
561 287 677 328 sunt
702 279 867 342 leges:
907 287 1040 335 sunt,
1068 295 1194 343 quos
1220 281 1420 336 tuearis,
1449 281 1624 329 amici:

300 357 442 405 Vade
466 373 554 421 per
579 358 780 404 urbanae
805 356 1020 404 candida
1044 363 1208 404 castra
1231 365 1379 420 togae.

234 436 328 484 Vel
351 444 405 483 tu
431 435 690 498 sanguinei
709 434 950 498 juvenilia
974 450 1180 482 munera
1205 434 1383 482 Martis

303 513 543 576 Suscipe:
583 512 776 560 deliciae
796 513 903 575 jam
928 512 1019 559 tibi
1046 519 1188 575 terga
1211 512 1419 560 dabunt.

234 590 370 638 Ecce
410 590 564 652 fugax
601 589 836 644 ParthuS,
874 589 1043 652 magni
1082 605 1209 636 nova
1245 605 1423 637 caussa
1456 588 1626 636 trium-

433 668 536 733 phi,

1537 669 1627 713 155

296 744 411 793 Jam
436 745 571 791 videt
596 744 644 790 in
670 743 862 807 campis
891 742 1107 790 Caesaris
1134 759 1271 792 arma
1294 744 1413 791 suis.

229 822 387 870 Vince
415 821 723 885 Cupidineas
750 820 934 884 pariter
962 820 1281 884 Parthasque
1307 821 1543 884 sagittas:

297 900 364 948 Et
388 899 514 947 refer
539 899 602 946 ad
628 898 814 962 patrios
840 890 959 945 bina
983 905 1173 962 tropaea
1199 898 1352 946 Deos.

231 977 302 1025 Ut
326 977 479 1025 semel
506 976 671 1023 AEtola
694 975 867 1023 Venus
894 983 972 1023 est
996 991 1025 1023 a
1049 976 1257 1039 cuspide
1283 975 1424 1032 laesa;

294 1053 507 1102 Mandat
532 1053 737 1100 amatori
764 1053 897 1100 bella
921 1053 1144 1116 gerenda
1169 1069 1276 1100 suo.

1534 1054 1626 1099 160

231 1130 484 1187 Quaeritis,
512 1130 772 1193 AEgisthus
799 1146 954 1193 quare
980 1131 1045 1178 sit
1069 1131 1229 1178 factus
1255 1130 1482 1179 adulter?

295 1207 355 1254 In
379 1215 575 1272 promtu
601 1223 781 1255 caussa
801 1215 905 1256 est:
946 1208 1229 1256 desidiosus
1256 1216 1378 1256 erat.

228 1284 533 1348 Pugnabant
557 1285 639 1331 alii
664 1285 818 1332 tardis
846 1286 980 1349 apud
1007 1285 1136 1332 Ilion
1160 1286 1338 1333 armis:

292 1362 635 1410 Transtulerat
658 1363 786 1410 vires
815 1362 1015 1411 Graecia
1039 1370 1144 1410 tota
1169 1379 1302 1410 suas.

230 1439 343 1488 Sive
364 1456 568 1504 operam
594 1440 737 1487 bellis
756 1441 906 1488 vellet
930 1441 1065 1497 dare,
1094 1441 1230 1488 nulla
1254 1439 1488 1503 gerebat;
1534 1441 1624 1486 165

296 1517 411 1564 Sive
436 1517 558 1573 foro,
584 1532 798 1564 vacuum
822 1517 992 1564 litibus
1018 1517 1180 1580 Argos
1207 1524 1329 1565 erat.

228 1592 375 1649 Quod
400 1595 563 1658 potuit
588 1594 732 1653 fecit3
774 1611 836 1642 ne
861 1595 929 1641 nil
956 1602 1203 1657 ageretur,
1232 1593 1431 1642 amavit.

295 1670 378 1718 Sic
403 1671 539 1718 venit
562 1672 644 1718 ille
670 1687 820 1735 puer:
862 1672 932 1718 sic
960 1688 1082 1735 puer
1111 1672 1194 1719 ille
1219 1677 1404 1718 manet.

229 1747 368 1796 Rura
405 1764 608 1811 quoque
646 1749 901 1797 oblectant
939 1749 1147 1806 animos,
1183 1749 1506 1810 studiumque
1543 1762 1625 1793 co-

431 1825 591 1873 lendi:

294 1900 544 1955 Quaelibet
568 1902 682 1949 huic
708 1918 840 1950 curae
866 1902 1046 1951 cedere
1072 1918 1191 1950 cura
1215 1909 1397 1966 potest.

1535 1904 1628 1948 170

217 1977 374 2026 -Colla
391 1979 514 2042 jube
540 1980 754 2027 domitos
780 1981 915 2028 oneri
942 1996 1223 2045 supponere
1249 1986 1445 2037 tauros;

297 2055 501 2104 Sauciet
524 2063 580 2104 ut
604 2057 780 2104 duram
805 2074 973 2106 vomer
999 2058 1223 2106 aduncus
1248 2057 1472 2104 humum.

271 2228 342 2260 152.
371 2227 501 2259 Urbanae
511 2229 668 2268 splendida
678 2230 888 2271 cast1·atog‹r.]

228 2278 368 2308 Candida
388 2284 487 2308 castra
502 2285 632 2309 venuste
654 2278 757 2310 Jureti
779 2279 891 2309 codex.

227 2336 284 2366 age
300 2325 515 2363 candidatum,
532 2326 644 2368 inquit,
661 2333 756 2369 atque
779 2327 810 2358 in
826 2338 892 2358 am-

225 2375 293 2407 bitu
314 2375 463 2407 honorum
488 2382 624 2407 mentem
645 2376 797 2407 distrahe.
820 2376 892 2408 hinc

226 2425 386 2456 Ciceronis
398 2424 495 2456 oratio
510 2425 541 2455 in
557 2426 689 2456 candida
707 2432 786 2467 toga,
803 2425 893 2467 cujus

226 2475 401 2515 fragmenta
422 2479 546 2505 exstant
567 2474 651 2516 apud
667 2474 838 2505 Asconium
863 2480 893 2505 et

227 2524 315 2554 alios.
341 2524 459 2555 Hems.
485 2523 567 2555 Vide
584 2523 750 2555 Ferrar.‹le
761 2524 811 2555 Re
824 2535 892 2556 ves-

224 2573 295 2603 tiar.
313 2572 367 2603 lib.
383 2572 404 2602 i.
420 2573 473 2604 33.

269 2622 341 2652 160.
368 2622 500 2653 Mandat
515 2622 642 2653 amatori
662 2622 739 2653 bella
761 2623 894 2664 gerenda

223 2671 300 2711 stul]
328 2671 395 2701 Hoc
418 2678 484 2702 est:
511 2672 583 2713 Ipsa
607 2670 734 2713 quidem
760 2671 896 2702 abstinet

222 2719 261 2750 de
281 2725 385 2750 cetero
398 2720 502 2756 bellis,
513 2720 651 2760 gerenda
665 2726 770 2751 autem
784 2719 894 2750 eadem

960 2228 1129 2260 committit
1144 2226 1276 2259 amatori
1293 2237 1359 2263 suo,
1376 2226 1408 2257 id
1421 2231 1469 2258 est
1483 2225 1594 2262 Marti,
1611 2236 1629 2257 a

960 2289 1022 2320 quo
1035 2279 1211 2314 amabatur,
1220 2282 1281 2308 eta
1293 2287 1355 2318 quo
1368 2275 1522 2309 adulterio
1532 2275 1627 2307 etiam

959 2327 1085 2368 cognita
1100 2327 1213 2357 suerat.
1256 2326 1383 2356 Μιεγι.

1006 2377 1078 2408 161.
1104 2376 1272 2411 Quaeritur‚
1285 2373 1478 2415 AEgysthus.]
1506 2373 1554 2404 Ex
1568 2373 1629 2405 Pe-

959 2425 1042 2467 lope,
1056 2436 1075 2456 a
1085 2436 1146 2467 quo
1161 2425 1396 2466 Peloponnesus
1408 2423 1628 2465 cognominata

960 2481 1018 2513 est,
1035 2482 1126 2507 natus
1142 2482 1189 2506 est
1207 2475 1371 2517 Thyestes,
1389 2475 1441 2516 qui
1458 2475 1629 2506 concubuit

961 2535 1033 2555 cum
1047 2526 1163 2566 xErope
1176 2534 1271 2555 uxore
1287 2523 1389 2556 fratris
1400 2523 1541 2560 Atrei,et
1556 2533 1626 2554 cum

960 2573 1025 2604 filia
1054 2573 1204 2615 Pelopeja
1232 2572 1386 2604 incestum
1413 2572 1605 2615 perpetravit
1619 2584 1627 2610 ;

961 2622 1050 2664 cujus
1076 2622 1158 2653 filius
1185 2622 1360 2664 AEgysthus
1389 2632 1454 2653 rem
1491 2621 1628 2653 habebat

961 2682 1032 2703 cum
1044 2671 1298 2713 Clytaemnestra,
1310 2678 1341 2703 et
1353 2673 1447 2703 ambo
1457 2671 1626 2712 Agamem-

963 2731 1073 2752 nonem
1089 2721 1283 2752 occiderunt.
