1760 3172
220 173 306 214 3615

618 170 667 211 Ρ.
702 168 916 212 OVIDII
949 168 1229 212 NASONIS

223 287 441 335 Reddita
461 285 679 334 confusae
707 301 864 350 nuper
889 285 1067 332 solatia
1091 286 1244 333 menti

286 363 544 410 Auxilium
571 363 750 410 nostris
777 377 1021 426 spemque
1046 363 1206 410 tulere
1231 363 1391 410 malis.

223 441 397 504 thue
425 440 737 488 Machaoniis
765 440 1023 487 Poeantius
1049 441 1236 488 artibus
1263 442 1407 489 heros
1583 445 1611 490 5

289 518 464 566 Lenito
490 518 735 565 medicam
760 517 963 565 vulnere
985 517 1143 565 sensit
1167 534 1314 582 opem
1336 536 1345 567 :

225 596 309 643 Sic
336 613 428 659 ego
453 603 620 644 mente
641 597 832 659 jacens,
860 602 910 643 et
935 595 1114 643 acerbo
1139 597 1337 644 saucius
1360 597 1476 652 ictu,

291 674 566 721 Admonitu
593 673 721 737 coepi
746 672 916 720 fortior
941 688 1051 720 esse
1078 680 1192 730 tuo3

224 751 291 799 Et
308 754 414 815 J'am
439 750 693 806 deficiens,
722 750 793 797 sic
820 750 883 797 ad
907 757 995 797 tua
1018 751 1171 798 verba
1195 751 1366 804 revixi,

291 830 362 877 Ut
386 830 512 877 solet
536 829 700 876 infuso
724 845 851 876 vena
874 829 1034 876 redire
1059 845 1211 877 mero.
1557 832 1614 876 10

226 907 340 955 Non
365 916 532 955 tamen
559 907 789 955 exhibuit
813 913 980 954 tantas
1006 906 1238 954 facundia
1262 907 1405 962 vires,

291 985 363 1032 Ut
387 1001 499 1033 mea
524 985 623 1032 sint
647 985 797 1033 dictis
823 992 1030 1050 pectora
1054 1001 1176 1033 sana
1198 985 1312 1032 tuis.

226 1062 296 1110 Ut
320 1063 529 1110 multum
558 1070 738 1109 nostrae
764 1062 937 1110 demas
964 1063 1028 1110 de
1053 1061 1249 1124 gurgite
1275 1078 1423 1117 curae,

290 1140 404 1186 Non
430 1140 593 1186 minus
619 1140 881 1196 exhausto,
910 1140 1044 1202 quod
1071 1138 1342 1202 superabit,
1370 1139 1477 1187 erit.

222 1216 469 1281 Tempore
494 1217 707 1264 ducetur
732 1218 880 1281 longo
905 1217 1117 1265 fortasse
1143 1217 1377 1264 cicatrix:
1557 1219 1613 1263 15

290 1294 510 1343 Horrent
535 1296 760 1343 admotas
784 1296 990 1343 vulnera
1014 1295 1169 1342 cruda
1193 1311 1385 1341 manus.

223 1372 339 1420 Non
365 1380 443 1419 est
468 1373 517 1419 in
542 1373 736 1420 medico
762 1390 974 1438 semper,
1002 1374 1248 1421 relevetui
1273 1380 1328 1419 ut
1351 1388 1509 1435 aeger:

1599 1372 1617 1403 *ἐ

290 1449 552 1497 Interdum
577 1450 727 1498 docta
751 1452 864 1515 plus
886 1452 1018 1499 valet
1043 1459 1149 1499 arte
1174 1451 1376 1498 malum.

225 1527 421 1583 Cernis,
448 1534 505 1574 ut
529 1544 556 1574 e
582 1528 719 1574 molli
741 1528 943 1592 sanguis
969 1530 1203 1593 pulmone
1229 1528 1465 1576 remissus

288 1604 369 1651 Ad
397 1605 600 1668 Stygias
626 1613 762 1654 certo
787 1606 943 1654 limite
969 1607 1120 1654 ducat
1145 1622 1319 1669 aquas,

264 1793 294 1822 5.
314 1791 411 1832 thue
428 1792 617 1823 Illac-hamdis
636 1792 791 1824 Poeuutius
807 1796 883 1824 ιιι-τί-

221 1842 274 1871 bus
300 1841 410 1881 heros]
448 1842 635 1872 Machaoniae
659 1848 739 1872 artes
763 1844 884 1886 proprie

221 1891 279 1921 hoc
306 1890 374 1921 loco
399 1890 590 1932 accipiendae
618 1902 672 1932 pro
696 1891 745 1927 iis,
771 1893 885 1933 quibus

220 1940 392 1976 Machaon,
414 1939 591 1982 AEsculapii
615 1940 708 1978 filius,
724 1941 884 1973 Philocte-

222 1995 286 2020 tem
307 1989 439 2021 curavit.
484 1989 631 2031 Sequitur
653 1990 736 2020 enim
753 1990 888 2022 Ovidius

220 2050 326 2070 eorum
364 2039 555 2080 opinionem,
588 2039 642 2081 qui
676 2039 887 2072 Philoctetem

222 2089 329 2130 hydrae
351 2099 453 2120 morsu
475 2088 630 2125 saucium,
649 2100 748 2131 coque
765 2100 783 2120 a
799 2091 887 2121 Grae-

222 2138 268 2169 cis
283 2137 315 2168 in
331 2139 449 2169 Lemno
464 2138 620 2175 relictum,
635 2144 752 2181 postea,
769 2139 889 2170 monitu

221 2188 339 2219 oraculi
355 2194 548 2224 revocatum,
560 2194 593 2219 et
603 2189 643 2219 ad
654 2189 778 2231 Trojam
789 2200 889 2221 rever-

220 2248 300 2273 sum,
319 2236 528 2268 aMachaone
544 2243 690 2268 curatum
706 2236 827 2268 dicunt.

268 2288 316 2318 10.
351 2287 459 2328 Vena]
496 2288 612 2318 Pulsus
651 2298 754 2323 venae,
794 2298 889 2329 quam

221 2337 303 2379 apud
320 2343 458 2367 nostrum
483 2342 514 2367 et
534 2337 612 2368 alios
630 2347 683 2379 pro
701 2336 813 2368 arteria
829 2337 883 2368 de-

220 2387 293 2417 bere
318 2387 409 2423 sumi,
438 2386 612 2417 docuerunt
633 2387 704 2418 Jac.
732 2386 884 2418 Nicotaus

222 2436 360 2473 Loensis,
385 2437 439 2467 lib.
458 2437 500 2467 iv.
532 2436 671 2467 Miscell.
694 2436 808 2478 Epiph.
832 2438 884 2468 22.

219 2493 252 2517 et
277 2486 467 2517 Meibomius
491 2486 531 2516 ad
556 2486 734 2517 Cassiodori
758 2486 884 2517 Formu—

221 2535 284 2566 lam
312 2535 470 2566 Archiatr.
494 2536 546 2566 66.
573 2537 654 2566 redit
683 2542 787 2566 autem
814 2535 883 2572 ista,

221 2595 317 2626 quum
341 2591 459 2615 motum
484 2595 586 2620 suum,
613 2591 779 2626 postquam
809 2595 883 2616 con-

220 2634 349 2670 ciderat,
372 2634 493 2676 recipit.
531 2634 648 2665 Vinum
672 2634 704 2664 in
728 2635 787 2665 isto
809 2645 883 2665 casu

221 2682 395 2714 adhibitum
421 2683 525 2719 fuisse,
542 2683 635 2714 docet
650 2684 769 2714 Seneca
785 2683 884 2725 Epist.

1547 1609 1612 1653 20

949 1794 994 1825 iii.
1014 1796 1043 1825 1.
1056 1795 1109 1825 67.
1120 1805 1190 1836 sqq.
1237 1793 1324 1825 Illud
1340 1793 1443 1835 itzj'uso
1457 1793 1529 1824 huic
1546 1793 1614 1824 loco

950 1843 1072 1875 videtur
1095 1843 1187 1874 unice
1212 1849 1331 1886 aptum.
1376 1843 1503 1885 Proprie
1525 1843 1614 1875 effer-

951 1899 1012 1929 tur,
1039 1893 1092 1923 ubi
1129 1892 1248 1934 agimus
1275 1893 1315 1924 de
1338 1903 1422 1929 vase,
1446 1893 1558 1924 Horat.
1591 1894 1614 1924 i.

951 1943 1016 1973 Sat.
1028 1942 1074 1972 iii.
1085 1943 1138 1973 56.
1153 1941 1268 1973 deinde
1283 1941 1498 1977 translatione,
1512 1941 1539 1973 si
1553 1952 1618 1984 qua

952 1998 1010 2028 est,
1036 1991 1099 2022 levi
1124 1991 1163 2022 de
1187 2002 1234 2028 eo,
1250 1991 1305 2033 qui
1327 2002 1381 2033 pro
1395 2001 1468 2022 vase
1490 1997 1548 2028 est,
1565 1992 1616 2023 cui

954 2047 1061 2084 potum
1082 2041 1149 2072 scil.
1170 2048 1224 2072 aut
1245 2041 1400 2083 impingas
1416 2040 1545 2078 nolenti,
1561 2047 1616 2073 aut

955 2101 1075 2121 sumere
1098 2101 1153 2132 per
1177 2101 1210 2121 se
1239 2090 1293 2132 qui
1318 2090 1437 2131 nequit,
1461 2089 1616 2132 invergas.

955 2140 1105 2170 Hmuns.

1001 2190 1051 2220 12.
1067 2189 1135 2219 Sint
1150 2188 1249 2229 sunm]
1275 2188 1343 2219 Sint
1358 2188 1424 2219 sine
1440 2189 1555 2220 dolore.

1001 2240 1052 2270 16.
1082 2239 1214 2269 Vulnera
1240 2238 1367 2278 crudt10]
1403 2239 1546 2270 Vulnera
1569 2250 1618 2271 te-

957 2289 1071 2319 centia.
1109 2289 1178 2319 Hoc
1203 2287 1297 2318 dicit:
1323 2298 1431 2319 recens
1445 2287 1532 2319 dolor
1546 2288 1617 2320 nul-

950 2337 996 2368 las
1012 2337 1150 2368 admittit
1164 2337 1401 2368 consolationes.

997 2389 1045 2418 19.
1064 2388 1092 2417 Ε
1106 2388 1189 2418 molli
1201 2387 1366 2427 pulmone]
1386 2386 1509 2417 Mollem
1520 2387 1615 2428 probe

952 2443 1053 2468 vocat.
1091 2437 1265 2468 Vulnerato
1287 2436 1369 2467 enim
1385 2436 1542 2479 pulmone,
1560 2436 1616 2467 ho·

952 2497 1001 2517 mo
1031 2486 1212 2528 perimitur:
1244 2497 1316 2517 nam
1345 2485 1528 2528 spongiosus
1556 2491 1614 2522 est,

952 2535 1086 2578 ideoque
1099 2536 1224 2579 spiritus
1238 2546 1349 2578 capax.
1379 2536 1520 2577 Sanguis.
1536 2535 1614 2566 San-

952 2585 1022 2626 guis
1045 2585 1174 2626 ejectus,
1191 2585 1280 2616 illato
1295 2585 1433 2616 vulnere.
1473 2584 1561 2614 Certo
1578 2585 1614 2614 Ii-

951 2637 1030 2665 mite.
1064 2635 1140 2666 Vita
1161 2646 1222 2666 non
1243 2634 1402 2676 ambigua,
1423 2634 1498 2676 quia
1522 2633 1613 2664 mori-

952 2690 1013 2715 tur.
1049 2685 1098 2715 Ex
1113 2695 1175 2726 quo
1190 2685 1283 2715 docet
1298 2694 1427 2715 causam
1442 2693 1530 2717 suam
1546 2692 1613 2714 esse

952 2733 1115 2775 perditam,
1129 2741 1159 2764 et
1176 2734 1383 2776 deploratam.
