1760 3172
256 160 343 201 466

643 156 695 197 Ρ.
733 155 947 197 OVIDII
981 154 1262 197 NASONIS

259 275 371 330 Quo
398 274 524 338 pede
552 289 682 319 nunc
708 280 834 326 utar,
852 271 1006 318 dubia
1030 278 1108 318 est
1132 271 1381 319 sententia
1404 273 1544 319 nobis
1565 290 1574 319 :

324 350 465 398 Alter
489 348 620 396 enim
646 349 708 396 de
733 355 799 403 te,
829 348 1024 403 Rhene,
1052 348 1333 411 triumphus
1360 348 1517 395 adest.

258 428 405 475 Irrita
428 443 654 474 verorum
680 443 778 473 non
805 433 920 472 sunt
944 426 1190 489 praesagia
1212 433 1407 474 vatum:

326 505 507 552 Danda
530 503 640 551 Jovi
667 503 851 557 laurus,
880 503 999 549 dum
1025 503 1156 566 prior
1180 502 1263 549 illa
1283 502 1423 550 viret.
1582 505 1644 549 90

260 582 367 630 Nec
384 598 495 629 mea
510 582 661 629 verba
683 581 824 643 legis,
843 579 929 643 qui
948 596 1057 626 sum
1078 581 1337 627 submotus
1357 581 1419 627 ad
1440 579 1640 635 Istrum,

325 658 440 706 Non
464 659 590 705 bene
616 657 807 721 pacatis
833 657 1037 704 flumina
1059 664 1178 720 pota
1205 657 1375 704 Getis:

258 736 362 784 Ista
388 735 484 783 Dei
508 752 604 782 vox
631 741 734 782 est:
767 734 906 781 Deus
932 741 1009 780 est
1033 734 1083 780 in
1108 742 1308 797 pectore
1331 741 1526 782 nostro:

323 813 444 860 Haec
469 813 596 860 duce
622 812 838 875 praedico
863 811 1202 874 vaticinorque
1231 811 1355 858 Deo.

256 890 389 945 Quid
411 906 579 938 cessas
596 905 792 936 currum
812 905 1150 952 pompamque
1167 905 1339 952 parare
1360 888 1640 952 triumphiS,

322 967 491 1015 Livia?
522 968 627 1030 jam
653 968 813 1014 nullas
840 967 962 1014 dant
985 967 1074 1014 tibi
1100 967 1231 1014 bella
1255 982 1433 1013 moras.
1580 968 1643 1012 96

255 1045 456 1093 Perfida
479 1045 742 1091 damnatas
765 1044 1036 1091 Germania
1059 1043 1257 1108 projicit
1281 1044 1449 1090 hastas
1469 1060 1477 1090 :

320 1121 350 1168 J
357 1138 436 1169 am
460 1122 658 1185 pondus
685 1121 823 1168 dices
850 1138 995 1169 omen
1021 1122 1203 1168 habere
1229 1137 1411 1168 meum.

257 1199 437 1255 Crede,
457 1199 695 1262 brevique
721 1198 845 1246 fides
867 1198 1025 1245 aderit
1041 1197 1356 1265 &geminabit
1373 1198 1613 1245 honorem

322 1275 493 1332 Filius,
521 1282 572 1323 et
590 1275 796 1338 junctis,
825 1282 879 1322 ut
903 1267 1063 1339 prius,
1084 1275 1176 1322 ibit
1200 1274 1360 1338 equis.

1549 1277 1642 1321 lOO

253 1353 450 1408 Prome,
469 1353 604 1418 quod
630 1352 822 1415 injicias
847 1353 1064 1400 humeris
1088 1353 1375 1408 victoribus,
1399 1360 1586 1400 ostrum
1606 1368 1616 1399 :
1663 1365 1686 1415 {7

320 1430 440 1494 Ipsa
464 1421 632 1493 potest
657 1429 856 1476 solitum
882 1446 1028 1477 nosse
1050 1446 1231 1477 corona
1255 1437 1423 1494 caput.

254 1506 426 1563 Scuta,
454 1507 544 1554 sed
569 1513 620 1554 et
644 1507 799 1569 galeae
824 1507 1034 1569 gemmis
1062 1508 1315 1555 radientur
1339 1515 1390 1555 et
1414 1523 1549 1562 auro,

321 1584 567 1646 Stentque
595 1599 742 1647 super
766 1583 957 1631 vinctos
983 1591 1159 1632 trunca
1181 1592 1369 1648 tropaea
1385 1585 1530 1632 viros.

254 1660 455 1725 Oppida
479 1660 666 1707 turritis
693 1660 956 1723 cingantur
982 1662 1199 1709 eburnea
1223 1662 1404 1719 muris3
1549 1665 1641 1708 102>

318 1737 561 1802 Fictaque
586 1754 663 1785 res
688 1754 803 1786 vero
828 1754 963 1786 more
990 1745 1189 1803 putetur
1214 1739 1310 1802 agi.
1683 1730 1688 1734 ¹

291 1885 344 1915 90.
363 1884 474 1914 Danda
490 1884 558 1915 Jovi
574 1883 705 1924 laurus]
721 1883 911 1926 Triumphus

248 1932 372 1964 dandus
398 1939 444 1964 est
466 1933 538 1964 Jovi
567 1933 756 1974 Capitolino,
778 1933 829 1964 6111
853 1933 909 1963 1111-

248 1987 406 2023 peratores
429 1982 515 2012 lauro
540 1981 677 2012 coronati
701 1982 789 2013 ibant
815 1983 911 2014 sacri-

249 2031 389 2062 ficatum.
444 2031 506 2062 Vel
535 2031 612 2062 dicit
642 2031 815 2073 ponendam
843 2042 910 2062 esse

249 2079 389 2111 lauream
411 2080 450 2111 de
473 2091 556 2111 more
577 2087 648 2122 post
666 2080 856 2122 triumphum
878 2081 910 2111 in

248 2130 315 2160 aede
331 2129 418 2161 Jovis
434 2129 615 2172 Capitolini.
654 2130 735 2159 Dum
750 2133 835 2170 prior
855 2132 911 2161 illa

247 2181 336 2209 viret.
373 2180 459 2209 Dum
485 2190 597 2210 corona
626 2179 680 2210 illa
703 2179 829 2215 Tiberii,
850 2191 912 2221 qua

250 2228 344 2268 paulo
367 2234 439 2258 ante
460 2238 556 2258 ovans
573 2229 612 2258 ob
628 2228 818 2259 debellatum
834 2230 908 2270 llly-

247 2276 357 2313 ricum,
381 2283 545 2308 coronatus
571 2278 677 2308 urbem
703 2277 838 2314 intravit,
855 2278 910 2309 ad-

249 2325 310 2357 huc
331 2333 377 2357 est
400 2337 507 2357 recens
522 2332 552 2357 et
569 2326 687 2357 viridis.
726 2328 771 2357 Ex
788 2338 849 2368 quo
864 2328 911 2358 in-

246 2376 314 2406 nuit
341 2382 410 2418 post
434 2376 523 2408 illum
549 2376 749 2418 triumphum,
778 2377 910 2408 alterum

247 2426 340 2455 etiam
354 2425 534 2467 propediem
550 2425 654 2456 deberi
666 2426 803 2457 Tiberio.

289 2475 343 2505 94.
374 2475 475 2516 Ham]
510 2476 603 2506 Hunc
635 2476 766 2506 alterum
798 2474 907 2506 trium-

248 2523 357 2565 phum.
458 2552 462 2555 .

289 2573 341 2602 97.
371 2572 492 2613 Pezjida
524 2572 714 2613 Germania]
740 2573 909 2605 Germania

245 2632 315 2662 quae
335 2620 426 2651 fidem
449 2621 531 2662 rupit
547 2621 709 2657 Romanis,
728 2633 808 2653 caeso
826 2623 908 2654 Varo

245 2676 275 2700 et
302 2669 398 2700 tribus
430 2670 615 2711 legionibus.
648 2672 816 2701 Damnatus
843 2673 908 2702 has-

244 2725 300 2749 tas.
344 2719 434 2750 Bella
444 2726 475 2750 et
492 2730 588 2755 arma,
602 2732 671 2761 qua}
690 2721 861 2753 detestatur
877 2729 908 2753 et

1614 1664 1637 1686 f.

978 1883 1118 1915 damnat.
1170 1884 1310 1924 Prqjicit.
1341 1883 1461 1925 Abjicit
1488 1889 1638 1925 tanquam

977 1944 1066 1976 paene
1083 1934 1176 1965 victa.

1021 1984 1074 2014 99.
1091 1983 1263 2014 Geminabit
1279 1983 1415 2013 honorem
1435 1981 1558 2022 Filius]
1583 1982 1638 2012 Ti-

977 2033 1080 2063 berius
1097 2033 1193 2063 alium
1205 2038 1410 2073 consequetur
1425 2031 1615 2073 triumphum
1630 2045 1637 2061 :

978 2086 1009 2112 et
1025 2081 1069 2112 ita
1084 2081 1200 2123 duplici
1219 2081 1375 2122 triumpho
1395 2080 1452 2111 erit
1475 2080 1636 2121 gloriosus,

979 2131 1075 2161 altero
1095 2137 1184 2172 parto
1205 2131 1244 2161 de
1267 2130 1387 2172 Illyria,
1402 2130 1498 2160 altero
1514 2140 1585 2160 vero
1600 2131 1639 2161 de

979 2180 1156 2211 Germanis.
1174 2180 1315 2211 Tiberius
1325 2179 1419 2215 enim,
1432 2185 1552 2210 vastata
1560 2181 1638 2212 Ger-

978 2229 1093 2265 mania,
1110 2229 1276 2271 imperator
1291 2229 1468 2270 adpellatus
1483 2228 1551 2259 fuit.

1024 2279 1094 2308 104.
1124 2279 1264 2319 Stentque
1293 2289 1382 2318 super
1410 2280 1499 2307 fictos
1529 2285 1637 2310 trunca

979 2334 1089 2367 tropaea
1119 2328 1223 2368 tiron]
1264 2327 1377 2358 Malim
1404 2338 1492 2366 snper
1528 2330 1641 2359 vincens

981 2379 1055 2408 siros
1068 2388 1139 2408 curn
1155 2377 1246 2419 prim.
1285 2377 1434 2407 Mediceo
1449 2383 1480 2407 et
1501 2377 1639 2418 quinque

978 2426 1059 2457 aliis.
1096 2428 1133 2457 In
1150 2426 1356 2457 Numismatis
1371 2425 1454 2456 enim
1475 2427 1636 2457 marmori-

976 2476 1098 2517 busque
1114 2476 1249 2517 antiquis
1265 2475 1416 2517 adparent
1431 2475 1545 2517 passim
1563 2485 1637 2517 cap-

976 2525 1032 2556 tivi
1049 2525 1172 2567 tropaeis
1188 2525 1329 2567 adligati.
1354 2525 1473 2555 Hfflxs.
1516 2525 1637 2556 Trunca

977 2581 1096 2614 {ropzrffi
1119 2576 1198 2612 Quae
1213 2574 1382 2615 amputatis
1391 2573 1549 2604 arboribus
1562 2574 1636 2614 fige-

975 2623 1107 2662 bantur;
1132 2624 1335 2665 amputabant
1358 2622 1440 2653 enim
1462 2633 1562 2653 ramos
1589 2633 1636 2653 ar-

975 2673 1095 2708 borum,
1123 2683 1158 2703 ac
1191 2672 1304 2703 deinde
1343 2671 1436 2702 armis
1464 2672 1635 2713 spoliisque

975 2721 1053 2753 hosti
1070 2722 1217 2753 detractis
1231 2722 1392 2753 ornabant.
