1760 3172
371 175 681 219 TRISTIUM
713 175 834 218 LIB.
869 175 904 216 I.
940 176 1120 219 ELEG.
1156 180 1236 220 IV.
1425 182 1507 222 159

583 368 886 417 ELEGIA
938 369 1028 417 IV.

108 509 392 555 TINGITUR
421 508 625 556 Oceano
649 515 818 555 custos
846 508 1238 572 Erymanthidos
1267 513 1425 569 Ursae,

175 585 556 648 AEquoreasque
581 601 670 632 suo
696 584 858 632 sidere
884 586 1053 651 turbat
1079 601 1236 649 aquas
1257 603 1266 633 :

109 662 216 709 Nos
240 669 409 709 tamen
435 661 634 708 Ionium
658 677 759 707 non
784 668 953 707 nostra
976 661 1212 710 findimus
1240 681 1409 728 aequor

175 739 393 803 Sponte3
435 738 525 786 sed
549 738 766 785 audaces
792 737 1017 799 cogimur
1041 755 1152 786 esse
1177 749 1331 789 metu.

109 815 197 864 Me
220 816 478 864 miserum!
518 815 719 878 quantis
739 815 1025 862 increscunt
1044 832 1246 879 aequora
1259 821 1442 879 ventis3
1472 826 1501 869 5

175 892 435 956 Erutaque
459 908 523 940 ex
542 892 655 938 imis
680 891 836 938 fervet
860 906 1010 938 arena
1032 892 1199 940 vadis!

105 969 281 1017 Monte
305 986 397 1018 nec
422 969 636 1025 inferior,
664 984 821 1032 prorae
847 969 1108 1032 puppique
1134 986 1351 1020 recurvae

175 1046 355 1103 Insilit,
383 1053 434 1094 et
458 1046 618 1110 pictos
643 1045 872 1093 verberat
896 1045 1030 1091 unda
1057 1045 1209 1094 Deos.

110 1122 269 1172 Pinea
291 1130 434 1171 texta
458 1130 663 1179 sonant3
704 1121 834 1186 pulsi
857 1123 1066 1171 stridore
1091 1125 1356 1185 rudentes3

172 1200 408 1264 Aggemit
432 1208 483 1248 et
507 1200 690 1248 nostris
715 1200 827 1263 ipsa
851 1200 1020 1247 carina
1044 1202 1205 1250 malis.
1442 1210 1501 1254 10

153 1410 180 1440 1.
212 1410 261 1440 Ex
280 1408 342 1440 fide
366 1409 602 1451 castigatiorum
626 1408 770 1439 codicum

105 1457 255 1490 Heinsius
269 1469 306 1490 ac
320 1459 522 1490 Burmannus
534 1457 696 1490 exordium
712 1467 769 1488 no-

41 1515 44 1518 ·
106 1517 153 1538 vae
169 1507 277 1549 elegiae
291 1507 364 1538 hinc
380 1508 532 1539 fecerunt.

151 1558 320 1600 Tinguitur
344 1559 488 1599 Oceano]
526 1557 630 1589 Valde
652 1557 771 1598 poetica

105 1607 280 1638 occidentis
316 1607 444 1638 Arcturi
481 1607 650 1649 descriptio
668 1618 674 1636 ε
723 1611 771 1636 est

105 1655 226 1696 phrasis
233 1656 336 1698 optica
347 1667 385 1687 ex
398 1662 502 1687 mente
513 1661 663 1687 veterum.
686 1654 767 1685 Stel-

105 1702 144 1734 lae‘
160 1705 253 1740 enim,
265 1715 362 1746 quum
374 1705 532 1741 occidunt,
550 1703 627 1734 mari
642 1703 768 1734 tandem

106 1753 204 1795 mergi
214 1754 373 1785 videntur.
420 1753 636 1796 Arctophylax
652 1758 768 1788 autem,

107 1801 184 1833 alias
206 1803 333 1838 Bootes,
350 1802 461 1833 Ursam
482 1803 631 1844 majorem
645 1801 770 1832 videtur

107 1850 228 1892 insequi
244 1863 250 1881 ε
275 1852 358 1883 conf.
373 1851 556 1883 Germanici
573 1851 660 1882 Arat.
676 1850 770 1881 sider.

107 1900 342 1941 septentrional.
357 1912 388 1932 v.
403 1902 457 1932 90.
478 1912 524 1942 sq.
548 1902 621 1931 138.
641 1911 687 1941 sq.
712 1898 771 1929 ibi-

108 1959 168 1990 que
186 1950 328 1981 Grotium
343 1956 375 1981 et
395 1951 606 1982 Schwarzium
626 1950 658 1980 in
679 1949 771 1990 hujus

107 1997 279 2030 miscellan.
295 1999 403 2041 philol.
418 2005 450 2030 et
464 1999 601 2041 theolog.
614 1997 771 2039 (Coburgi

110 2045 221 2088 1715.)
245 2048 342 2079 Ovid.
367 2049 452 2080 Fast.
475 2049 507 2079 ii.
534 2050 606 2080 185.
630 2058 698 2089 sqq.
727 2045 771 2076 iii.

111 2096 183 2127 405.
199 2107 270 2139 sqq.
316 2098 419 2140 Hujus
433 2098 467 2128 in
482 2098 604 2129 fimbria
618 2097 711 2129 stella
726 2101 774 2126 est

107 2145 303 2187 praefulgida,
330 2158 425 2188 quam
455 2149 623 2178 Arcturum
648 2149 771 2180 vocant,

108 2194 197 2236 cujus
221 2200 305 2226 ortus
341 2202 373 2226 et
409 2207 538 2227 occasus
575 2196 774 2238 gravissimas

107 2243 187 2274 ciere
198 2249 403 2287 tempestates
415 2246 610 2277 credebatur.
634 2245 767 2283 Plinius,

107 2292 196 2324 xviii.
220 2303 289 2335 cap.
313 2295 368 2325 31.
392 2293 433 2325 iv.
458 2305 554 2326 nonas
582 2295 769 2326 Novembris

107 2340 276 2372 Arcturum
290 2343 411 2385 vesperi
425 2344 568 2375 occidere
583 2344 700 2376 scribit.
736 2345 770 2375 Is

106 2390 231 2427 occidit,
247 2396 282 2422 ut
295 2391 426 2423 alteram
440 2392 587 2429 Ciofanii,
602 2393 652 2424 vel
667 2393 770 2435 potius

107 2437 211 2470 Cleuii
231 2440 420 2471 sententiam
441 2440 606 2482 proferam,
623 2441 770 2473 chronice

106 2496 177 2517 cum
193 2488 286 2519 tertia
298 2488 420 2520 decima
433 2496 521 2531 parte
535 2490 648 2531 (quam
662 2501 770 2522 recen-

105 2535 198 2566 tiores
217 2542 331 2567 vocant
345 2538 494 2579 gradum)
510 2539 680 2581 Sagittarii,
697 2542 727 2572 h.
744 2553 772 2573 e.

108 2585 230 2616 circiter
253 2585 297 2617 iv.
314 2587 364 2617 Id.
380 2588 568 2619 Decembris
589 2589 619 2620 in
643 2590 771 2623 finiente

106 2633 325 2674 (Horizontem
346 2636 440 2677 vulgo
465 2636 592 2678 dicunt)
611 2638 767 2676 Romano,

108 2692 205 2722 quum
220 2683 280 2714 hac
294 2689 477 2726 tempestate
492 2687 544 2717 Sol
560 2687 591 2717 in
608 2687 672 2718 xiii.
684 2695 769 2730 parte

107 2731 265 2772 Sagittarii
276 2733 389 2764 existat
406 2733 527 2765 circiter
538 2736 591 2767 vii.
604 2736 767 2771 Ka1.Dec.

837 1412 868 1437 et
892 1408 966 1448 quia
989 1407 1079 1450 signa
1103 1409 1192 1441 sedes
1213 1422 1284 1442 suas
1306 1412 1417 1444 diebus
1438 1415 1501 1447 xiv.

837 1456 1059 1499 anticiparunt‚
1086 1459 1142 1496 sic,
1165 1465 1200 1491 ut
1226 1461 1333 1492 Ovidii
1363 1468 1501 1506 tempore

835 1506 888 1536 Sol
917 1506 950 1536 in
985 1507 1094 1537 eadem
1124 1508 1190 1539 xiii.
1227 1510 1385 1551 Sagittarii
1413 1519 1502 1554 parte

836 1565 931 1596 prope
953 1554 995 1586 iv.
1020 1556 1069 1587 Id.
1093 1557 1175 1588 Dec.
1197 1559 1346 1595 extiterit,
1365 1571 1426 1601 quo
1450 1561 1502 1592 die

837 1603 945 1633 infelix
967 1610 1060 1646 poeta
1086 1605 1118 1636 in
1142 1607 1286 1638 exsilium
1303 1609 1503 1649 proficiscens

837 1651 941 1682 Roma
966 1652 1122 1684 discessit.
1171 1655 1369 1695 Erymanthi&
1397 1664 1502 1689 autem

837 1707 966 1733 vocatur
982 1713 1062 1738 ursa,
1079 1704 1118 1733 ab
1134 1704 1339 1745 Erymanth0‚
1355 1707 1501 1738 Arcadiae

836 1752 923 1782 urbe.
940 1763 969 1782 v.
985 1752 1036 1783 ad.
1052 1753 1102 1783 El.
1114 1753 1158 1783 iii.
1170 1755 1261 1784 v.48.
1307 1755 1358 1786 De
1374 1756 1504 1799 naviga-

837 1799 929 1830 tionis
945 1801 1135 1842 temporibus
1151 1802 1214 1843 egit
1238 1803 1304 1834 Iac.
1320 1804 1454 1837 Hasaeus
1469 1807 1502 1838 in

836 1848 982 1880 biblioth.
995 1850 1157 1882 Bremensi
1182 1852 1222 1882 cl.
1238 1852 1258 1882 i.
1273 1863 1346 1893 pag.
1363 1854 1415 1885 27.
1428 1865 1500 1896 sqq.

837 1897 986 1929 HAnLsss.

881 1948 912 1978 2.
940 1948 1055 1978 Turbat
1065 1949 1184 1989 aquas]
1212 1949 1339 1981 Arcturi
1355 1952 1438 1982 enim
1454 1965 1501 1984 or-

839 2002 888 2027 tus
911 2002 941 2027 et
964 2008 1095 2028 occasus
1117 1998 1315 2039 gravissimas
1338 2000 1402 2032 ciet
1422 2008 1502 2037 tem-

840 2052 988 2088 pestates.
1034 2048 1165 2078 Bssnsm.

883 2097 914 2126 8.
939 2097 1040 2127 Pictos
1058 2097 1229 2138 Deos,&c.]
1257 2098 1295 2128 In
1307 2100 1405 2142 puppi
1418 2102 1503 2133 velut

841 2145 998 2186 quoddam
1012 2146 1181 2177 sacrarium
1197 2153 1273 2183 erat,
1285 2154 1315 2178 et
1331 2148 1363 2179 in
1375 2160 1411 2179 eo
1425 2149 1503 2182 ima-

841 2194 940 2235 gines,
955 2201 1009 2226 aut
1028 2200 1139 2226 statuae
1156 2196 1296 2226 Deorum
1317 2197 1405 2228 navis
1422 2204 1502 2231 tute-

835 2243 960 2274 larium.
993 2244 1044 2274 Ab
1059 2254 1107 2279 eo,
1120 2255 1179 2275 ceu
1194 2245 1320 2285 insigni,
1336 2257 1432 2278 naves
1447 2258 1502 2290 ap-

835 2292 1043 2333 pellabantur,
1081 2298 1112 2323 et
1156 2293 1257 2335 ipsum
1302 2295 1502 2337 παράσημον

837 2341 954 2379 moth,-
970 2343 1090 2373 πλοίου
1101 2342 1173 2373 vide
1184 2343 1318 2374 Turneb.
1328 2344 1349 2374 i.
1361 2344 1424 2376 xiX.
1433 2356 1503 2388 cap.

836 2393 866 2421 2.
890 2391 1142 2422 PoxT.-—-Pictos
1155 2394 1232 2423 cleos.
1247 2393 1332 2424 Deos
1344 2393 1444 2435 pictos
1456 2395 1503 2425 in-

836 2441 951 2482 telligit
965 2441 997 2472 in
1013 2441 1079 2483 ipsa
1094 2441 1203 2483 puppi.

880 2492 911 2521 9.
942 2491 1037 2520 Pinea
1076 2491 1183 2530 terrm]
1224 2490 1312 2521 Paris
1350 2491 1501 2522 Helenae:

839 2541 962 2571 Teritur
989 2547 1018 2571 et
1054 2542 1139 2571 costis
1163 2542 1267 2579 pamla
1295 2542 1402 2570 carina
1430 2543 1501 2572 suis.

837 2590 969 2619 Veteres
991 2589 1073 2619 enim
1097 2588 1259 2624 dicebant,
1283 2595 1379 2619 terere
1402 2601 1501 2627 ηαυεε,

836 2644 867 2669 et
890 2639 992 2669 locum
1015 2637 1047 2667 in
1063 2649 1124 2679 quo
1148 2647 1242 2668 naves
1258 2637 1502 2675 fabricabantur,

838 2687 1019 2724 textrinum,
1035 2686 1139 2729 Graeci
1157 2686 1357 2728 νιιυπὴγιον.
1394 2687 1499 2720 ΡοΝΤ.
