1760 3172
263 167 348 209 500

652 166 702 207 P.
737 165 948 208 OVIDII
982 165 1262 208 NASONIS

265 281 466 343 Pugnat
489 281 551 328 ad
577 282 862 345 exemplum
887 281 1042 328 Primi
1068 281 1226 328 minor
1249 280 1420 328 ordine
1443 279 1537 327 Pili
1557 298 1567 338 ;

332 357 597 421 Multaque
622 358 716 406 fert
739 359 881 406 miles
907 359 1123 413 vulnera,
1151 358 1307 405 multa
1329 357 1462 405 facit.
1587 359 1650 404 50

266 436 368 483 Sed
392 442 585 482 tantum
610 436 762 483 virtus
788 436 908 483 alios
934 442 1020 483 tua
1044 436 1261 499 praeterit
1285 451 1473 491 omnes,

328 512 460 560 Ante
485 512 609 559 citos
636 520 880 575 quantum
906 512 1132 575 Pegasus
1158 512 1262 559 ibat
1288 528 1461 575 equos.

263 589 490 636 Vincitur
514 589 792 653 AEgypsos:
832 596 1114 652 testataque
1139 596 1338 653 tempus
1363 589 1412 635 in
1438 604 1583 635 omne

333 666 461 713 Sunt
480 673 581 723 tua,
608 666 841 723 Vestalis,
869 665 1087 714 carmine
1111 666 1243 714 facta
1266 682 1394 714 meo.

640 968 1067 1017 EPISTOLA
1112 968 1259 1017 VIII.

788 1101 814 1126 '¹‘
847 1099 1117 1143 SUILLIO.

261 1204 474 1252 LITERA
503 1219 614 1251 sera
639 1203 859 1267 quidem,
891 1205 1067 1252 studiis
1093 1205 1291 1253 exculte
1319 1205 1478 1263 Suilli,

324 1281 439 1329 Huc
463 1288 550 1329 tua
573 1282 812 1346 pervenit,
842 1283 931 1330 sed
955 1283 1076 1329 mihi
1102 1290 1244 1346 grata
1267 1291 1464 1343 tamem

258 1358 385 1416 Qua,
412 1359 497 1423 pia
511 1358 745 1423 ⁴‚s,‚i,possit
773 1359 992 1423 Superos
1018 1359 1174 1408 lenire
1192 1361 1411 1423 rogando

325 1427 757 1502 Gratia,s“laturum
781 1444 831 1484 te
855 1437 977 1484 mihi
1003 1438 1127 1485 dicis
1153 1454 1316 1502 opem.

253 1513 325 1561 Ut
343 1515 448 1577 jam
473 1514 541 1560 nil
566 1521 789 1578 praestes,
817 1515 966 1562 animi
992 1532 1103 1563 sum
1127 1516 1288 1564 factus
1315 1516 1460 1564 amici
1610 1521 1639 1567 5

320 1581 645 1649 Debitor;„³'et
668 1591 918 1649 meritum,
939 1593 1068 1641 velle
1088 1595 1278 1657 juvare,
1297 1610 1438 1642 voco.

248 1668 472 1733 Impetus
495 1668 591 1716 iste
614 1676 729 1715 tuus
754 1669 958 1732 longum
982 1670 1128 1718 modo
1154 1670 1300 1718 duret
1323 1671 1373 1717 in
1398 1687 1584 1730 aevum3

318 1744 459 1793 Neve
483 1745 624 1793 malis
649 1745 810 1809 pietas
836 1746 901 1794 sit
925 1753 1013 1795 tua
1035 1747 1169 1795 lassa
1192 1747 1332 1795 meis.

293 1944 347 1974 49.
372 1943 506 1984 Mirum]
532 1943 682 1975 Centurio
702 1944 757 1985 qui
772 1950 839 1976 erat
854 1945 911 1977 sub

248 1991 422 2034 primipilo:
446 1992 479 2023 id
495 1998 552 2029 est,
568 1993 625 2025 sub
641 1993 771 2025 Vestale
786 1994 912 2025 minoris

248 2041 423 2082 dignitatis.
470 2042 599 2083 Pugnat
617 2044 655 2072 ad
671 2044 834 2082 ezemplum
844 2046 910 2083 pri-

247 2092 355 2130 mipili.
400 2090 547 2122 Videndo
578 2091 770 2134 primipilum
800 2092 911 2124 acriter

247 2140 280 2171 in
304 2140 404 2182 prima
428 2140 495 2171 acie
522 2151 674 2183 pugnare,
696 2147 727 2173 et
750 2142 815 2183 ipse
839 2152 910 2173 eum

246 2188 444 2226 imatabatur,
459 2190 630 2232 pugnando
645 2190 740 2221 etiam
756 2190 883 2223 fortiter.

289 2241 342 2271 53.
376 2240 517 2271 Vincitur
540 2240 716 2282 AEgypsos.]
750 2241 833 2272 Urbs
857 2241 913 2272 illa

247 2289 372 2320 tandem
398 2294 452 2319 tua
475 2288 600 2325 virtute,
616 2300 634 2320 o
659 2289 809 2326 Vestam,
825 2290 911 2332 capi-

245 2343 306 2370 tur.
360 2338 490 2369 Testata.
538 2338 728 2370 Testimonio
773 2349 912 2380 compro-

245 2387 331 2419 bata.

289 2438 308 2456 ³*
331 2437 497 2478 Summa]
524 2437 585 2468 Hic
606 2437 674 2468 sine
695 2437 791 2469 dubio
812 2444 859 2468 est
874 2439 911 2469 P.

245 2485 384 2522 Suillius,
401 2486 465 2527 qui,
475 2492 610 2527 quaestor
626 2487 759 2528 primurn
776 2486 909 2518 Caesaris

246 2536 437 2572 Germanici,
457 2535 580 2577 legatus
605 2535 718 2567 deinde
741 2546 795 2577 pro
820 2546 906 2577 quae·

245 2590 324 2615 store
340 2585 372 2615 in
388 2585 476 2621 Asia,
492 2584 640 2627 deinceps
654 2590 724 2627 post
745 2595 907 2616 excessum

246 2633 438 2670 Germanici,
463 2633 626 2665 convictus
651 2633 809 2676 accepisse
838 2645 904 2676 pre-

244 2682 322 2713 tium
344 2683 382 2713 ob
403 2693 468 2713 rem
487 2682 706 2725 judicandam,
723 2682 818 2714 Italia
836 2683 904 2724 pul-

244 2742 295 2763 sus
316 2736 411 2772 atque
430 2731 558 2774 ejectus,
574 2731 689 2764 Tiberii
709 2743 779 2763 mox
802 2731 904 2763 edicto

981 1945 1137 1986 relegatus
1163 1945 1196 1976 in
1224 1944 1370 1981 insulam,
1397 1955 1495 1986 eoque
1519 1951 1640 1978 mortuo

981 2005 1133 2030 reversus²
1145 1994 1273 2026 Claudii
1284 1994 1416 2025 Caesaris
1425 1994 1551 2026 demum
1562 1995 1640 2026 ami-

980 2043 1056 2074 citia.
1074 2053 1110 2074 ac
1134 2042 1344 2074 familiaritate
1369 2043 1422 2074 diu
1445 2043 1578 2075 feliciter
1594 2050 1642 2076 est

980 2103 1064 2123 usus.
1101 2093 1165 2123 Sub
1181 2093 1306 2123 Nerone
1317 2092 1456 2129 tandem,
1472 2093 1556 2134 quod
1572 2105 1640 2136 pre-

979 2140 1023 2171 tio
1051 2141 1225 2172 conductus
1253 2151 1416 2172 accusasse
1444 2141 1639 2175 insimulare-

979 2195 1039 2226 tur,
1065 2195 1097 2221 et
1126 2190 1300 2232 complures
1330 2190 1471 2232 adegisse
1495 2191 1535 2222 ad
1558 2202 1639 2224 mor-

979 2245 1055 2275 tem,
1083 2240 1210 2271 Seneeae
1244 2239 1381 2281 impulsu
1420 2240 1489 2282 lege
1527 2241 1640 2273 Cincia

979 2288 1155 2325 damnatus,
1177 2295 1208 2320 et
1231 2288 1263 2319 in
1284 2289 1434 2320 Baleares
1458 2289 1639 2331 deportatus

978 2343 1035 2368 est.
1074 2338 1157 2369 Rem
1178 2348 1300 2368 omnem
1319 2338 1442 2380 copiose
1457 2345 1638 2380 persecutus

978 2395 1024 2419 est
1038 2388 1176 2425 Tacitus,
1192 2388 1246 2418 lib.
1262 2388 1302 2418 iv.
1320 2389 1368 2418 11.
1384 2394 1416 2419 et
1430 2387 1496 2418 xiii.

1022 2437 1052 2468 3.
1068 2437 1163 2477 Sipia
1179 2437 1312 2479 gratim]
1331 2437 1362 2468 Si
1377 2447 1463 2468 amor
1477 2443 1549 2468 tuus
1563 2448 1637 2479 erga

976 2496 1026 2516 me
1042 2485 1125 2527 pius.
1173 2487 1274 2516 Posset
1293 2486 1387 2517 lenire
1403 2486 1538 2527 Super-05.
1559 2487 1635 2519 Pos-

976 2542 1023 2566 set
1038 2536 1175 2567 mulcere
1192 2541 1223 2566 et
1241 2536 1367 2577 placare
1384 2536 1536 2567 Caesares.
1582 2536 1634 2568 Ti-

974 2585 1095 2616 berium
1111 2585 1243 2622 scilicet,
1260 2585 1494 2622 Germanicum,
1511 2596 1546 2617 ac
1562 2586 1635 2617 reli-

975 2646 1052 2676 quos
1068 2635 1219 2666 Caesares.

1016 2685 1046 2715 7.
1064 2684 1196 2724 Impetus
1210 2686 1264 2715 iste
1281 2683 1377 2724 tunsa]
1394 2684 1457 2715 Iste
1473 2689 1545 2716 tuus
1562 2684 1630 2716 ani-

973 2733 1015 2764 mi
1031 2734 1119 2766 ardor
1134 2734 1214 2766 bene
1230 2733 1369 2766 merendi
1385 2733 1424 2764 de
1440 2743 1500 2766 me.
