1760 3172
204 187 261 228 26
597 185 645 226 P.
680 183 893 226 OVIDII
927 181 1206 225 NASONIS

210 299 342 354 Quid
367 300 617 348 facerent?
655 299 748 362 ipsi
774 299 907 345 nullo
933 298 1151 344 didicere
1178 297 1441 358 magistro:

274 377 394 424 Arte
420 376 589 423 Venus
615 375 749 421 nulla
773 374 918 421 dulce
945 375 1136 436 peregit
1160 389 1302 436 opus.
1495 376 1592 420 480

209 453 327 500 Ales
346 453 512 507 habet,
528 451 660 514 quod
678 457 832 497 amet:
855 465 968 496 cum
986 465 1084 512 quo
1101 464 1190 496 sua
1207 449 1388 511 gaudia
1396 450 1591 511 jungat,

280 529 475 576 Invenit
499 529 547 574 in
573 527 738 574 inedia
765 526 947 573 femina
971 526 1134 588 pisces
1161 527 1308 588 aqua.

212 605 372 652 Cerva
397 621 565 669 parem
592 604 843 667 sequitur;
885 619 1089 666 serpens
1116 609 1346 665 serpente
1368 609 1590 649 tenetur:

275 680 447 729 Haeret
471 680 711 728 adulterio
737 696 850 726 cum
875 695 998 726 cane
1023 695 1154 725 nexa
1178 678 1332 725 canis.

209 757 345 806 Laeta
365 758 535 805 salitur
555 758 657 804 ovis
677 774 685 804 :
726 764 865 804 tauro
891 772 1093 819 quoque
1113 757 1226 803 laeta
1244 757 1460 818 juvenca
1484 764 1583 803 est:

275 835 498 882 Sustinet
522 835 832 881 immundum
858 835 983 881 sima
1006 834 1199 897 capella
1223 849 1425 880 marem.
1495 836 1592 880 486

209 911 266 958 In
292 912 441 959 furias
468 912 715 974 agitantur
741 927 900 974 equae,
929 912 1191 975 spatioque
1217 917 1406 958 remota

273 988 371 1036 Per
394 989 503 1035 loca
527 988 752 1034 dividuos
778 1003 922 1034 amne
948 994 1224 1050 sequuntur
1248 1003 1423 1050 equos.

207 1063 340 1126 Ergo
365 1080 483 1126 age3
524 1072 574 1111 et
599 1064 733 1110 iratae
758 1064 1090 1111 medicamina
1113 1063 1257 1111 fortia
1282 1064 1480 1127 praebe:

275 1140 369 1187 Illa
392 1141 478 1188 feri
504 1140 727 1203 requiem
753 1141 857 1187 sola
881 1141 1062 1187 doloris
1088 1140 1291 1187 habent.
1495 1142 1594 1186 490

208 1216 302 1263 Illa
327 1216 652 1265 Machaonios
678 1226 914 1281 superant
937 1218 1268 1265 medicamina
1292 1232 1467 1264 succos
1487 1234 1496 1264 :

275 1293 383 1349 His,
405 1295 486 1341 ubi
514 1295 751 1357 peccaris,
782 1295 1118 1342 restituendus
1144 1295 1256 1341 eris.

210 1369 332 1417 Haec
358 1387 449 1433 ego
474 1386 588 1417 cum
613 1387 860 1425 canerem,
888 1371 1053 1418 subito
1079 1370 1369 1418 manifestus
1395 1370 1575 1434 Apollo

275 1446 435 1494 Movit
459 1448 694 1494 inauratae
719 1448 899 1511 pollice
923 1448 1006 1495 fila
1030 1449 1169 1512 lyrae.

209 1524 266 1571 In
292 1525 519 1572 manibus
543 1525 710 1572 laurus
734 1543 743 1572 ε
784 1526 936 1572 sacris
963 1526 1166 1572 inducta
1189 1525 1381 1588 capillis

278 1601 466 1648 Laurus
492 1609 623 1649 erat:
662 1609 799 1648 vates
826 1602 907 1648 ille
931 1602 1175 1649 videndus
1203 1602 1320 1664 agit.

210 1678 260 1725 Is
285 1678 420 1733 mihi,
450 1677 658 1733 Lascivi,
685 1678 827 1733 dixit,
855 1685 1131 1742 praeceptor
1156 1677 1370 1733 Amoris,

277 1754 404 1809 Duc,
432 1770 541 1816 age,
568 1754 841 1817 discipulos
867 1755 929 1801 ad
955 1771 1067 1802 mea
1091 1755 1280 1818 templa
1303 1762 1431 1801 tuos.

213 1830 304 1877 Est
328 1831 395 1877 ibi
420 1830 667 1877 diversum
693 1830 825 1877 fama
852 1831 1103 1878 celebrata
1127 1847 1214 1894 per
1239 1832 1409 1878 orbem

279 1907 472 1964 Litera;
513 1908 746 1969 cognosci
773 1924 885 1970 quae
915 1909 1009 1956 sibi
1035 1925 1288 1972 quemque
1306 1909 1469 1971 jubet.
1498 1912 1596 1956 500

1495 1527 1593 1572 495

212 2135 284 2172 Quo
300 2134 426 2175 quidem
443 2135 633 2174 ingeniosius
655 2134 729 2165 nihil
749 2136 787 2166 ab
812 2146 866 2166 an-

210 2184 305 2225 tiquis
324 2183 535 2224 excogitatum
559 2189 652 2225 puto3
677 2195 714 2214 ne
736 2191 869 2226 excepta

211 2233 336 2274 quidem
352 2232 486 2263 mirabili
504 2233 582 2263 adeo
598 2232 637 2264 de
660 2234 802 2264 Pandora
824 2234 868 2264 fa-

925 2139 1060 2176 juvencn
1077 2145 1130 2168 est.

977 2188 1050 2217 500.
1068 2187 1208 2227 Cognosri
1221 2197 1283 2226 quoe
1294 2187 1360 2220 sihi,
1374 2185 1448 2224 δια]
1463 2184 1596 2215 Celebre

934 2235 1053 2266 scilicet
1063 2235 1139 2265 illud
1152 2238 1282 2266 ΓΝΩΘΙ
1298 2237 1504 2267 ΣΕΑΥΤΟΝ,
1513 2233 1597 2274 quod

210 2282 296 2312 bula.
342 2281 460 2311 Amin.

255 2331 328 2360 478.
346 2330 548 2360 Constiterant
562 2330 753 2370 unosoemiuu
768 2332 868 2370 virque

211 2380 304 2420 torm]
335 2380 408 2409 Loco
427 2384 510 2409 recte
534 2389 604 2409 cum
620 2379 717 2420 prima
733 2378 868 2410 editione

209 2428 329 2470 scripti.
347 2439 417 2459 narn
433 2428 464 2458 in
481 2434 544 2457 toro
559 2438 619 2458 non
636 2434 743 2458 statur.
759 2434 790 2458 et
812 2429 868 2459 tori

212 2488 284 2508 usus
306 2476 362 2507 illa
380 2482 565 2518 tempestate
587 2476 669 2506 haud
691 2476 774 2506 ullus
793 2483 869 2512 crat,

211 2526 267 2557 nisi
284 2525 407 2556 frondes
422 2536 476 2566 pro
489 2531 554 2555 toro
570 2524 695 2566 accipis.
742 2525 859 2555 Ilzixs.

255 2576 330 2605 485.
355 2574 506 2614 Salicum]
533 2573 663 2615 Calpur.
680 2573 748 2604 Ecl.
765 2585 794 2603 v.

254 2623 468 2663 Lascivumque
488 2633 577 2662 pecus
599 2623 734 2652 salientes
758 2625 866 2662 accipit

297 2673 403 2701 hircos.

210 2722 286 2752 Mox
304 2719 452 2751 Heinsius
467 2719 614 2754 malebat,
629 2725 715 2748 tauro
731 2730 784 2748 sua
803 2719 866 2747 luta

935 2294 951 2314 e
967 2284 1044 2314 caelo
1064 2283 1263 2314 descendisse
1279 2283 1427 2314 Juvenal.
1442 2281 1536 2312 Satir.
1553 2283 1596 2312 xi.

935 2333 987 2363 27.
1023 2339 1054 2363 et.
1087 2340 1202 2372 pectore
1236 2334 1353 2362 memori
1391 2333 1596 2365 tractandum,

935 2381 1136 2423 praedicabat.
1171 2381 1239 2411 Nec
1253 2380 1364 2422 injuria
1377 2380 1514 2422 quidem,
1525 2379 1595 2421 qui-

936 2440 1069 2471 cumque
1101 2430 1193 2460 suerit
1221 2437 1339 2464 auctor,
1367 2439 1405 2459 ex
1430 2428 1497 2470 ipso
1527 2429 1597 2458 cerlo

937 2479 1101 2509 demissam
1117 2479 1233 2509 dixeris
1248 2477 1445 2512 sententiam,
1461 2477 1555 2513 unde,
1570 2477 1596 2508 si

937 2529 1050 2559 rectius
1079 2534 1229 2563 servetur,
1259 2528 1432 2558 efflorescat
1461 2526 1598 2557 humana

936 2577 1070 2607 felicitas
1087 2587 1213 2607 necesse
1235 2582 1293 2607 est.
1347 2574 1408 2605 Sed
1433 2575 1595 2605 fatendum

936 2633 982 2656 est
1000 2626 1159 2659 Nostrum.
1170 2624 1311 2655 divinum
1327 2624 1385 2655 hoc
1402 2630 1595 2665 praeceptum

936 2673 1102 2704 levioribus
1118 2672 1285 2704 admodum
1299 2673 1349 2704 hic
1366 2673 1458 2703 rebus
1474 2682 1595 2703 accom-

937 2721 1073 2751 modare.
1120 2721 1236 2751 Ama.
