1760 3172
184 191 269 233 298

573 190 624 231 P.
658 188 869 230 OVIDII
905 186 1187 230 NASONIS

185 306 275 354 Sin
300 306 478 361 minus,
507 313 556 352 et
581 305 790 367 flagrant
814 304 928 350 odio
953 310 1040 350 tua
1065 310 1268 366 pectora
1292 311 1477 358 nostro,

252 383 434 431 Induet
459 382 630 430 infelix
657 398 794 429 arma
817 390 992 428 coacta
1016 381 1172 428 dolor.

186 461 291 507 Sim
315 460 432 508 licet
456 468 749 515 extremum,
778 459 907 506 sicut
933 475 1059 514 sum,
1087 458 1270 505 missus
1296 458 1344 504 in
1369 457 1555 512 orbem,

251 537 438 585 Nostra
462 553 576 584 suas
603 537 730 583 istuc
757 536 976 600 porriget
1001 536 1073 583 ira
1096 551 1290 582 manus.
1518 537 1575 581 lO

185 614 383 670 Omnia,
411 615 451 661 si
474 614 653 669 nescis,
683 614 854 661 Caesar
879 613 996 660 mihi
1017 615 1130 677 jura
1155 612 1373 676 reliquit,

251 691 316 739 Et
341 693 445 739 sola
468 699 545 740 est
569 692 729 755 patria
753 707 900 755 poena
923 707 1091 738 carere
1117 706 1256 738 mea:

185 767 251 816 Et
275 769 502 832 patriam,
529 768 677 816 modo
703 769 768 815 sit
793 784 986 831 sospes,
1015 783 1273 831 speramus
1300 767 1361 813 ab
1387 766 1499 814 illo:

253 846 398 910 Saepe
423 846 453 893 J
458 846 561 893 ovis
586 846 684 893 telo
710 861 925 908 quercus
952 845 1131 892 adusta
1154 844 1294 891 viret.

185 923 435 986 Denique,
461 923 693 970 vindictae
721 923 761 969 si
787 922 851 969 sit
875 922 995 969 mihi
1022 923 1157 969 nulla
1178 921 1406 976 facultas,
1518 924 1575 968 lo
1635 940 1654 955 -‹

252 1001 478 1048 Pierides
502 1000 630 1047 vires
657 989 821 1047 et‘sua
843 1000 944 1046 tela
968 999 1174 1046 dabunt.

187 1078 257 1125 Ut
283 1078 534 1142 Scythicis
560 1077 783 1126 habitem
808 1077 954 1139 longe
981 1076 1243 1123 submotus
1270 1075 1319 1121 in
1346 1075 1461 1130 oris,

253 1155 501 1217 Siccaque
527 1154 627 1200 sint
652 1154 809 1200 oculis
835 1153 1063 1217 proxima
1089 1153 1231 1214 signa
1254 1152 1406 1208 meis3

186 1232 370 1279 Nostra
394 1247 483 1295 per
507 1231 774 1277 immensas
800 1230 946 1276 ibunt
969 1229 1219 1294 praeconia
1243 1237 1436 1292 gentes,

251 1309 501 1372 Quodque
527 1324 721 1371 querar,
749 1315 937 1363 notum,
966 1324 1068 1370 qua
1088 1315 1227 1371 patet
1251 1307 1401 1363 orbis,
1430 1306 1552 1354 erit:

185 1386 286 1433 Ibit
311 1387 371 1433 ad
393 1402 643 1441 occasum,
672 1386 920 1449 quidquid
941 1386 1183 1442 dicemus,
1212 1386 1275 1432 ab
1301 1393 1438 1441 ortu3
1514 1388 1573 1431 21

253 1463 417 1511 Testis
437 1472 487 1511 et
512 1463 772 1527 Hesperiae
797 1464 932 1511 vocis
959 1463 1095 1511 Eous
1121 1464 1229 1511 erit.

184 1541 341 1589 Trans
368 1558 460 1604 ego
485 1542 730 1597 tellurem,
758 1549 894 1589 trans
919 1542 1046 1589 latas
1073 1542 1245 1589 audiar
1269 1541 1460 1595 undas;

252 1618 317 1666 Et
341 1619 554 1681 gemitus
577 1636 674 1667 vox
700 1626 776 1666 est
801 1635 982 1682 magna
1005 1618 1170 1666 futura
1194 1619 1307 1666 mei.

186 1696 294 1744 Nec
321 1704 406 1743 tua
429 1704 478 1743 te
504 1703 698 1743 sontem
723 1696 1069 1743 tantummodo
1097 1696 1267 1744 secula
1290 1694 1474 1741 norint:
1514 1696 1577 1740 25

253 1774 518 1836 Perpetuae
545 1774 731 1820 crimen
758 1773 1066 1837 posteritatis
1092 1773 1205 1820 eris.

231 1969 280 1997 11.
300 1967 486 2007 Omnia-iura
502 1968 572 1997 mihi
586 1967 735 2007 reliquit-J
755 1966 849 2003 Quod

182 2018 233 2059 jus*
251 2024 296 2048 est
312 2017 372 2048 civi
392 2017 423 2047 in
444 2016 634 2047 maledicum
649 2024 679 2047 et
693 2017 848 2047 obtrecta-

185 2073 293 2102 torem,
318 2066 375 2097 hoc
403 2066 479 2096 mihi
504 2066 610 2097 Caesar
635 2077 695 2097 non
719 2066 848 2096 ademit.

186 2118 222 2147 ln
236 2117 287 2158 jus
299 2127 353 2158 per
369 2116 485 2147 amicos
502 2123 683 2146 vocaturum
708 2115 849 2146 subindi-

185 2172 247 2197 cat.
293 2166 397 2197 Pox-r.

232 2216 281 2246 16.
300 2215 337 2245 Et
355 2226 408 2244 sua
426 2214 513 2254 tela.]
541 2213 655 2245 Malim
669 2216 698 2244 in
711 2225 764 2244 suet
778 2215 848 2249 tela,

186 2265 243 2296 hoc
261 2270 307 2295 est
322 2265 354 2295 in
369 2274 454 2295 arma
469 2263 603 2305 poetica.
650 2264 769 2295 mes.

235 2315 283 2344 18.
313 2313 456 2352 Siccaque
493 2314 554 2342 sint
588 2313 682 2342 oculis
715 2315 848 2353 proxima

185 2363 303 2405 sigum]
343 2363 402 2392 Per
433 2361 523 2403 signa
551 2361 701 2403 intelligit
738 2362 849 2393 L'rsam

185 2413 333 2454 majorem
351 2418 382 2442 et
398 2411 559 2447 minorem,
585 2411 699 2452 quibus
708 2412 849 2453 Septem-

186 2462 315 2493 txioncm
331 2461 484 2502 designat.
523 2460 606 2491 Sicca
623 2467 725 2491 autem
741 2460 849 2502 adpel-

185 2512 300 2547 lantur‚
319 2510 392 2552 quia
408 2520 568 2551 nunquam
584 2509 742 2540 occidunt.

232 2562 280 2592 19.
308 2559 490 2600 Prawniu]
519 2559 549 2589 h.
567 2559 849 2601 l.vituperationes

184 2609 288 2641 clarae.
334 2610 482 2640 linitus.

229 2661 281 2689 21.
307 2658 363 2689 Ibit
393 2662 422 2689 in
449 2658 612 2699 occasum]
640 2657 804 2699 Quidquid
831 2670 849 2690 a

187 2720 234 2741 me
251 2709 290 2740 de
307 2715 336 2740 te
353 2709 478 2745 dicitur,
495 2709 525 2739 id
547 2719 617 2739 cum
642 2708 710 2738 aliis
725 2708 848 2750 scriptis

916 1967 994 1998 meis
1007 1966 1216 1998 celebrabitur
1238 1976 1292 2008 per
1313 1971 1412 1996 totum
1432 1970 1581 1996 terrarum

915 2018 1030 2048 orbem.
1076 2018 1182 2047 Poxr.

957 2067 1010 2097 22.
1038 2067 1120 2097 Vocis
1134 2065 1310 2106 Hesper-im]
1339 2063 1496 2096 Carminis
1519 2065 1578 2095 La-

914 2115 982 2147 tini.
1014 2116 1106 2146 Men.
1156 2116 1247 2146 Testis
1262 2122 1289 2145 et
1308 2115 1468 2154 Hesperiae.
1514 2115 1580 2145 Ile-

914 2165 1048 2207 speriam
1064 2176 1171 2196 vocem
1188 2164 1342 2205 intellige,
1359 2175 1419 2195 non
1436 2164 1583 2195 Latinam

916 2220 1050 2250 tantum,
1067 2213 1123 2245 sed
1153 2224 1223 2244 eam
1253 2225 1322 2255 quae
1353 2213 1385 2243 in
1416 2213 1582 2254 Hesperia,

917 2264 975 2294 hoc
992 2269 1048 2300 est,
1065 2263 1227 2294 occidente
1243 2263 1364 2294 edetur.
1405 2264 1448 2294 st
1460 2262 1500 2293 sit
1515 2262 1582 2293 dic-

917 2320 1003 2344 tum:
1029 2313 1096 2355 ejus
1120 2312 1219 2348 vocis,
1244 2312 1309 2343 sive
1336 2311 1484 2353 querelae,
1509 2322 1580 2352 quae

917 2363 949 2393 in
973 2362 1135 2393 occidente
1159 2361 1279 2397 edetur,
1296 2361 1385 2391 testis
1405 2360 1464 2391 erit
1488 2361 1583 2396 Eous,

917 2412 981 2444 sive
998 2412 1024 2443 is
1039 2411 1093 2453 qui
1108 2411 1138 2441 in
1156 2410 1274 2441 oriente
1293 2410 1399 2451 degit3
1421 2416 1457 2440 ut
1471 2409 1511 2441 sit
1521 2408 1580 2441 ἀν-

917 2461 1034 2498 τίθεσις
1049 2461 1116 2502 ejus
1132 2459 1215 2501 quod
1231 2459 1391 2501 praecedit.

961 2512 1013 2542 26.
1061 2510 1216 2549 Perpetua·
1253 2511 1367 2540 crimen
1398 2510 1582 2548 posteritatis

917 2560 1002 2601 eris]
1032 2560 1095 2591 Καὶ
1112 2561 1180 2596 τοῖς
1195 2558 1393 2600 ἐσσομένοισι
1409 2556 1580 2588 πυθέσθαι·

918 2610 1045 2640 Homer.
1059 2608 1142 2650 quod
1157 2613 1188 2638 et
1204 2607 1235 2638 in
1251 2608 1364 2638 bonam
1377 2613 1408 2638 et
1421 2606 1453 2637 in
1466 2606 1581 2637 malam

917 2665 1038 2701 partem
1055 2656 1218 2700 accipitur.
