1760 3172
385 179 574 221 ARTIS
606 178 966 220 AMATORIAE
998 178 1119 220 LIB.
1154 180 1245 221 ΙΙΙ,
1458 183 1515 223 69

112 295 340 343 Perfidus
365 295 447 342 ille
473 295 694 358 quidem,
722 294 809 357 qui
835 294 954 341 talia
979 295 1188 358 pignora
1214 306 1402 344 servat:

177 373 278 420 Sed
304 380 472 420 tamen
497 372 678 420 AEtnaei
702 371 923 419 fulminis
949 372 1105 420 instar
1130 372 1299 420 habet.

1407 378 1505 421 490

107 449 286 497 Judice
336 466 416 497 me
464 449 598 497 fraus
650 456 728 496 est
775 464 1032 504 concessa,
1084 450 1326 513 repellere
1378 450 1505 498 frau-

307 526 448 574 dem:

174 602 430 666 Armaque
457 603 507 650 in
532 610 747 650 armatos
773 618 971 650 sumere
991 604 1105 665 jura
1130 603 1315 651 sinunt.

110 678 308 728 Ducere
332 688 631 728 consuescat
653 680 837 727 multas
863 695 1040 727 manus
1066 696 1165 727 una
1189 680 1390 743 figuras.

171 756 253 804 Ah
279 764 503 821 pereant,
529 772 619 821 per
644 773 771 820 quos
797 757 893 804 ista
917 757 1166 804 monenda
1191 757 1336 804 mihi!

110 833 218 881 Nec
239 834 338 881 nisi>
359 834 538 882 deletis
562 841 726 881 tutum
751 834 1027 881 rescribere
1053 834 1204 881 ceris:

1409 838 1504 882 495

174 910 254 959 Ne
278 918 447 959 teneat
471 911 694 974 geminas
719 926 819 958 una
843 910 1032 957 tabella
1054 926 1248 957 manus.

110 987 315 1036 Femina
338 989 532 1037 dicatur
557 989 792 1036 scribenti
821 1004 1018 1052 semper
1043 996 1255 1041 amator;

174 1065 268 1113 Illa
292 1067 357 1113 sit
381 1066 431 1113 in
454 1066 648 1122 vestris,
677 1066 764 1128 qui
788 1065 882 1112 fuit
906 1066 1005 1121 ille,
1034 1067 1180 1113 notis.

110 1142 211 1191 Sed
235 1143 358 1191 libet
382 1160 412 1191 a
435 1144 598 1208 parvis
624 1143 844 1191 animum
870 1144 933 1191 ad
959 1146 1152 1207 majora
1177 1143 1374 1198 referre,

174 1219 432 1283 Plenaque
456 1228 660 1268 curvato
686 1221 907 1284 pandere
933 1221 1043 1268 vela
1067 1221 1178 1268 sinu
1199 1239 1208 1278 3

1407 1223 1503 1267 500

108 1297 334 1346 Pertinet
352 1299 415 1346 ad
439 1298 619 1346 faciem
644 1299 843 1346 rabidos
871 1315 1192 1363 compescere
1219 1315 1399 1345 mores.

175 1375 406 1423 Candida
430 1392 530 1440 pax
555 1377 798 1433 homines,
825 1386 941 1424 trux
967 1379 1114 1425 decet
1139 1378 1211 1424 ira
1234 1377 1379 1424 feras.

110 1453 211 1500 Ora
235 1460 429 1501 tument
452 1454 525 1501 ira
540 1472 550 1511 ;
591 1455 881 1517 nigrescunt
906 1456 1147 1518 sanguine
1172 1471 1335 1511 venae3

173 1528 384 1578 Lumina
409 1531 677 1593 Gorgoneo
704 1532 881 1579 saevius
908 1533 1022 1596 igne
1049 1533 1250 1580 micant.

108 1606 130 1653 I
157 1607 329 1671 procul
354 1608 485 1664 hinc,
513 1608 656 1664 dixit,
684 1625 783 1656 non
809 1625 862 1657 es
888 1611 1026 1666 mihi,
1049 1611 1186 1667 tibia,
1214 1610 1367 1662 tanti;
1407 1612 1502 1656 505

175 1685 246 1732 Ut
269 1686 392 1733 vidit
413 1686 578 1733 vultus
605 1686 773 1734 Pallas
800 1687 851 1734 in
877 1704 1022 1736 amne
1049 1705 1181 1735 suos.

108 1762 209 1810 Vos
235 1779 438 1827 quoque
465 1763 506 1809 si
531 1764 698 1811 media
727 1766 987 1828 speculum
1015 1765 1255 1829 spectetis
1282 1764 1331 1810 in
1358 1765 1453 1817 ir&

174 1840 462 1903 Cognoscat
486 1840 666 1889 faciem
691 1843 774 1890 vix
801 1843 920 1890 satis
946 1844 1047 1890 ulla
1073 1859 1231 1890 suam.

149 2043 224 2074 439.
252 2042 340 2073 Talia
355 2053 479 2073 munera
500 2043 626 2084 servat]
657 2043 768 2084 Capiat

105 2090 340 2122 Lincolniensis.
364 2091 448 2134 quod
471 2091 546 2122 olim
572 2103 634 2123 non
658 2092 768 2134 displi-

105 2140 169 2171 cuit
187 2140 330 2176 Heinsio,
347 2146 379 2171 et
402 2140 442 2171 de
462 2141 646 2183 interceptis
668 2141 768 2172 literis

106 2189 262 2231 capiebat.
279 2196 314 2221 ut
336 2196 459 2230 captare
483 2190 540 2222 lib.
560 2190 592 2221 ii.
614 2191 689 2222 597.
712 2191 768 2221 sed

105 2238 182 2270 mihi
191 2246 289 2270 servat
300 2240 430 2281 probum
441 2239 576 2271 videtur.
588 2247 620 2271 et
631 2240 671 2271 de
683 2251 767 2271 ama-

105 2294 180 2324 tore,
207 2289 262 2330 qui
279 2289 429 2320 -tabellas
458 2299 520 2319 non
552 2289 684 2320 remittit
713 2289 767 2320 de-

103 2335 193 2374 letas,
209 2338 309 2379 iisque
324 2348 507 2379 responsum
522 2348 614 2368 suum
637 2338 767 2380 inscrip-

105 2387 156 2422 sit,
172 2387 228 2418 sed
241 2387 380 2428 signatas
396 2393 498 2418 servat
507 2399 516 2426 ;
539 2392 574 2418 ut
589 2387 687 2429 possit
701 2399 766 2418 orn-

105 2435 197 2467 nibus
216 2436 330 2478 puellae
345 2437 530 2479 scripturam
545 2437 720 2474 ostendere,
736 2444 768 2469 et

106 2484 131 2515 si
146 2486 223 2516 nolit
233 2485 291 2527 ipsi
302 2486 444 2528 obsequi,
458 2486 565 2518 terrori
578 2486 629 2516 isti
646 2497 768 2529 semper

104 2545 174 2565 eam
186 2535 302 2566 habeat
315 2535 491 2566 obnoxiam.
536 2536 656 2567 Bcnu.

150 2585 223 2615 498.
247 2583 309 2615 Illa
323 2586 361 2615 sit
377 2586 409 2615 in
425 2586 537 2621 restris,
552 2587 603 2625 qui
613 2585 687 2626 fust
703 2585 765 2620 ille,

107 2634 213 2674 notis]
239 2633 290 2664 Sic
305 2634 434 2670 scribas,
450 2639 485 2665 ut
500 2634 540 2665 de
556 2634 671 2665 femina
686 2645 767 2665 sem-

107 2693 160 2724 per
177 2682 312 2714 scribere
336 2683 482 2719 videaris,
499 2694 571 2714 cum
592 2694 623 2714 re
645 2683 713 2725 ipsa
729 2683 768 2713 de

109 2730 182 2768 viro,
197 2737 228 2763 et
243 2732 345 2763 amico
360 2732 498 2774 quidem,
515 2733 668 2774 loquaris:
687 2732 769 2773 quod

837 2044 910 2075 artis
940 2054 1097 2075 summum
1131 2042 1328 2085 decipiendi3
1366 2042 1421 2073 sed
1451 2042 1501 2072 vix

836 2098 957 2134 poterat
973 2092 1037 2123 dici
1050 2092 1257 2134 ingeniosius.
1304 2092 1422 2122 Amn.

880 2143 953 2173 500.
979 2142 1148 2182 Pandere]
1170 2142 1303 2172 Tendere
1318 2141 1419 2171 multi.
1438 2143 1502 2171 red-

836 2193 904 2223 dere
928 2203 1020 2222 unus.
1042 2194 1190 2232 prendere
1216 2191 1395 2221 Bernensis.
1440 2190 1502 2220 Sed

838 2244 957 2272 tendere
978 2252 1040 2272 non
1060 2242 1154 2272 male.
1175 2243 1309 2281 pandere
1329 2240 1413 2270 enim
1429 2250 1502 2269 sun-

836 2291 960 2333 pliciter
984 2297 1031 2321 est
1054 2291 1223 2332 explicare,
1250 2292 1419 2320 tenduntur
1444 2299 1500 2319 au-

836 2347 900 2370 tem
928 2340 1009 2372 vela.
1039 2350 1111 2371 cum
1147 2340 1244 2380 major
1272 2349 1347 2369 aura
1382 2338 1503 2379 implet.

837 2389 937 2431 Epist.
957 2389 1022 2419 xiii.
1048 2390 1094 2419 15.
1120 2390 1299 2428 abreptaque
1321 2388 1383 2417 cela
1408 2393 1502 2416 teten-

836 2440 892 2468 dit.
909 2443 940 2468 et
955 2437 1000 2468 ita
1016 2437 1102 2468 alibi.
1149 2438 1266 2467 Brrm.

880 2488 953 2518 505.
984 2486 1002 2516 Ι
1028 2488 1137 2526 procul
1164 2488 1243 2522 hinc,
1269 2486 1356 2520 dizit,
1387 2496 1442 2514 non
1475 2496 1502 2514 cs

837 2537 921 2573 mihi,
944 2538 1027 2572 tibia,
1045 2536 1152 2576 tanta]
1179 2536 1244 2566 Sub
1269 2534 1361 2564 finem
1386 2533 1441 2563 lib.
1462 2532 1502 2562 vi.

833 2586 918 2617 Fast.

879 2636 939 2665 Ars
964 2635 1035 2663 mihi
1055 2644 1112 2663 non
1137 2634 1215 2662 tanti
1239 2639 1292 2667 est,
1317 2632 1415 2662 valeas
1437 2643 1500 2662 ηιιίι

968 2684 1052 2718 tibia,
1067 2682 1155 2711 dim.

837 2732 885 2762 Tu
901 2730 974 2761 inde
991 2737 1087 2762 totam
1103 2728 1242 2759 fabulam
1258 2735 1340 2770 pete.
1387 2729 1479 2760 Cror.

926 2784 949 2813 F
965 2785 984 2813 3
