1760 3172
448 173 636 215 ARTIS
670 172 1025 214 AMATORIAE
1059 172 1178 213 LIB.
1212 173 1275 213 II.
1504 173 1560 213 19

173 287 252 335 Ne
277 295 442 335 tamen
467 288 639 336 officiis
664 287 831 334 odium
859 294 1107 349 quaeratur
1132 275 1203 333 ab>
1221 288 1372 349 aegra,

238 365 315 412 Sit
339 382 456 412 suus
482 366 531 412 in
556 365 741 413 blanda
769 364 1032 411 sedulitate
1058 364 1250 411 modus,

169 441 308 489 Neve
334 442 446 489 cibo
467 443 692 506 prohibe,
719 457 811 488 nec
837 440 990 487 amari
1015 441 1196 503 pocula
1219 441 1356 488 succi

1458 444 1552 488 335

235 518 468 581 Porrige:
508 519 669 566 rivalis
695 518 902 564 misceat
926 517 1009 563 illa
1033 523 1165 563 tuus.

166 594 268 642 Sed
293 613 406 651 non,
434 597 511 644 cui
539 596 735 644 dederis
762 611 790 642 a
814 595 956 640 litore
981 594 1207 655 carbasa,
1235 600 1382 640 vento

234 671 506 729 Utendum,
535 673 698 721 medio
724 688 837 719 cum
863 671 1051 735 potiere
1077 671 1218 717 freto.

166 748 300 796 Dum
325 767 480 799 novus
506 758 635 797 errat
660 766 811 805 amor,
837 749 965 796 vires
992 748 1086 794 sibi
1111 747 1313 809 colligat
1339 763 1459 794 usu:

229 825 282 873 Si
307 827 435 874 bene
459 828 704 883 nutrieris,
731 835 956 890 tempore
981 826 1150 871 firmus
1177 825 1285 871 erit.

1451 827 1548 870 340

164 902 326 957 Quem
350 911 546 951 taurum
572 905 768 959 metuis,
796 904 1003 950 vitulum
1029 904 1247 949 mulcere
1274 902 1469 949 solebas
1494 919 1503 948 :

231 981 337 1028 Sub
364 982 463 1044 qua
487 998 618 1029 nunc
644 983 852 1029 recubas
879 982 1069 1035 arbore,
1096 980 1234 1041 virga
1257 978 1364 1025 fuit.

163 1056 400 1104 Nascitur
424 1058 652 1120 exiguus,
680 1059 769 1105 sed
794 1074 915 1121 opes
941 1056 1159 1119 adquirit
1183 1056 1362 1110 eundo,

227 1132 444 1197 Quaque
469 1135 618 1190 venit,
646 1136 826 1181 multas
855 1134 1038 1197 accipit
1062 1133 1220 1179 amnis
1246 1148 1419 1195 aquas,

161 1209 260 1257 Fac
285 1210 375 1258 tibi
400 1219 722 1259 consuescat:
765 1212 832 1258 nil
858 1210 1218 1258 consuetudine
1245 1210 1423 1272 majus.
1451 1211 1548 1255 345

227 1286 390 1340 Quam
415 1288 505 1334 tibi
530 1289 650 1335 dum
675 1288 860 1351 capias,
887 1287 1038 1334 taedia
1061 1287 1197 1333 nulla
1220 1285 1352 1348 fuge.

158 1362 230 1411 Te
255 1380 451 1428 semper
474 1365 667 1412 videat:
706 1365 797 1412 tibi
822 1378 1020 1427 semper
1044 1363 1266 1427 praebeat
1291 1378 1460 1409 aurern
1484 1379 1492 1409 :

222 1439 474 1489 Exhibeat
496 1442 659 1489 vultus
685 1457 888 1504 noxque
912 1441 1123 1502 diesque
1148 1446 1277 1486 tuos.

158 1516 289 1564 Cum
313 1517 404 1565 tibi
426 1519 582 1581 major
606 1518 699 1565 erit
722 1517 920 1572 fiducia,
949 1532 1096 1580 posse
1122 1515 1334 1578 requiri3

222 1592 349 1640 Tum
375 1595 564 1658 procul,
592 1594 786 1641 absenti
811 1609 930 1640 cura
954 1593 1164 1648 futuruS,
1192 1592 1290 1639 abi.

1449 1595 1546 1639 350

157 1669 236 1717 Da
259 1671 498 1734 requiem.
538 1672 793 1735 requietus
820 1687 937 1733 ager
961 1671 1090 1717 bene
1115 1669 1304 1716 credita
1329 1669 1518 1717 reddit:

221 1746 476 1811 Terraque
500 1749 729 1795 coelestes
755 1747 893 1795 arida
917 1747 1086 1793 sorbet
1111 1761 1284 1809 aquas.

203 1939 279 1970 340.
315 1940 348 1970 Si
374 1941 444 1971 bene
469 1943 614 1971 nutrieris
651 1941 805 1981 tempore]

150 1987 345 2019 Mutavimus
370 1988 601 2021 distinctionem
627 1990 808 2021 Heinsianae

149 2036 306 2074 editionis,
319 2039 418 2069 secuti
433 2044 554 2070 veteres
571 2039 722 2070 editiones
736 2052 742 2069 :

171 2086 204 2116 Si
214 2088 284 2117 bene
294 2089 453 2125 nutrieris,
471 2095 596 2129 tempore
602 2090 715 2129 firmus
726 2090 796 2119 erit.

152 2134 299 2175 Tempore,
326 2136 376 2167 hic
404 2143 452 2168 est
479 2137 666 2179 paullatim;
697 2138 722 2168 si
752 2148 808 2168 nu-

147 2183 257 2221 trieris,
273 2185 332 2216 erit
345 2185 451 2217 firmus
464 2191 612 2228 tempore.
658 2187 774 2217 Bunm.

190 2234 266 2265 343.
294 2235 399 2275 Opes.]
437 2235 527 2266 Idem
556 2235 733 2276 significant
756 2235 806 2265 hic

147 2293 222 2321 opes,
245 2283 329 2325 quod
351 2286 428 2315 vires
442 2284 525 2326 apud
550 2285 662 2326 virgil.
682 2285 726 2315 iv.
747 2285 805 2315 AE-

147 2331 237 2362 nei'd.
278 2334 373 2365 1575.
411 2336 487 2365 vires
524 2336 655 2375 acquirit
695 2336 805 2365 eundo.

148 2380 277 2412 Douza.

190 2429 264 2461 346.
282 2430 416 2471 Capias]
440 2430 632 2462 Inconcinne
644 2442 743 2462 sermo
755 2431 805 2462 hic

147 2478 186 2509 ad
203 2479 342 2520 puellam
364 2486 546 2517 verteretur,
567 2491 639 2512 cum
659 2482 697 2511 τὸ
719 2492 807 2521 quam

147 2527 310 2559 manifeste
329 2539 366 2559 ex
383 2529 453 2570 lege
468 2529 617 2560 sermonis
633 2529 748 2565 Latini,
766 2529 806 2559 ad

147 2579 388 2608 consuetudinem
411 2577 451 2608 sit
471 2578 680 2609 referendum.
709 2589 805 2619 quare

145 2623 290 2656 insistens
314 2626 422 2667 priscis
444 2627 632 2657 editionibus
659 2632 691 2657 et
711 2627 805 2657 Pata-

143 2671 227 2709 vino,
246 2679 277 2704 et
291 2674 389 2706 tribus
404 2675 474 2705 aliis
490 2675 622 2717 scriptis,
636 2676 706 2716 lego
719 2688 724 2705 ε

924 1940 1021 1974 Quam
1043 1941 1096 1970 tibi
1112 1941 1184 1969 dum
1207 1940 1318 1978 capias,
1344 1939 1432 1968 taedia
1454 1938 1541 1967 nulla

952 1990 1050 2031 fuge.

877 2039 948 2073 Vel,
975 2037 1059 2079 quod
1086 2037 1225 2074 mallem,
1249 2043 1294 2073 tu,
1320 2038 1392 2066 dum
1422 2037 1543 2075 capiat:

877 2088 983 2129 puella
1006 2087 1126 2118 scilicet
1148 2086 1192 2117 tui
1211 2084 1466 2117 consuetudinem
1487 2096 1538 2114 ca-

873 2140 950 2177 piat.
965 2137 1093 2177 elegans
1113 2136 1196 2167 enim
1210 2135 1337 2171 locutio,
1353 2146 1458 2174 capere
1472 2146 1541 2165 con-

876 2188 1077 2220 suetudinem,
1111 2194 1165 2226 pro
1201 2184 1259 2214 sibi
1297 2183 1400 2214 facere
1437 2194 1538 2219 usum¹

876 2235 1042 2277 paullatim
1064 2234 1259 2265 adsuescere.
1305 2233 1422 2263 Bunm.

935 2286 1011 2316 351.
1048 2284 1212 2324 Requietus
1244 2283 1348 2325 ugera]
1387 2282 1534 2323 Proprie:

876 2345 947 2365 nam
964 2335 1008 2364 ita
1022 2333 1083 2364 Rei
1100 2333 1242 2364 Rusticae
1262 2339 1404 2363 auctores
1423 2332 1536 2362 solent.

876 2382 1045 2414 Columell.
1068 2383 1100 2413 ii.
1127 2383 1181 2412 99.
1220 2383 1318 2421 Atque
1343 2383 1399 2411 illa
1425 2381 1539 2410 vicibus

875 2444 1024 2462 annorum
1039 2434 1205 2472 'requietum
1225 2433 1430 2472 agitatumque
1445 2431 1538 2459 alter-

875 2484 932 2517 nis,
956 2488 984 2511 et
1004 2493 1091 2522 quam
1112 2481 1291 2511 laetissimum
1309 2480 1414 2510 volunt
1429 2489 1537 2519 agrum

874 2529 914 2560 de
939 2529 1084 2560 Arborib.
1106 2539 1175 2570 cap.
1198 2528 1242 2559 iii.
1259 2531 1289 2558 in
1313 2540 1386 2570 agro
1407 2529 1537 2568 requieto

874 2572 990 2610 vineam
1003 2581 1117 2618 ponito.
1132 2579 1299 2618 requietum
1314 2578 1360 2608 lac
1375 2576 1459 2607 idem
1482 2575 1536 2607 lib.

874 2629 927 2659 vii.
940 2630 970 2660 8.
986 2630 1119 2668 requieta
1135 2639 1199 2663 ova,
1215 2626 1278 2657 viii.
1296 2628 1328 2657 5.
1377 2626 1492 2656 Bunm.

958 2730 1019 2759 C2
