1760 3172
365 183 457 224 EX
489 183 700 225 PONTO
735 184 854 225 LIB.
889 184 970 226 IV.
1004 185 1195 228 EPIST.
1229 186 1320 228 ΙΙΙ.

1451 187 1535 229 487

151 297 249 344 Vix
274 298 508 361 equidem
535 299 700 355 credo,
727 300 815 347 sed
839 306 893 347 et
912 300 1150 348 insultare
1169 302 1356 364 jacenti

216 375 287 423 Te
313 375 449 431 mihi,
472 392 564 423 nec
588 376 750 423 verbis
776 393 994 440 parcere,
1018 377 1148 424 fama
1170 378 1331 426 refert.

150 451 283 507 Quid
303 452 442 509 facis,
465 454 529 500 ah
553 454 793 501 demens?
831 471 934 511 cur,
962 454 1003 501 si
1028 454 1224 502 fortuna
1248 456 1464 512 recedat,

215 530 489 594 Naufragio
508 531 755 595 lacrymas
781 532 931 596 eripis
957 533 1065 596 ipse
1090 533 1211 580 tuo?

1467 536 1532 580 30

150 606 272 655 Haec
299 607 409 655 Dea
432 624 530 655 non
556 608 739 664 stabili,
762 625 912 672 quam
938 608 1004 656 sit
1026 609 1165 664 levis,
1191 610 1308 656 orbe
1333 609 1529 665 fatetur,

214 685 378 739 Quem
402 701 651 732 summum
675 685 827 732 dubio
853 686 946 733 sub
972 686 1101 749 pede
1127 701 1322 749 semper
1340 686 1505 733 habet.

148 761 387 817 Quolibet
407 769 485 810 est
513 762 645 818 folio,
674 762 848 825 quavis
873 762 1105 810 incertior
1129 778 1262 818 aura,

213 839 314 886 Par
337 839 406 885 illi
430 839 620 895 levitas,
648 838 890 903 improbe,
919 840 1025 886 sola
1048 846 1134 886 tua
1158 846 1250 887 est.

147 915 330 963 Omnia
354 922 470 962 sunt
493 915 748 963 hominum
772 915 908 963 tenui
937 916 1207 979 pendentia
1230 916 1329 972 filo,
1466 918 1528 962 35

213 993 279 1040 Et
303 993 467 1040 subito
491 1009 626 1049 casu,
654 1009 765 1056 quae
790 994 1004 1049 valuere,
1031 1001 1194 1040 ruunt.

146 1070 326 1117 Divitis
351 1069 522 1117 audita
544 1077 622 1118 est
645 1070 725 1117 cui
750 1086 848 1117 non
872 1070 1127 1134 opulentia
1153 1069 1309 1117 Croesi
1329 1070 1346 1115 ?

211 1146 408 1211 Nempe
431 1154 600 1195 tamen
624 1148 775 1195 vitam
799 1154 973 1211 captus
1000 1148 1063 1195 ab
1088 1148 1230 1194 hoste
1258 1146 1387 1193 tulit.

145 1224 236 1272 Ille
263 1224 531 1289 Syracosia
554 1225 700 1272 modo
725 1224 1015 1272 formidatus
1041 1225 1091 1272 in
1117 1225 1253 1279 urbe,

209 1301 308 1349 Vix
328 1302 502 1349 humili
527 1302 701 1350 duram
726 1302 944 1366 reppulit
968 1309 1072 1350 arte
1096 1301 1293 1349 famem.

1463 1304 1528 1347 40

143 1378 278 1434 Quid
301 1378 463 1426 fuerat
487 1378 675 1442 Magno
699 1380 893 1443 majus?
930 1386 1097 1426 tamen
1123 1378 1205 1426 ille
1230 1377 1419 1441 rogavit

213 1457 475 1505 Submissa
497 1457 694 1520 fugiens
718 1473 838 1504 voce
864 1456 1058 1504 clientis
1084 1472 1258 1519 opem:

183 1655 238 1686 29.
252 1654 285 1684 Si
298 1655 434 1697 fortuna
455 1656 603 1697 recedam]
629 1655 661 1686 Si
677 1657 800 1688 fortuna

140 1710 195 1735 tua
209 1704 347 1735 secunda
362 1710 392 1735 te
409 1715 533 1746 quoque
548 1706 682 1741 deserat,
699 1712 733 1736 ut
748 1717 798 1737 me

139 1753 287 1786 deseruit.
333 1754 509 1796 Naufragio
524 1762 585 1786 ῑιιο.
609 1756 676 1786 Tuo
693 1755 798 1797 aliquo

139 1803 317 1840 infortunio,
345 1803 429 1845 quod
455 1803 512 1834 tibi
543 1809 646 1846 potest
677 1805 797 1835 contin-

138 1863 223 1893 gere.

182 1903 234 1932 30.
261 1902 363 1941 Eripis
388 1902 562 1943 lacrymas]
586 1903 690 1933 Amici
714 1904 796 1934 enim

137 1951 163 1982 si
178 1950 313 1982 viderint
332 1951 407 1993 quid
428 1958 536 1983 contra
555 1962 604 1983 me
629 1952 749 1989 feceris,
766 1959 797 1984 et

138 2011 232 2042 quam
260 2000 355 2031 fueris
381 2001 413 2032 in
435 2012 484 2032 me
512 2002 647 2033 crudelis
675 2002 709 2033 in
738 2003 796 2034 hac

137 2061 209 2081 mea
229 2050 421 2088 calamitate,
435 2051 516 2083 idem
534 2062 658 2093 quoque
674 2063 796 2084 mecum

138 2099 169 2130 in
184 2105 215 2131 te
229 2100 376 2131 efficient.

180 2150 233 2180 35.
260 2150 370 2180 Omnia
391 2156 463 2181 sunt
483 2150 662 2191 hominum]
689 2151 797 2181 Omina

136 2198 262 2240 plurimi
277 2209 315 2230 ex
330 2199 471 2241 scriptis:
494 2198 538 2229 nil
553 2204 650 2230 muta.
675 2200 793 2230 HEINS.

140 2248 236 2279 Tenui
247 2249 319 2289 filo.
340 2248 440 2279 Tenui
454 2248 626 2279 retinaculo
646 2254 676 2279 et
691 2249 794 2279 firma-

135 2303 250 2328 mento.
295 2296 431 2328 Videtur
446 2302 551 2328 autem
566 2302 659 2338 poeta
673 2297 739 2328 haec
755 2298 794 2328 de

137 2345 284 2387 Dionysii
306 2345 434 2377 historia
451 2346 592 2382 traxisse,
608 2352 640 2377 et
663 2346 704 2376 ad
725 2357 794 2377 eam

136 2395 306 2434 adludere3
329 2406 424 2437 quam
438 2395 668 2436 elegantissime
685 2395 794 2427 Cicero

136 2444 230 2475 refert
249 2443 282 2475 in
305 2445 413 2486 quinto
437 2444 683 2475 Tusculanarum
708 2455 794 2486 quae-

136 2492 270 2523 stionum
294 2493 383 2524 libro.
403 2493 582 2535 Ἠρτῆσθαι
607 2493 640 2524 ἐκ
663 2494 796 2525 λεπτῶν

137 2540 304 2583 νημάτων,
321 2542 451 2573 Lucian.
467 2543 554 2573 Dial.
569 2543 793 2585 Contemplan-

136 2596 195 2626 tes,
215 2590 280 2622 sive
299 2591 438 2622 Charon.
463 2592 587 2622 Lucret.
606 2591 661 2623 lib.
682 2591 715 2622 ii.
737 2592 795 2622 sub

138 2639 189 2670 fin.
205 2640 289 2681 apud
302 2640 452 2672 Gellium.
467 2639 534 2671 xiii.
548 2641 590 2671 20
604 2653 610 2670 :

182 2690 284 2720 Aurea
298 2691 334 2720 de
351 2691 421 2721 caelo
435 2691 548 2720 dimisit
557 2689 650 2731 funis
664 2692 695 2720 in
711 2701 794 2720 arva.

139 2738 220 2769 Enn.
237 2738 319 2780 apud
336 2739 479 2770 Macrob.
494 2737 516 2769 i.
531 2739 569 2769 9:

910 1656 979 1687 Hac
988 1656 1144 1696 noctufilo
1152 1656 1298 1695 pendebat
1310 1654 1439 1684 Etruria
1453 1660 1525 1685 tota.

866 1705 948 1736 Vide
964 1706 1089 1736 Colum.
1102 1716 1132 1746 p.
1143 1706 1194 1735 55.

910 1756 964 1786 38.
990 1755 1076 1786 Tulit
1091 1754 1211 1794 vitam]
1239 1753 1321 1785 Vitae
1340 1752 1526 1783 beneficium

867 1805 999 1847 accepit.
1033 1806 1078 1835 Ab
1093 1805 1182 1835 hoste.
1204 1803 1234 1834 A
1250 1803 1342 1844 Cyro,
1358 1803 1523 1833 Persarum

866 1864 950 1895 rege.

910 1903 962 1933 39.
988 1901 1046 1932 Ille
1077 1902 1238 1942 Syracusia
1266 1901 1350 1930 morlo
1368 1899 1524 1940 formida-

866 1959 913 1982 tus
936 1954 969 1982 in
991 1951 1092 1991 urba]
1119 1949 1307 1991 Dionysium
1336 1948 1450 1979 Siciliae
1474 1954 1524 1989 ty-

863 2012 995 2032 rannum
1012 2000 1099 2036 dicit,
1116 2000 1217 2031 virum
1232 1999 1316 2029 omni
1332 1997 1524 2039 turpitudine

863 2051 1036 2092 repletum:
1061 2049 1115 2091 qui
1140 2047 1300 2090 Syracusis
1324 2047 1443 2089 pulsuS,
1464 2046 1524 2077 Co-

863 2099 956 2131 rinthi
980 2099 1087 2130 ludum
1114 2097 1246 2140 aperuit,
1271 2107 1308 2127 ac
1333 2107 1444 2138 pueros
1469 2096 1522 2126 do-

864 2148 939 2185 cuit,
962 2148 1070 2190 sicque
1098 2146 1227 2189 imperio
1256 2156 1361 2176 carere
1386 2155 1446 2175 non
1468 2155 1523 2186 po-

861 2198 931 2229 tuit.
955 2198 1004 2228 De
1020 2208 1056 2228 eo
1068 2197 1136 2238 lege
1147 2196 1308 2227 Justinum
1323 2194 1355 2224 in
1367 2194 1445 2224 libro
1458 2193 1523 2224 xix.

905 2248 959 2277 41.
989 2247 1070 2281 Quid
1097 2246 1212 2287 fuerat
1243 2245 1357 2285 M'agno
1394 2243 1520 2282 majus]

861 2295 1001 2338 Pompeii
1020 2295 1115 2326 etiarn
1137 2293 1280 2335 exemplo
1299 2292 1446 2328 ostendit,
1461 2292 1521 2322 sor-

861 2351 969 2376 tunam
1001 2344 1033 2375 in
1062 2344 1154 2374 rebus
1182 2342 1327 2372 omnibus
1357 2340 1521 2377 dominari,

861 2405 918 2425 nec
941 2393 1111 2436 quicquam
1126 2391 1202 2422 certi
1226 2401 1292 2421 esse
1307 2390 1340 2420 in
1360 2388 1519 2420 hominum
1586 2417 1591 2418 ⁷

860 2444 935 2474 vita.
979 2443 1088 2472 Tamen.
1103 2442 1156 2472 ille
1171 2442 1298 2481 rogavit.
1321 2439 1439 2469 Tamen
1454 2437 1520 2479 ipse

863 2491 1040 2534 Pompeius,
1063 2495 1133 2532 post
1155 2488 1278 2519 cladem
1302 2492 1464 2528 acceptam
1487 2486 1520 2516 in

862 2541 980 2583 campis
1000 2538 1187 2570 Pharsalicis
1210 2549 1228 2568 a
1254 2538 1388 2572 Caesare,
1408 2536 1441 2566 in
1461 2537 1519 2566 AE-

862 2595 992 2632 gyptum
1012 2588 1102 2630 fugit,
1119 2588 1159 2618 ad
1179 2597 1269 2629 opem
1288 2585 1449 2616 Ptolaemei
1468 2595 1517 2615 re-

863 2639 920 2681 gis,
946 2639 1034 2680 cujus
1054 2643 1174 2679 patrem
1198 2636 1230 2666 in
1254 2634 1431 2666 clientelam
1452 2644 1520 2664 sus-

864 2693 998 2730 ceptum,
1021 2684 1128 2717 multis
1150 2684 1308 2716 beneficiis
1333 2682 1517 2714 conciliave-

864 2743 919 2768 rat.

993 2785 1006 2814 I
1025 2796 1034 2815 1
1050 2786 1067 2814 4
