1760 3172
243 164 329 207 458

634 165 686 206 Ρ.
719 165 933 208 OVIDII
967 166 1248 210 NASONIS

247 280 551 344 Scripsimus
577 281 684 328 haec
710 281 836 338 istis,
865 298 1074 345 quarum
1100 298 1191 330 nec
1216 282 1339 330 vitta
1357 283 1567 347 pudicos

313 357 575 420 Contingit
598 359 776 413 crines,
803 374 895 406 nec
922 359 1050 407 stola
1074 361 1222 422 longa
1245 360 1417 425 pedes,

246 434 358 490 Dic,
386 451 576 499 precor,
604 436 866 499 ecquando
891 436 1110 484 didicisti
1135 436 1306 485 fallere
1332 446 1529 502 nuptas,

313 511 380 559 Et
403 512 566 561 facere
591 513 835 560 incertum
861 529 949 577 per
973 529 1086 561 mea
1102 515 1247 577 jussa
1270 515 1462 577 genus?

243 590 323 637 An
349 591 414 638 sit
436 592 498 638 ab
523 591 600 639 his
625 591 785 638 omnis
811 591 969 653 rigide
994 593 1227 639 submota
1250 591 1447 662 libellis,

1570 594 1632 639 55

310 667 474 723 Quam
498 669 581 716 lex
605 668 811 717 furtivos
836 677 974 717 arcet
995 669 1180 717 habere
1203 669 1367 717 viros?

245 745 378 801 Quid
402 753 571 794 tamen
596 746 691 793 hoc
716 747 937 810 prodest,
963 746 1103 794 vetiti
1129 746 1170 793 si
1195 747 1305 809 lege
1331 762 1503 794 severa

312 823 503 872 Credor
527 824 755 872 adulterii
782 824 1123 888 composuisse
1147 824 1325 871 notas?

243 901 311 949 At
333 909 405 957 tu,
429 902 498 949 sic
524 902 712 950 habeas
738 902 972 949 ferientes
997 909 1179 949 cuncta
1204 902 1438 964 sagittas;

312 978 396 1025 Sic
421 995 676 1042 nunquam
701 980 872 1044 rapido
896 981 1155 1045 lampades
1182 980 1295 1042 igne
1318 985 1525 1036 vacent;
1566 981 1631 1026 60

246 1056 329 1104 Sic
355 1065 496 1119 regat
519 1057 797 1122 imperium,
821 1066 1078 1122 terrasque
1104 1064 1333 1106 coerceat
1357 1072 1530 1104 omnes

311 1134 498 1190 Caesar,
527 1136 588 1182 ab
614 1135 773 1183 AEnea
798 1137 884 1200 qui
909 1136 999 1183 tibi
1021 1136 1168 1184 fratre
1193 1151 1378 1200 nepos;

285 1243 339 1272 51.
360 1242 495 1276 Quarum
519 1254 571 1274 nec
593 1245 666 1274 vitta
685 1246 808 1284 pudicos
825 1244 902 1275 Con-

243 1293 334 1333 tingit
347 1292 470 1332 crines.]
491 1294 570 1330 Quae
591 1304 653 1324 non
670 1300 742 1324 sunt
755 1293 902 1335 xdrgines,

242 1347 296 1372 aut
321 1341 477 1378 Vestales,
508 1353 577 1384 quae
605 1343 682 1373 vitta
704 1343 905 1385 peculiariter

242 1391 422 1422 utebantur.
445 1391 551 1423 Plaut.
576 1392 737 1424 Cistellar.
753 1394 782 1424 Ι.
802 1394 824 1424 i.
840 1404 903 1425 ver.

244 1442 284 1471 80
299 1452 306 1470 :

286 1490 435 1521 ‚Uarrone
447 1492 541 1532 magis
556 1493 742 1523 conducibile
752 1499 793 1523 est
807 1505 901 1524 unum

325 1550 472 1570 ssmllre—

285 1588 327 1618 Εἰ
347 1600 412 1618 cum
429 1599 460 1618 eo
473 1594 588 1619 aetatem
603 1591 728 1631 exigere,
742 1592 792 1621 cui
809 1598 902 1631 nupta

327 1644 369 1668 est
384 1639 470 1669 semel
483 1650 492 1674 ,-

240 1693 271 1718 et
286 1687 319 1718 in
331 1687 448 1724 Milite,
464 1688 526 1719 IV.
538 1687 559 1718 i.
574 1698 639 1719 ver.
657 1689 718 1720 196
731 1701 737 1719 z

285 1737 434 1768 Matronae
448 1740 546 1769 crines
558 1744 586 1768 et
602 1740 690 1769 vittas
706 1740 824 1770 habent.

284 1788 336 1817 52.
355 1786 418 1818 Nec
431 1788 505 1817 stola
524 1787 639 1830 longa]
665 1788 734 1819 Nec
750 1794 822 1819 sunt
837 1799 903 1820 ma·

240 1840 335 1866 tronae
349 1847 356 1873 3
372 1846 443 1877 quae
454 1837 533 1867 stola
543 1837 725 1868 utebantur.
761 1838 808 1868 Ea
819 1837 902 1868 enim

241 1884 334 1915 vestis
357 1890 434 1921 erat,
459 1895 527 1926 quae
557 1885 597 1916 ad
620 1885 699 1917 imos
724 1886 822 1928 pedes
847 1887 902 1918 de-

242 1934 369 1964 fluebat.

284 1984 336 2013 54.
353 1982 508 2014 Incertum
528 1984 651 2025 genus]
678 1985 802 2026 Nempe
827 1995 901 2016 con-

239 2031 378 2063 ventitiis
402 2033 483 2071 sati;
512 2033 618 2064 Plaut.
645 2033 804 2065 Cistellar.
832 2035 858 2065 Ι.
881 2035 902 2066 i.

238 2080 389 2122 ἐφάπτωρ
406 2088 536 2112 vocatur
558 2082 711 2124 ejusmodi
728 2090 902 2116 contrecta-

238 2136 307 2168 tor;
323 2130 469 2172 ⁴Esehyl.
483 2131 626 2173 Supplic.
642 2142 706 2162 ver.
723 2133 797 2163 314.

282 2181 334 2211 55.
350 2179 474 2210 furtivi
499 2182 555 2211 viri
576 2186 647 2212 sunt
669 2181 804 2213 adulteri
822 2193 900 2214 moe-

239 2228 339 2260 chive.
374 2229 523 2261 HARu-:s-

281 2280 336 2310 58.
364 2279 479 2310 credar
507 2280 623 2311 Erfurt.
649 2287 681 2312 et
706 2281 770 2312 alii.
793 2283 901 2313 credar

238 2334 368 2360 correct.
388 2329 504 2360 Bavar.
536 2329 699 2372 Augustus
720 2331 822 2372 legem
840 2332 898 2363 Ju-

237 2377 313 2408 liam
340 2378 379 2409 de
406 2378 568 2410 adulteriis
597 2379 723 2411 tulerat.
760 2381 847 2412 Suet.
870 2392 898 2413 c.

237 2428 290 2458 34.
326 2428 478 2459 Hsnzns.

281 2477 331 2507 60.
349 2477 541 2519 lampades]
561 2479 659 2510 Faces
674 2480 798 2510 amoris.
837 2480 897 2512 His

237 2526 320 2556 enim
336 2533 497 2558 amantum
517 2538 643 2570 quoque
662 2534 789 2571 pectora
805 2530 895 2560 ferie-

236 2575 293 2605 bat
314 2574 449 2617 Cupido,
470 2582 502 2607 et
523 2576 685 2619 injiciebat
705 2577 844 2609 ardorem
865 2585 895 2610 et

239 2634 356 2665 ignem.

279 2674 331 2704 61.
344 2673 468 2714 Imperio
478 2675 587 2707 maluit
596 2676 754 2712 Heinsius,
766 2682 799 2707 ut
808 2677 895 2718 Virg.

238 2724 313 2755 AEn.
329 2723 370 2754 vi.
381 2725 454 2755 852.
467 2725 488 2755 i.
499 2726 573 2755 227.
603 2725 664 2757 Sed
680 2729 835 2766 imperium
851 2738 894 2757 re·

968 1251 1024 1286 gat
1051 1243 1146 1275 etiam
1172 1242 1306 1273 Ovidius
1331 1241 1454 1272 dixerat
1480 1241 1573 1272 Trist.
1600 1241 1634 1271 ii.

974 1295 1045 1325 116.
1069 1300 1100 1324 et
1124 1293 1204 1323 bene
1226 1291 1403 1323 observavit
1422 1292 1633 1327 Burmannus,

972 1353 1066 1385 quem
1080 1342 1164 1378 vide,
1186 1344 1341 1382 imperium
1362 1351 1429 1372 esse
1451 1341 1632 1371 Romanum

973 1393 1100 1430 orbem3
1131 1398 1228 1422 terras
1255 1397 1366 1432 gentes
1392 1389 1531 1421 nondum
1559 1390 1633 1420 sub-

973 1448 1070 1478 actas,
1089 1441 1251 1476 barbaras,
1275 1450 1355 1482 quas
1370 1445 1472 1476 vovet,
1496 1444 1533 1470 ut
1554 1438 1633 1480 adji-

971 1491 1035 1522 ciat
1050 1490 1191 1533 imperio.
1225 1490 1375 1521 Hsnmzs.

1015 1542 1069 1571 62.
1086 1542 1132 1571 Ab
1146 1539 1391 1581 AEneafrutre.]
1411 1539 1530 1569 AEneas
1546 1535 1631 1568 enim

972 1597 1003 1621 et
1018 1589 1141 1632 Cupido
1153 1590 1244 1620 ambo
1259 1595 1390 1619 matrem
1400 1589 1559 1619 Venerem
1573 1586 1630 1618 ha—

971 1641 1079 1671 buere.

1016 1689 1141 1729 Nepos]
1178 1688 1260 1718 Tuus
1291 1697 1311 1718 a
1340 1686 1441 1729 prima
1471 1696 1568 1717 manu
1598 1686 1631 1717 in

972 1740 1086 1770 Bavar.
1108 1749 1177 1780 quae
1199 1747 1272 1768 vero
1296 1736 1390 1768 lectio
1416 1735 1541 1767 tolerari
1568 1747 1631 1767 non

968 1795 1090 1831 potest3
1114 1787 1176 1818 alia
1195 1787 1403 1829 adscripserat
1427 1797 1529 1826 nepos.-
1554 1785 1631 1827 quid

967 1848 1040 1869 vero
1064 1837 1122 1868 hoc
1148 1837 1218 1868 loco
1242 1835 1407 1878 significet,
1430 1835 1543 1873 eruditi
1566 1835 1630 1866 dis-

968 1887 1120 1919 sentiunt.
1166 1887 1257 1922 Sunt,
1275 1886 1329 1928 qui
1351 1892 1472 1928 putent,
1499 1891 1629 1925 nepotem

969 1936 1063 1968 etiam
1078 1936 1190 1967 Latine
1203 1935 1266 1966 dici
1281 1935 1321 1966 de
1335 1935 1438 1966 fratris
1453 1935 1504 1965 vel
1519 1935 1630 1965 sororis

968 1986 1050 2025 filio3
1073 1996 1135 2028 quo
1162 1996 1265 2021 sensu,
1291 1985 1419 2016 labente
1445 1984 1628 2021 Latinitate,

970 2047 1053 2078 saepe
1069 2035 1202 2067 occurrit
1215 2034 1298 2077 apud
1315 2034 1477 2066 historicos
1491 2041 1522 2066 et
1533 2034 1628 2077 juris-

970 2085 1140 2116 consultos.
1190 2084 1256 2115 Alii
1292 2083 1465 2126 explicant,
1491 2083 1546 2126 qui
1582 2090 1629 2115 est

969 2134 1051 2166 inter
1072 2140 1210 2177 posteros
1230 2133 1332 2164 fratris
1352 2133 1397 2165 tui
1414 2135 1538 2170 AE.neae,
1554 2139 1627 2165 tuus

970 2195 1066 2227 nepos
1094 2185 1133 2215 ab
1163 2185 1280 2215 AEnea.
1331 2183 1432 2226 Atqui
1468 2194 1527 2225 ego
1556 2194 1629 2215 cum

969 2234 1162 2270 Burmanno,
1188 2234 1242 2275 qui
1270 2233 1388 2264 multus
1409 2239 1457 2265 est
1480 2232 1520 2264 ad
1543 2233 1627 2265 hunc

968 2282 1085 2319 locum,
1112 2283 1175 2314 fere
1199 2282 1319 2314 inclino
1347 2282 1380 2314 in
1405 2293 1476 2314 eam
1499 2290 1626 2314 senten-

968 2332 1056 2368 tiam,
1072 2337 1106 2363 ut
1124 2331 1259 2363 Ovidius
1269 2333 1347 2374 jam,
1363 2337 1398 2363 ut
1414 2342 1496 2374 saepe
1517 2331 1627 2363 fecisse

966 2381 1112 2418 vidimus,
1136 2381 1329 2413 innovaverit
1349 2381 1442 2423 hujus
1467 2381 1554 2413 vocis
1574 2392 1628 2413 ve-

965 2441 1031 2461 ram
1061 2437 1091 2462 et
1117 2431 1279 2473 antiquam
1307 2431 1475 2462 notionem.
1525 2431 1628 2463 Nemo

965 2491 1037 2511 vero
1058 2481 1116 2512 hoc
1131 2481 1181 2511 vel
1203 2480 1344 2522 proximo
1359 2480 1467 2511 Ovidii
1488 2486 1626 2523 tempore

963 2528 1008 2560 ita
1035 2530 1185 2572 loquutus
1213 2537 1271 2567 est,
1293 2538 1325 2562 et
1346 2531 1493 2562 Valerius
1518 2530 1625 2562 Maxi—

963 2589 1031 2610 mus
1047 2580 1088 2610 V.
1103 2579 1145 2610 ix.
1161 2580 1191 2610 2.
1216 2579 1311 2610 etiam
1336 2579 1369 2610 in
1390 2580 1500 2610 sororis
1525 2579 1623 2611 filium

964 2635 995 2659 et
1021 2635 1150 2670 nepotes
1175 2628 1327 2660 distinxit.
1372 2629 1465 2661 Cons.
1489 2629 1621 2661 Gesneri

963 2677 1101 2708 thesaur.
1126 2678 1162 2708 L.
1178 2679 1213 2709 L.
1233 2679 1291 2710 sub
1315 2678 1387 2710 h.v.
1409 2680 1446 2709 ab
1461 2679 1556 2710 AEnea
1581 2685 1623 2710 est

966 2727 1078 2758 Bavar.
1120 2728 1266 2759 Hiatus.
