1760 3172
217 199 273 239 :34
622 195 670 235 P.
710 193 921 235 OVIDII
956 192 1236 235 NASONIS

223 313 360 359 Tunc
399 327 616 375 quoque,
644 325 757 356 cum
790 310 942 356 solem
979 308 1196 355 nondum
1232 307 1527 370 prohibebat
1559 315 1609 355 et

426 389 631 434 imbrem

1513 387 1602 431 621

293 465 499 527 Tegula,
527 464 614 511 sed
641 479 853 526 quercus
879 469 1012 510 tecta
1036 462 1304 524 cibumque
1330 462 1508 517 dabat;

230 542 287 588 ln
314 558 512 589 nemore
547 549 698 604 atque
728 540 896 594 antris,
924 554 1020 585 non
1050 539 1141 584 sub
1167 538 1306 593 Jove,
1328 540 1505 600 juncta
1528 555 1609 585 vo-

294 619 454 666 Tanta
479 619 584 665 rudi
612 617 794 681 populo
820 631 937 663 cura
962 616 1164 679 pudoris
1191 622 1311 662 erat.

229 696 295 742 At
319 712 448 742 nunc
475 694 728 742 nocturnis
754 694 922 740 titulos
948 693 1247 756 imponimus
1274 693 1396 739 actis
1420 709 1429 739 :

1405 615 1608 678 [luptas.

1515 695 1610 739 625

295 771 463 834 Atque
489 772 667 818 emitur
692 786 870 832 magno
896 770 978 825 nil,
1006 770 1098 816 nisi
1126 785 1273 833 posse
1299 769 1451 831 loqui.

230 848 433 896 Scilicet
458 848 681 895 excuties
707 862 877 894 omnes
903 847 1207 909 ubicumque
1233 846 1440 908 puellas,

296 926 516 972 Cuilibet
540 934 594 972 ut
618 925 772 980 dicas,
802 923 923 971 Haec
951 939 1152 986 quoque
1179 930 1347 969 nostra
1370 922 1461 969 fuit
1483 941 1492 970 :

233 1001 309 1050 Ne
334 1003 516 1058 desint,
544 1018 669 1065 quas
695 1009 749 1049 tu
775 1002 941 1063 digitis
968 1000 1230 1048 ostendere
1256 1000 1446 1063 possis;

298 1079 367 1126 Ut
392 1096 644 1142 quamque
670 1079 908 1141 attigeris,
936 1078 1103 1125 fabula
1127 1077 1284 1140 turpis
1311 1077 1419 1124 erit.

1515 1081 1612 1125 630

231 1156 391 1203 Parva
411 1172 613 1219 queror:
642 1155 836 1217 fingunt
855 1155 1074 1218 quidam,
1093 1170 1205 1217 quae
1225 1169 1341 1200 vera
1360 1164 1614 1217 negarent,

300 1233 365 1280 Et
389 1234 509 1280 nulli
535 1249 632 1280 non
653 1250 705 1280 se
731 1232 1061 1280 concubuisse
1086 1230 1264 1278 ferunt.

234 1311 457 1373 Corpora
473 1311 513 1357 si
530 1318 800 1373 nequeunt,
815 1326 926 1373 quae
938 1315 1150 1372 possunt
1165 1307 1364 1354 nomina
1378 1314 1614 1356 tractant:

301 1387 569 1450 Famaque,
596 1403 694 1434 non
719 1394 852 1434 tacto
877 1401 1100 1450 corpore,
1128 1385 1314 1433 crimen
1338 1385 1505 1432 habet.

236 1463 257 1509 Ι
286 1480 432 1520 1111110,
459 1464 636 1511 claude
661 1464 806 1520 fores,
835 1472 1002 1511 custos
1028 1464 1213 1518 odiose,
1241 1463 1448 1526 puellae3

305 1540 370 1587 Et
394 1548 591 1587 centum
618 1541 753 1588 duris
778 1542 1004 1605 postibus
1029 1541 1158 1588 adde
1183 1555 1334 1587 seras.

1524 1466 1620 1510 635

237 1615 370 1670 Quid
394 1617 485 1664 tuti
512 1625 755 1681 superest,
783 1634 896 1664 curn
922 1617 1133 1664 nominis
1159 1623 1298 1664 extat
1318 1615 1538 1673 adulter;

304 1693 370 1740 Et
394 1693 544 1749 credi,
571 1694 704 1756 quod
730 1710 826 1740 non
852 1694 1060 1756 contigit
1084 1709 1210 1748 esse,
1238 1692 1409 1756 cupit?

240 1769 346 1816 Nos
373 1770 520 1817 etiam
545 1786 685 1817 veros
711 1786 858 1833 parce
884 1771 1170 1834 profitemur
1195 1785 1415 1816 amores:

306 1845 562 1909 Tectaque
588 1854 703 1893 sunt
727 1846 886 1893 solida
914 1847 1127 1910 mystica
1150 1846 1279 1893 furta
1301 1845 1415 1893 fide.

1529 1849 1625 1894 640

242 1921 438 1969 Parcite
463 1923 711 1986 praecipue
735 1922 853 1969 vitia
876 1924 1175 1986 exprobrare
1201 1922 1395 1986 puellae,

310 1997 445 2045 Utile
471 2014 581 2060 quae
607 1998 774 2045 multis
800 1999 1139 2048 dissimulasse
1164 1999 1270 2047 fuit.

245 2074 353 2121 Nec
379 2091 497 2121 suus
525 2074 852 2122 Andromedae
878 2077 1010 2124 color
1032 2084 1108 2124 est
1132 2077 1358 2139 objectus
1384 2078 1446 2124 ab
1472 2077 1571 2134 illo,

310 2150 512 2198 Mobilis
537 2151 585 2198 in
611 2152 807 2213 gemino
834 2154 913 2200 0111
940 2155 1068 2218 pede
1095 2169 1258 2218 penna
1281 2152 1389 2202 fuit.

287 2335 361 2365 626.
388 2337 483 2376 Atque
498 2336 753 2379 emhurmagno]
779 2338 815 2369 In
828 2339 903 2369 Ber-

245 2383 332 2413 nensi
359 2394 420 2415 uno
445 2390 522 2421 erat,
545 2391 632 2426 atque
657 2388 767 2417 emitur
794 2389 823 2417 in
848 2390 904 2424 nil,

244 2432 326 2473 quod
349 2433 424 2474 quid
447 2433 504 2464 sibi
520 2434 605 2470 velit,
630 2445 691 2465 non
716 2442 842 2478 exput0.
866 2447 905 2468 an

243 2481 354 2523 aliquis
379 2482 528 2523 glossator
552 2482 611 2514 hoc
634 2484 841 2527 adscripserit,
857 2486 902 2517 in-

244 2529 351 2560 dicans
371 2541 469 2562 mores
491 2531 536 2563 sui
560 2532 671 2569 seculi,
689 2545 750 2575 quo
772 2534 803 2564 in
827 2535 904 2566 atrio

245 2579 419 2620 voluptates
431 2582 669 2622 peragebantur,
681 2593 719 2613 an
733 2583 817 2614 aliud
827 2585 902 2625 quid

244 2626 340 2658 lateat
362 2629 474 2659 nescio.
498 2629 572 2660 1111111
589 2630 715 2672 vulgata
738 2628 813 2663 sati's
836 2632 903 2674 pla-

241 2681 303 2712 cet,
319 2687 388 2717 quae
412 2676 494 2708 idem
519 2685 614 2715 notat,
630 2680 712 2722 quod
740 2681 794 2711 illa
819 2682 902 2723 apud

243 2724 352 2765 Vir-gil.
369 2725 402 2756 ii.
423 2727 546 2758 AEneid.
566 2729 637 2759 104.

1017 2341 1081 2371 Hoc
1099 2340 1220 2372 Ithacus
1235 2342 1304 2372 reli!
1322 2347 1348 2371 et
1374 2352 1479 2382 magno
1502 2351 1631 2371 mercen-

1059 2396 1111 2419 tur
1128 2390 1253 2419 :ltridcs-

974 2437 1036 2468 Ubi
1051 2438 1121 2469 vide
1136 2445 1300 2469 comment.
1346 2437 1462 2468 Brun.

1014 2487 1086 2517 627.
1112 2486 1232 2517 Scilicet
1258 2486 1413 2526 e.1cuties.]
1445 2486 1539 2517 Hunc
1565 2497 1632 2517 ver-

971 2545 1038 2565 sum
1069 2542 1098 2565 et
1127 2542 1294 2576 sequentes
1323 2540 1384 2564 tres
1413 2534 1632 2576 interrogative

971 2589 1064 2624 atque
1103 2583 1271 2625 εἰρωνικῶς
1309 2583 1388 2624 lego,
1426 2582 1632 2626 exprobrandi

971 2633 1034 2663 sive
1052 2632 1234 2674 increpandi
1250 2633 1360 2675 figura.
1408 2633 1536 2664 Micn„

1014 2681 1088 2712 643.
1122 2681 1184 2712 Nec
1217 2693 1288 2712 suus
1315 2681 1536 2722 Andromeda]
1574 2680 1636 2711 An-

971 2729 1118 2760 dromeda
1142 2730 1228 2761 fusca
1255 2731 1348 2761 fuisse
1372 2730 1498 2761 dicitur.
1523 2730 1639 2773 placuit
