1760 3172
171 181 256 222 302

561 174 611 214 P.
647 171 860 215 OVIDII
896 170 1177 212 NASONIS

175 292 434 357 Temporis
461 290 592 337 illius
619 288 750 336 colui
777 287 975 349 fovique
1000 294 1204 350 poetas;

244 372 482 432 Quotque
509 367 716 414 aderant
740 371 895 418 vates,
923 364 1068 410 rebar
1093 362 1269 409 adesse
1297 360 1450 408 Deos.

178 449 324 512 Saepe
349 462 464 493 suas
489 445 713 492 volucres
740 441 863 503 legit
887 440 1006 486 mihi
1032 438 1264 502 grandior
1289 454 1408 493 aevo,

243 524 471 586 Quaeque
487 528 635 569 necet
651 535 872 583 serpens,
892 534 1006 582 quae
1024 519 1167 581 juvet
1182 516 1353 571 herba,
1374 513 1570 562 Macer:

181 602 327 666 Saepe
353 616 469 647 suos
496 599 671 646 solitus
697 597 906 644 recitare
932 594 1225 658 Propertius
1251 593 1409 655 igneS,

1510 593 1573 637 45

245 677 274 725 .Ι
282 694 367 725 ure
394 675 608 724 sodalitii
635 674 721 737 qui
746 673 866 720 mihi
886 673 1093 735 junctus
1120 677 1253 718 erat:

180 755 423 803 Ponticus
449 755 618 809 heroo,
650 752 841 799 Bassus
868 765 1072 813 quoque
1098 748 1261 795 clarus
1288 747 1453 794 iambo

252 832 434 879 Dulcia
458 830 715 878 convictus
741 829 966 876 membra
989 827 1126 875 fuere
1152 826 1250 873 mei
1270 842 1280 873 :

185 911 250 958 Et
276 909 437 957 tenuit
462 915 656 955 nostras
683 922 978 954 numerosus
1006 904 1246 952 Horatius
1274 918 1433 957 aures,

254 987 390 1034 Dum
415 985 530 1034 ferit
556 983 778 1032 Ausonia
802 982 1024 1031 carmina
1047 982 1183 1029 culta
1208 981 1344 1043 lyra:

1519 980 1582 1024 50

185 1063 450 1126 Virgilium
475 1062 575 1109 vidi
599 1068 823 1118 tantum3
866 1075 957 1107 nec
985 1074 1131 1106 avara
1155 1057 1357 1104 Tibullo

252 1139 473 1203 Tempus
499 1138 732 1185 amicitiae
758 1137 860 1184 fata
884 1136 1069 1184 dedere
1095 1150 1237 1182 meae.

190 1218 463 1265 Successor
488 1215 582 1262 fuit
605 1215 685 1261 hic
711 1214 818 1271 tibi,
849 1213 1024 1267 Galle;
1068 1210 1359 1274 Propertius
1385 1208 1482 1255 illi:

257 1293 477 1348 Quartus
504 1292 567 1339 ab
593 1291 670 1338 his
696 1291 823 1338 serie
848 1289 1087 1353 temporis
1113 1289 1222 1352 ipse
1247 1287 1333 1334 fui.

191 1371 364 1433 thue
391 1386 483 1431 ego
510 1370 739 1431 majores,
768 1368 839 1415 sic
865 1383 945 1414 me
973 1367 1173 1413 coluere
1199 1364 1414 1411 minores
1439 1381 1449 1419 ;

1524 1365 1586 1410 55

259 1448 496 1510 Notaque
523 1463 620 1494 non
645 1447 787 1494 tarde
811 1445 944 1493 facta
968 1444 1146 1492 Thalia
1170 1458 1282 1491 mea
1305 1449 1398 1490 est.

234 1588 286 1618 44.
313 1586 445 1627 Macen]
474 1585 623 1616 Aimilius
647 1586 770 1621 Macer,
795 1585 857 1615 Ve-

193 1635 333 1667 ronensis
357 1642 461 1677 poeta,
486 1634 525 1666 de
551 1635 647 1665 herbis
667 1634 802 1676 scripsit,
828 1640 860 1664 et

193 1684 454 1726 Ornitliogoniam
482 1684 549 1715 sive
575 1684 613 1715 de
637 1684 759 1719 avibus,
783 1684 858 1714 item

192 1734 348 1765 Theriaca
368 1745 393 1764 s.
415 1734 456 1764 de
476 1733 640 1764 venenatis
661 1733 861 1764 animalibus.

194 1784 341 1815 Mortuus
377 1790 424 1814 est
463 1793 543 1814 anno
576 1782 683 1813 xxviii.
713 1782 862 1824 Augusti.

196 1832 380 1874 Olympiad.
401 1833 472 1862 191.
495 1842 545 1862 an.
565 1833 598 1862 2.
623 1836 702 1862 teste
725 1828 862 1862 Eusebio

197 1882 228 1912 in
245 1881 363 1913 Chron.
384 1882 592 1923 Verpoorten.
627 1881 776 1911 Hmztrs.

240 1931 292 1960 47.
317 1929 468 1961 Ponticus
483 1935 576 1971 poeta
597 1929 722 1971 scripsit
743 1929 862 1960 bellum

195 1980 383 2010 Thebanum
407 1980 544 2010 carmine
569 1979 704 2010 heroico.
729 1990 759 2010 v.
787 1979 862 2009 Pro-

197 2034 276 2071 pert.
299 2027 318 2059 i.
347 2029 377 2058 7.
409 2029 437 2059 1.
465 2027 573 2069 ibique
602 2027 779 2058 Broukhus.
809 2027 864 2069 qui

197 2077 292 2109 etiam
316 2076 356 2108 ad
376 2077 515 2118 Propert.
537 2076 558 2106 i.
575 2078 606 2106 4.
628 2077 679 2106 42.
701 2076 740 2107 de
761 2077 865 2107 Gabio

199 2127 298 2157 Basso
328 2126 405 2166 agit.
451 2126 512 2156 Hic
544 2125 711 2166 scripserat
743 2125 863 2161 satiras,

199 2174 313 2216 quibus
324 2174 432 2210 iambi,
444 2174 476 2205 in
490 2174 780 2216 vituperationibus,
793 2185 863 2216 quae

199 2224 266 2255 sine
285 2222 509 2265 imprecatione
530 2228 644 2259 essent,
661 2223 802 2254 adhiberi
818 2235 866 2254 so-

199 2273 258 2309 liti,
276 2272 411 2304 maxime
435 2271 678 2308 conveniebant,
694 2272 777 2303 unde
794 2272 865 2314 ἰαμ·

198 2322 304 2363 βίζειν
332 2333 387 2364 pro
416 2321 616 2357 maledicere,
644 2328 676 2352 et
700 2322 865 2364 Verpoort.

195 2373 262 2414 jam
280 2371 423 2402 laudarat
440 2371 558 2413 Scalig.
574 2371 613 2402 de
628 2382 660 2403 re
681 2378 764 2413 poet.
778 2372 799 2402 i.
818 2373 868 2402 12.

201 2429 232 2452 et
249 2424 300 2453 54.
348 2422 501 2453 Inuus.

244 2472 298 2502 48.
329 2471 440 2501 Dulcia
455 2471 637 2512 convictus]
665 2471 869 2502 convictores

202 2521 262 2551 mei
280 2521 412 2551 fuerunt.
431 2520 585 2562 ὁμόσιτοι.

246 2571 298 2601 49.
327 2570 476 2600 Horatius
492 2569 692 2610 numerosum]
721 2569 870 2600 Horatius

202 2618 338 2660 optimus
352 2625 455 2659 poeta,
470 2618 519 2649 vel
536 2629 555 2649 a
570 2618 670 2660 copia,
687 2618 738 2649 vel
751 2619 790 2649 ab
807 2617 871 2649 ele-

203 2667 311 2708 gantia
327 2678 509 2699 numerosus
523 2667 627 2699 dictus
642 2680 648 2706 ;
674 2668 724 2699 vel
741 2667 837 2698 etiam
855 2678 873 2698 a

204 2715 355 2747 varietate
374 2726 571 2748 numerorum
592 2727 628 2747 ac
652 2716 779 2759 pedum,
797 2726 874 2757 quos

926 1584 1025 1625 lyrica
1054 1588 1153 1613 metra
1183 1581 1351 1624 recipiunt.
1412 1581 1517 1612 Natus
1546 1587 1594 1612 est

927 1638 1000 1664 ante
1018 1631 1167 1663 Ovidium
1186 1632 1275 1662 annis
1289 1632 1342 1662 22.

970 1683 1023 1713 50.
1038 1681 1239 1723 Βιιηι]ἐι·ι“ι.]
1267 1681 1354 1711 Dum
1370 1680 1490 1722 plectro
1505 1680 1594 1712 chor-

928 1731 984 1763 das
1003 1731 1143 1762 seriendo
1158 1735 1266 1762 cantat
1279 1742 1287 1768 3
1311 1730 1369 1761 hoc
1381 1735 1439 1766 est,
1453 1729 1527 1761 dum
1541 1740 1595 1772 pa·

927 1782 1002 1812 riter
1017 1787 1106 1812 sonat
1121 1781 1200 1822 lyra,
1217 1786 1248 1811 et
1263 1786 1372 1811 cantat
1386 1780 1538 1811 carmina.

973 1830 1123 1861 Ovidium
1134 1830 1173 1861 ad
1184 1830 1241 1861 illa
1250 1830 1359 1860 Horat.
1368 1829 1411 1860 iv.
1423 1829 1486 1860 Od.
1502 1831 1532 1860 3.
1543 1830 1597 1860 23.

932 1880 1019 1914 Quod
1049 1886 1195 1909 monstror
1224 1881 1319 1920 digito
1346 1881 1595 1918 praetereunlium

933 1929 1073 1959 Romanor
1092 1928 1210 1969 fidicen
1242 1929 1315 1968 Iyroe
1344 1927 1529 1969 respexisse,
1557 1928 1596 1959 ad

932 1978 1007 2009 Hor.
1031 1978 1052 2008 i.
1073 1979 1218 2009 observat
1236 1977 1343 2008 Bentl.
1367 1987 1466 2018 eoque
1483 1977 1599 2008 refutat

932 2026 1054 2059 Heinsii
1083 2027 1309 2059 correctionem
1337 2038 1399 2057 non
1424 2027 1518 2068 plane
1542 2027 1598 2058 im-

931 2078 1060 2119 probam
1077 2076 1161 2119 apud
1175 2082 1313 2107 nostrum
1331 2075 1483 2106 Ovidium
1496 2076 1601 2107 AEolia

932 2126 1000 2157 loco
1017 2126 1169 2157 Ausonia.
1216 2125 1366 2155 HAmAEs.

976 2175 1030 2205 51.
1059 2173 1120 2204 Nec
1136 2173 1340 2215 ‹zvar-ajala]
1374 2173 1443 2204 Nec
1460 2173 1600 2205 Deorum

933 2223 1112 2254 voluntates
1124 2234 1132 2261 ·,
1152 2233 1230 2264 quas
1243 2222 1314 2253 ideo
1327 2232 1434 2253 avaras
1449 2221 1602 2264 adpellat.

934 2272 1083 2315 quoniam
1099 2272 1230 2303 celerius
1243 2271 1405 2302 Tibullum
1422 2277 1603 2313 rapuerunt,

935 2333 1030 2364 quam
1059 2322 1106 2353 fas
1131 2328 1215 2353 erat:
1249 2320 1419 2352 admodum
1445 2320 1530 2351 enim
1552 2321 1603 2363 ju-

935 2371 1022 2402 venis
1037 2370 1140 2413 periit.

979 2422 1031 2451 52.
1059 2420 1183 2460 Tempus
1208 2419 1376 2461 amicirier]
1404 2419 1490 2456 Quia
1514 2419 1606 2461 periit

935 2479 985 2500 me
1001 2480 1108 2511 puero,
1131 2475 1185 2500 aut
1201 2475 1373 2510 antequam
1395 2479 1518 2511 possem
1533 2479 1606 2500 eum

936 2518 1053 2550 videre.
1114 2519 1179 2549 Alii
1211 2524 1318 2549 tamen
1348 2518 1469 2554 volunt,
1497 2517 1607 2549 eodem

937 2579 1029 2605 anno,
1053 2575 1084 2599 et
1107 2568 1216 2599 eadem
1239 2567 1290 2598 die
1314 2577 1386 2598 cum
1412 2566 1528 2597 Ovidio
1551 2577 1607 2597 na-

940 2624 1016 2649 tum.
1078 2618 1170 2649 l'nde
1201 2622 1304 2649 exstat
1334 2615 1442 2648 Ovidii
1473 2616 1513 2648 de
1541 2616 1608 2657 ejus

940 2674 1037 2698 morte
1054 2667 1188 2709 Iilegia3
1212 2667 1277 2698 vol.
1294 2666 1327 2697 ii.
1346 2677 1420 2708 pag.
1440 2666 1510 2696 198.
