1760 3172
383 170 569 212 ARTIS
601 167 959 211 AMATORIAE
992 167 1112 209 LIB.
1147 167 1238 208 III.
1459 164 1515 207 57

118 286 431 334 Conveniunt
453 293 629 334 tenues
655 285 874 348 scapulis
901 283 1231 331 analectrides
1259 282 1400 329 altis:

185 363 419 411 Inflatum
445 364 577 411 circa
597 363 752 410 fascia
776 368 953 426 pectus
979 368 1075 408 eat.

117 440 315 503 Exiguo
342 442 506 504 signet
529 448 674 504 gestu
700 441 1056 504 quodcumque
1081 439 1343 501 loquetur3

1414 438 1511 482 275

185 517 282 565 Cui
306 519 449 581 digiti
474 518 702 583 pingues,
730 525 781 565 et
805 517 982 564 scaber
1007 516 1188 578 unguis
1214 520 1375 561 erunt.

122 594 217 643 Cui
244 596 405 658 gravis
432 595 529 642 oris
555 595 693 650 odor,
722 609 995 658 numquam
1016 594 1192 656 jejuna
1215 591 1477 654 loquatur3

184 671 251 719 Et
274 689 473 736 semper
497 673 659 736 spatio
685 673 838 719 distet
862 672 924 718 ab
951 687 1035 718 ore
1059 670 1166 717 viri.

119 748 173 796 Si
198 751 352 812 niger,
381 757 468 797 aut
492 750 684 813 ingens,
713 756 799 796 aut
825 765 922 795 non
948 747 1041 794 erit
1065 746 1238 794 ordine
1263 750 1410 792 natus

185 827 322 874 Dens
348 827 455 883 tibi,
478 827 683 875 ridendo
709 825 930 873 maxima
954 825 1138 871 damna
1161 823 1307 870 feres.

1414 823 1512 867 280

117 902 241 958 Quis
266 905 470 952 credat?
507 905 709 951 discunt
733 903 882 950 etiam
910 903 1069 949 ridere
1095 901 1274 965 puellae
1294 909 1316 948 ε’

182 980 431 1035 Quaeritur
455 988 609 1044 atque
634 980 729 1027 illis
755 980 847 1027 hac
875 995 1078 1043 quoque
1107 986 1247 1042 parte
1273 978 1440 1025 decor.

119 1057 230 1105 Sint
253 1058 435 1105 modici
460 1059 630 1114 rictus,
659 1058 758 1104 sint
782 1073 945 1121 parvae
971 1056 1223 1119 utrimque
1248 1056 1468 1114 lacunae;

182 1134 250 1182 Et
274 1152 493 1183 summos
519 1136 695 1183 dentes
722 1135 823 1181 ima
847 1133 1030 1181 labella
1052 1139 1240 1196 tegant.

115 1211 224 1260 Nec
250 1229 340 1260 sua
363 1220 606 1276 perpetuo
631 1212 938 1260 contendant
961 1211 1045 1258 ilia
1068 1211 1198 1258 risu:

1412 1214 1508 1259 285

184 1289 286 1337 Sed
311 1290 419 1337 leve
445 1290 613 1337 nescio
640 1289 761 1352 quid
786 1289 1159 1350 femineumque
1185 1295 1378 1335 sonent.

116 1363 224 1422 Est,
253 1382 364 1429 quae
390 1382 622 1430 perverso
649 1366 962 1428 distorqueat
986 1381 1072 1412 ora
1096 1365 1368 1413 cachinno:

183 1442 314 1490 Cum
339 1443 440 1490 risu
464 1444 581 1491 laeta
605 1450 682 1491 est
706 1444 877 1499 altera,
905 1443 1024 1490 flere
1049 1450 1214 1507 putes.

114 1519 208 1567 Illa
227 1526 371 1567 sonat
394 1536 615 1576 raucum,
638 1521 981 1583 quiddamque
1007 1520 1273 1567 inamabile
1300 1519 1504 1577 stridet;

184 1596 256 1646 Ut
278 1597 411 1646 rudit
435 1598 498 1646 ad
524 1598 753 1646 scabram
777 1598 937 1663 turpis
964 1597 1119 1646 asella
1141 1598 1341 1645 molam.

115 1793 265 1825 magnam,
305 1795 365 1814 non
401 1786 596 1824 praesentibus
634 1786 775 1815 nummis.

116 1832 320 1864 Phoecasiatus
347 1834 430 1865 miles
463 1833 548 1876 apud
582 1834 775 1866 Petronium.

115 1881 237 1913 HEINs.

157 1931 234 1962 273.
261 1932 455 1963 Analectides
477 1932 576 1973 altis]
613 1932 780 1963 Turnebus

115 1978 284 2011 Adversar.
301 1980 356 2011 lib.
371 1981 412 2012 iv.
428 1991 498 2024 cap.
514 1981 603 2012 xxiii.
628 1983 776 2018 ometides,

114 2027 289 2060 humerales
302 2029 414 2061 fascias
425 2031 593 2072 legendum
606 2031 779 2068 contendit,

115 2084 147 2109 et
174 2079 377 2121 reprehendit
403 2080 485 2117 illos,
514 2080 568 2122 qui
597 2082 780 2112 analectides

115 2128 295 2165 emendant,
320 2129 459 2160 Coelium
482 2129 710 2171 Rhodiginum,
738 2135 780 2167 et,

115 2176 170 2218 qui
184 2176 274 2207 illum
288 2177 440 2219 sequitur,
453 2178 623 2220 Mycillum
638 2184 780 2220 tangens,

115 2226 204 2268 cujus
224 2226 304 2258 hanc
327 2227 538 2269 conjecturam
559 2229 712 2270 probabat
734 2234 780 2259 ta-

115 2284 188 2305 men
203 2275 366 2307 Gruterus.
402 2277 470 2317 Ego
485 2277 525 2307 ad
542 2276 637 2318 Regii
652 2277 780 2314 codicis,

115 2333 211 2354 sacrae
235 2329 389 2366 tanquam
416 2324 572 2362 anehorae,
596 2325 781 2367 confugiens

113 2372 309 2415 scripturam,
322 2374 359 2406 τὸ
374 2376 605 2414 analecptrides,
623 2375 780 2416 geminam

116 2422 282 2453 lectionem
305 2423 469 2465 designare
492 2424 609 2466 opinor,
632 2424 781 2456 videlicet

115 2470 149 2501 in
176 2471 334 2503 nonnullis
369 2472 542 2509 codicibus,
569 2475 779 2511 analectrides‚

116 2519 186 2552 ἀπὸ
201 2522 257 2552 τοῦ
272 2520 450 2564 ἀναλέγειν
465 2522 616 2565 scriptum
629 2523 735 2560 fuisse,
748 2523 781 2554 in

116 2569 284 2606 nonnullis,
304 2572 517 2611 unaleptrides,
535 2571 605 2604 ἀπὸ
618 2574 676 2603 τοῦ
696 2572 776 2604 ἀνα-

113 2617 298 2660 λαμβάνειν
323 2621 475 2662 colligem,
503 2623 685 2663 restringere
713 2632 776 2653 mo-

116 2677 202 2698 nens.
236 2669 302 2709 Ego
315 2675 431 2706 tamen,
444 2672 643 2702 analafo-ides
658 2671 777 2708 malim,

117 2716 200 2757 quod
215 2727 320 2748 earum
335 2718 429 2749 etiam
445 2730 518 2751 usus
531 2721 562 2750 in
573 2720 655 2751 lecto
671 2720 776 2752 fuerit.

1411 1600 1510 1645 290

843 1784 889 1814 ita
913 1789 945 1815 et
969 1781 1201 1826 ὁμολεκτρίὃες,
1225 1783 1409 1813 concubinae.
1436 1781 1512 1813 olim

844 1833 1269 1875 refingebamffimcleptides.
1285 1831 1354 1863 ἀπὸ
1366 1831 1513 1863 τοῦάνα-

846 1882 1041 1925 κλέπτομαι,
1056 1885 1219 1914 retrocedo.
1242 1881 1305 1918 vel,
1320 1882 1512 1912 anacletides.

847 1932 969 1963 Hfims.

889 1981 964 2011 274.
988 1981 1160 2021 Angustum
1176 1978 1401 2021 circumfascia
1410 1985 1515 2018 pectus

846 2030 923 2070 eat.]
961 2029 1084 2070 Regius
1110 2030 1201 2065 alter,
1228 2028 1377 2070 Inflatum
1400 2035 1514 2068 pectus.

849 2079 932 2121 quod
961 2090 1070 2110 verum
1101 2084 1161 2110 est.
1221 2078 1377 2119 Intelligit
1407 2083 1513 2110 autem

849 2129 1033 2169 Strophium,
1048 2128 1132 2170 quod
1149 2130 1297 2159 luctantes
1305 2128 1436 2167 papillas
1448 2130 1513 2158 vin-

848 2179 938 2215 cibczt‚
955 2184 990 2209 ut
1003 2188 1075 2208 cum
1091 2177 1217 2209 Catullo
1231 2177 1353 2219 loquar.
1392 2177 1514 2208 Nouius

849 2233 933 2258 certe
949 2228 1121 2267 Strophium
1134 2233 1236 2264 vocat,
1241 2228 1374 2269 fasciam
1389 2228 1513 2264 brevem,

848 2288 911 2317 quer
921 2278 1100 2319 virginalem
1109 2278 1297 2317 papillarum
1310 2282 1453 2307 tumorem
1467 2288 1514 2308 co-

848 2327 939 2357 hibet.
986 2327 1105 2357 mes.

893 2377 969 2407 281.
996 2376 1128 2406 Discunt
1152 2378 1251 2406 ridere
1271 2375 1408 2415 puellm]
1441 2375 1513 2407 Huc

848 2425 926 2456 forte
942 2424 1078 2467 respexit
1095 2424 1267 2461 Martialis,
1284 2424 1340 2456 lib.
1356 2424 1391 2455 ii.
1409 2424 1511 2467 Epist.

849 2476 901 2505 41.

893 2525 983 2561 Ride,
999 2526 1023 2555 si
1036 2527 1124 2565 sapis,
1138 2536 1152 2554 ο
1166 2525 1269 2565 puella
1285 2526 1359 2560 ride,

892 2574 1050 2615 Pelignus,
1064 2581 1148 2613 puto,
1164 2576 1282 2604 <literar
1296 2576 1395 2613 pu'e'ta.

848 2623 931 2653 Nam
954 2623 1022 2665 ipsa
1045 2625 1150 2659 verba,
1171 2634 1241 2664 quae
1265 2623 1423 2654 Martialis
1443 2634 1511 2666 pro-

847 2672 945 2707 ducit,
963 2683 1003 2702 ex
1019 2671 1182 2713 deperdito
1196 2671 1257 2702 alio
1271 2672 1407 2703 Nasonis
1420 2683 1511 2715 opere

847 2721 993 2752 desumto⁴
1009 2732 1075 2752 esse
1091 2721 1142 2752 vix
1157 2727 1242 2763 puto.
1290 2722 1406 2753 Bmm.
