1760 3172
402 168 492 209 EX
527 166 736 208 PONTO
772 166 889 207 LIB.
924 165 986 207 ΙΙ.
1022 166 1212 208 EPIST.
1248 168 1310 208 ΙΙ.

1461 168 1545 208 407

168 281 374 338 Felices,
396 281 577 345 quibus
603 282 692 328 hos
712 281 852 328 licuit
877 288 1104 344 spectare
1129 282 1420 345 triumphos,

232 357 300 405 Et
323 358 464 405 ducis
490 374 573 406 ore
599 358 734 405 Deos
761 359 1101 422 aequiparante
1126 358 1235 406 frui.

166 434 234 481 At
256 434 376 482 mihi
404 435 709 482 Sauromatae
736 451 823 499 pro
847 435 1062 482 Caesaris
1087 451 1170 482 ore
1194 435 1409 491 videndi,
1483 438 1544 482 95

230 511 484 576 Terraque
508 513 646 576 pacis
671 512 829 576 inops,
857 513 1090 575 undaque
1115 512 1281 559 vincta
1305 512 1434 574 gelu.

170 589 222 636 Si
246 596 413 637 tamen
437 591 544 637 haec
570 591 728 646 audis,
752 596 802 637 et
824 606 921 636 vox
946 606 1057 637 mea
1085 589 1308 652 pervenit
1332 589 1478 645 istuc,

234 666 311 714 Sit
334 674 421 714 tua
444 667 682 714 mutando
708 666 866 729 gratia
889 655 1072 713 blanda
1095 666 1220 713 loco.

169 743 278 791 Hoc
303 751 444 808 pater
467 744 549 790 ille
574 751 705 799 tuus,
734 743 892 807 primo
916 742 1036 789 mihi
1061 743 1225 790 cultus
1252 742 1313 789 ab
1339 758 1457 798 aevo,

238 820 290 868 Si
317 821 437 884 quid
461 821 613 868 habet
636 836 811 868 sensus
838 821 1014 868 umbra
1033 820 1232 876 diserta,
1260 820 1412 883 petit:
1458 823 1549 866 100

172 897 280 945 Hoc
306 898 432 962 petit
456 906 506 946 et
529 898 706 955 fratem
737 898 962 961 quamvis
987 898 1196 945 fortasse
1221 904 1433 952 veretur,

238 975 478 1023 Servandi
503 982 681 1023 noceat
705 992 767 1023 ne
792 975 882 1023 tibi
908 991 1026 1022 cura
1049 975 1174 1022 mei:

170 1052 298 1101 Tota
320 1054 498 1101 domus
523 1054 649 1118 petit
672 1053 793 1111 hoc3
823 1069 914 1100 nec
938 1060 992 1100 tu
1018 1059 1159 1115 potes
1188 1051 1294 1114 ipse
1322 1066 1516 1113 negare,

240 1130 306 1177 Et
331 1147 419 1178 nos
445 1131 494 1178 in
518 1132 675 1178 turbae
700 1138 841 1195 parte
866 1131 1017 1177 fuisse
1043 1137 1157 1177 tuae.

173 1207 366 1270 Ingenii
392 1214 542 1264 certe,
571 1224 671 1271 quo
696 1224 785 1255 nos
810 1208 937 1255 male
963 1207 1208 1254 sensimus
1235 1223 1366 1261 usos,

1464 1207 1552 1252 105

238 1285 444 1332 Artibus
470 1285 713 1348 exceptis,
741 1301 873 1349 saepe
898 1285 1132 1348 probator
1156 1299 1279 1330 eras,

175 1361 283 1409 Nec
304 1377 430 1418 mea,
457 1361 498 1408 si
523 1368 716 1409 tantum
741 1369 950 1425 peccata
973 1361 1239 1408 novissima
1262 1360 1449 1414 demas,

243 1438 368 1486 Esse
392 1446 560 1502 potest
583 1439 751 1486 domui
776 1439 876 1486 vita
899 1438 1134 1502 pudenda
1157 1444 1272 1484 tuae.

178 1516 260 1563 Sic
287 1516 434 1579 igitur
457 1523 631 1564 vestrae
657 1516 855 1579 vigeant
879 1515 1153 1580 penetralia
1177 1514 1366 1577 gentis3

244 1593 478 1656 Curaque
504 1592 568 1640 sit
594 1593 799 1657 Superis
824 1593 1209 1655 Caesaribusque
1234 1592 1303 1638 tui
1324 1608 1333 1638 :

175 1741 347 1782 impetrarit
365 1741 404 1771 ab
420 1741 574 1782 Augusto,
590 1746 669 1772 teste
690 1741 837 1771 Suetonio

177 1798 208 1821 et
223 1790 337 1826 Dione,
353 1790 411 1820 hoc
427 1796 474 1821 est
490 1790 573 1832 quod
589 1792 732 1821 vobiscum
749 1794 837 1822 comi-

178 1842 255 1870 tavit
276 1846 409 1870 ovantem
430 1839 524 1881 paulo
550 1845 622 1870 ante
645 1839 776 1876 dixerat,
792 1846 838 1871 te-

179 1900 251 1921 cum
277 1899 388 1931 nempe
412 1895 443 1919 et
465 1899 537 1920 cum
559 1889 679 1920 caeteris
705 1889 835 1930 legatis:

178 1949 251 1970 nam
275 1944 307 1969 et
327 1938 498 1969 Messalam
515 1938 684 1969 Corvinum
704 1938 837 1969 Messal-

177 1988 234 2019 lini
249 1993 371 2030 patrem
381 1988 447 2029 jam
462 1998 579 2024 senem,
594 1998 613 2019 a
626 1988 748 2019 Tiberio
763 1988 836 2018 ado-

178 2038 315 2068 lescente
343 2037 538 2068 observatum
568 2036 661 2067 fuisse
688 2036 774 2068 testis
793 2042 839 2067 est

180 2085 365 2124 Suetonius3
388 2090 423 2116 ut
435 2085 604 2116 verisimile
623 2085 674 2121 sit,
688 2085 746 2128 ipsi
763 2096 839 2127 quo-

180 2146 242 2178 que
255 2134 440 2166 Messallino
454 2145 526 2166 eum
541 2135 666 2166 favisse.
701 2135 817 2165 mes.

223 2186 277 2216 94.
294 2185 354 2216 Ore
367 2184 480 2225 ducis]
507 2185 569 2215 Ore
581 2184 716 2225 Augusti
733 2185 840 2224 3391ιὶ-

179 2241 308 2275 parante
324 2233 411 2270 Deos,
423 2233 494 2264 Diis
509 2233 612 2264 simili.
634 2233 840 2275 Triumphau-

182 2290 230 2315 tes
250 2282 332 2314 enim
355 2282 444 2315 Jovis
463 2283 571 2324 optimi
587 2283 715 2314 maximi
730 2289 840 2313 ornatu

183 2331 332 2367 decorati,
361 2331 445 2363 sellis
471 2331 641 2368 curulibus,
666 2338 740 2373 toga
762 2342 840 2373 prae-

184 2387 280 2417 texta,
296 2380 403 2411 tunica
425 2382 574 2422 palmata,
596 2387 626 2412 et
650 2386 723 2422 toga
744 2381 840 2423 picta,

184 2436 216 2461 et
236 2440 348 2461 corona
365 2429 558 2472 triumphali,
575 2430 755 2471 laureaque,
772 2440 840 2460 cur-

184 2490 220 2510 ru
241 2484 349 2510 aurato
372 2489 428 2520 per
451 2479 560 2509 urbem
578 2479 672 2515 vecti,
697 2479 729 2509 in
747 2479 841 2520 Capi-

186 2528 294 2559 tolium
310 2527 532 2559 ascendebant.

230 2578 283 2608 96.
299 2578 388 2608 Pacis
412 2577 520 2617 inops]
545 2576 720 2608 Hostilibus
740 2577 841 2607 incur-

186 2627 323 2658 sionibus
338 2626 479 2657 obnoxia.
525 2627 639 2657 Juncta
658 2628 741 2668 gelu.
768 2627 844 2657 Per-

188 2682 284 2718 petua
298 2675 399 2716 glacie
413 2681 567 2706 concreta.

232 2725 284 2755 99.
302 2724 422 2758 Pater-0]
446 2724 585 2755 Messala
600 2723 763 2758 Corvinus,
779 2733 846 2752 ora-

1468 1593 1559 1637 110

905 1747 951 1772 tor
972 1740 1102 1772 celebris
1123 1746 1153 1770 et
1172 1749 1293 1780 magnae
1318 1738 1401 1780 apud
1416 1738 1561 1774 Brutum,

905 1798 936 1821 et
964 1789 1077 1820 deinde
1113 1788 1195 1831 apud
1224 1788 1400 1830 Augustum
1430 1785 1562 1818 auctori-

906 1840 988 1871 tatis.
1021 1841 1169 1870 HAnLEs.

951 1889 1021 1919 100.
1038 1889 1142 1919 Frater
1158 1888 1217 1919 fuit
1230 1886 1377 1919 Valerius
1393 1886 1497 1921 Cotta,
1509 1885 1561 1926 qui

905 1939 997 1969 fratre
1019 1938 1167 1969 defuncto
1192 1937 1257 1979 ipse
1283 1947 1452 1978 cognomen
1474 1936 1562 1966 Mes-

905 1989 1008 2019 sallini
1023 1987 1162 2030 accepit:
1182 1987 1221 2018 ad
1238 1998 1331 2029 quem
1353 1986 1475 2028 scriptae
1493 1991 1564 2016 sunt

906 2038 996 2081 epist.
1007 2039 1039 2069 8.
1056 2037 1088 2068 h.
1102 2037 1174 2067 libri
1190 2043 1221 2068 et
1236 2037 1280 2068 iii.
1292 2039 1324 2067 2.
1341 2046 1376 2067 ac
1393 2038 1422 2066 5.
1452 2035 1564 2065 HAnL.

951 2089 1022 2118 104.
1046 2086 1084 2119 In
1103 2093 1188 2126 purte
1204 2093 1262 2117 tuae
1278 2085 1398 2126 turbae]
1426 2084 1464 2114 In
1478 2089 1564 2126 parte

906 2143 1028 2168 tuorum
1043 2137 1204 2168 clientum.

952 2188 1023 2218 105.
1050 2186 1133 2216 Male
1156 2185 1248 2225 usos]
1277 2183 1360 2221 Quia
1387 2180 1504 2223 ingenii
1534 2186 1566 2212 et

907 2235 1078 2267 carminum
1094 2244 1188 2265 causa
1204 2233 1357 2273 relegatus
1373 2242 1451 2262 sum.

952 2285 1023 2314 106.
1038 2285 1164 2314 Artibus
1184 2281 1334 2321 exceptis]
1358 2278 1507 2321 Exceptis
1528 2278 1565 2309 li-

906 2333 969 2364 bris
995 2333 1033 2363 de
1058 2332 1134 2362 Arte
1163 2330 1302 2366 amandi,
1327 2330 1416 2371 quasi
1445 2329 1566 2365 innuat,

909 2381 1128 2413 Messallinum
1156 2381 1189 2411 in
1221 2379 1349 2420 reliquis
1385 2378 1451 2419 ejus
1479 2377 1564 2418 inge-

910 2433 996 2462 nium
1017 2431 1174 2472 probasse,
1197 2428 1229 2459 in
1251 2428 1368 2458 artibus
1386 2436 1457 2457 vero
1480 2436 1566 2456 ama-

910 2480 994 2511 toriis
1030 2476 1252 2520 componendis
1288 2477 1452 2507 damnasse
1486 2485 1566 2505 sem-

909 2535 1027 2603 PCR-07·
1049 2572 1175 2601 Peccata
1197 2567 1380 2608 novissima]
1407 2567 1480 2597 Non
1499 2565 1567 2608 pla-

913 2627 962 2653 cet
984 2621 1042 2651 hoc
1063 2620 1130 2650 loco
1153 2618 1192 2648 de
1208 2617 1284 2647 Arte
1306 2614 1431 2647 amandi
1451 2614 1567 2645 intelli-

912 2681 994 2712 gere,
1008 2675 1041 2700 ut
1056 2667 1178 2710 putavit
1194 2667 1329 2697 Merula.
1366 2664 1457 2695 Cror.

959 2720 1030 2750 109.
1062 2716 1265 2755 Penetralia]
1306 2716 1401 2744 Sam-a
1430 2719 1461 2743 et
1491 2711 1564 2743 Dii:

1042 2767 1072 2796 D
1091 2777 1109 2795 r)
1131 2767 1149 2794 4
