1760 3172
171 187 256 229 124

559 183 611 224 Ρ.
644 180 859 224 OVIDII
893 179 1175 222 NASONIS

169 302 271 357 Sic,
298 299 391 347 nisi
417 298 585 346 vitaris
611 296 860 360 quidquid
884 296 1142 343 renovabit
1166 309 1400 350 amorem,

233 378 461 425 Flamma
484 374 820 428 redardescet,
848 388 960 435 quae
986 371 1134 418 modo
1159 371 1296 418 nulla
1319 369 1428 416 fuit.

164 455 428 518 Argolides
448 458 690 516 cuperent
710 449 898 512 fugisse
921 448 1187 511 Capharea
1205 463 1400 511 puppes
1418 464 1428 503 ;
1462 448 1558 493 735

232 531 423 594 Teque,
451 545 623 585 senex,
649 529 813 574 luctus
840 526 1037 589 ignibus
1064 526 1167 572 ulte
1193 532 1323 571 tuos.

164 607 430 656 Praeterita
458 614 634 653 cautus
662 603 707 650 N
715 603 870 651 isei'de
896 602 1063 649 navita
1087 601 1289 663 gaudet.

231 685 308 732 Tu
335 685 459 739 loca,
488 698 599 746 quae
625 681 831 728 nimium
858 686 999 742 grata
1023 679 1175 734 fuere,
1203 693 1339 725 cave.

167 762 292 810 Haec
319 762 408 809 tibi
435 761 535 808 sint
562 760 739 823 Syrtes
762 777 772 814 ;
813 758 921 804 haec
948 755 1316 803 Acroceraunia
1339 753 1468 802 vita:

234 838 333 885 Hic
358 837 512 884 vomit
537 843 588 883 et
613 841 756 899 potat
780 833 888 881 dira
915 832 1200 896 Charybdis
1227 847 1401 895 aquas.
1465 831 1561 876 740

169 916 315 970 Sunt,
343 930 456 977 quae
483 929 580 960 non
605 911 801 975 possint
826 909 994 973 aliquo
1020 916 1231 971 cogente
1251 907 1416 971 juberi
1439 925 1449 964 ;

237 992 384 1055 Saepe
410 998 579 1037 tamen
603 1004 724 1036 casu
748 987 882 1034 facta
900 988 1075 1050 juvare
1101 986 1281 1033 solent.

168 1068 357 1116 Perdat
381 1083 502 1130 opes
528 1065 770 1121 Phaedra;
812 1079 1004 1127 parceS,
1035 1062 1290 1126 Neptune,
1316 1061 1512 1125 nepoti:

236 1144 345 1191 Nec
372 1142 522 1190 saciet
547 1141 752 1204 pavidos
778 1147 950 1186 taurus
977 1139 1137 1186 avitus
1164 1154 1338 1201 equos.

171 1220 397 1267 Gnosida
420 1218 624 1265 fecisses
651 1217 879 1280 inopem,
920 1215 1170 1279 sapienter
1196 1221 1429 1262 amasset.
1467 1216 1562 1261 745

238 1296 436 1344 Divitiis
463 1295 611 1342 alitur
637 1293 920 1339 luxuriosus
946 1307 1099 1339 amor.

173 1374 276 1421 Cur
292 1388 437 1420 nemo
449 1378 543 1427 est,
558 1370 807 1426 Hecalen3
833 1369 970 1416 nulla
985 1376 1078 1425 est,
1092 1383 1206 1431 quae
1218 1366 1564 1430 ceperitIron?

238 1450 435 1513 Nempe
461 1447 596 1511 quod
621 1446 745 1494 alter
769 1461 938 1508 egens,
967 1446 1122 1493 altera
1146 1460 1335 1509 pauper
1359 1451 1481 1492 erat.

172 1527 290 1575 Non
315 1528 483 1582 habet,
502 1526 635 1572 unde
661 1540 805 1572 suum
831 1530 1099 1587 paupertas
1120 1530 1296 1586 pascat
1316 1537 1560 1568 amorem:

239 1604 355 1652 Non
380 1612 546 1652 tamen
571 1604 665 1650 hoc
691 1602 816 1649 tanti
842 1609 946 1659 est;
987 1616 1178 1665 pauper
1202 1607 1258 1647 ut
1283 1615 1395 1647 esse
1418 1598 1559 1646 velis.

173 1681 241 1729 At
263 1681 353 1728 tibi
380 1681 444 1728 sit
467 1681 608 1736 tanti,
636 1695 736 1726 non
761 1679 1019 1741 indulgere
1043 1677 1278 1743 theatris3

1466 1678 1557 1722 751

242 1758 377 1805 Dum
402 1759 530 1806 bene
556 1757 618 1804 de
638 1773 794 1804 vacuo
820 1764 1023 1820 pectore
1047 1755 1196 1803 cedat
1219 1770 1372 1802 amor.

217 1923 291 1953 735.
316 1922 473 1963 Argolides
493 1922 761 1963 cupereutfugisse
778 1921 838 1952 Ca-

171 1972 284 2011 phar-eu
310 1971 450 2011 puppes]
477 1970 582 2000 Docet
604 1981 622 2000 a
643 1970 747 2006 simili,
768 1970 839 2001 loca

175 2032 246 2062 quae
283 2025 396 2050 nocent
433 2018 562 2055 amanti,
593 2019 722 2050 vitanda
759 2029 838 2050 esse.

174 2069 331 2109 Nauplius
353 2078 458 2103 senex,
483 2068 664 2098 Palamedis
684 2074 784 2109 pater,
806 2074 840 2099 ut

174 2118 229 2147 filii
253 2116 374 2158 judicio
400 2116 507 2158 iniquo
536 2116 717 2147 Graecorum
744 2117 837 2147 occisi

174 2176 283 2197 necem
312 2165 522 2200 ulcisceretur,
547 2175 644 2206 quum
673 2164 719 2194 illi
748 2165 839 2207 'l'roja

174 2215 340 2245 redeuntes
377 2213 539 2255 naufragio
576 2213 764 2249 laborarent,
800 2224 838 2244 ex

175 2263 340 2305 Caphareo
356 2264 482 2293 Eubaeae
498 2262 705 2305 promonttrio
727 2273 838 2293 accen-

174 2312 220 2342 dit
236 2312 330 2347 faces,
345 2318 376 2342 et
387 2312 509 2352 signum
522 2311 619 2347 dedit,
632 2311 721 2352 quasi
734 2318 840 2352 portus

173 2361 239 2392 illic
266 2361 395 2399 suisset;
420 2361 473 2402 qui
497 2360 661 2391 credentes
685 2360 758 2391 illuc
784 2371 838 2391 na-

175 2412 319 2451 vigarunt
338 2416 370 2441 et
394 2410 474 2441 inter
496 2410 679 2450 asperrimos
695 2410 840 2452 scopulos

174 2460 264 2491 fracti
280 2466 310 2490 et
326 2459 457 2491 demersi
473 2459 644 2501 perierunt.
690 2458 809 2489 Amu.

219 2510 293 2539 737.
314 2508 463 2548 Nise'ide.]
492 2508 576 2539 Cave
595 2518 632 2538 ne
648 2507 705 2537 hoc
721 2507 840 2538 dictum

176 2558 215 2589 de
234 2563 324 2600 portu
340 2558 389 2588 vel
411 2558 463 2588 ora
487 2556 664 2597 Megarensi
689 2555 838 2598 accipias.

173 2607 311 2648 Scyllam
328 2607 397 2637 Nisi
411 2607 505 2636 filiam
519 2605 606 2636 innui
620 2605 726 2636 docuit
739 2605 838 2636 Hein-

173 2656 238 2688 sius
253 2655 292 2685 ad
309 2655 408 2697 Epist.
424 2654 444 2686 i.
456 2654 575 2691 Sabini,
589 2665 618 2684 v.
635 2655 687 2685 33.

219 2705 293 2735 744.
319 2704 382 2735 Nec
393 2705 494 2745 Jhcict
514 2705 634 2744 pavidos
651 2710 758 2734 taurus
773 2703 837 2733 avi-

906 1928 954 1952 tus
972 1921 1085 1962 equos]
1111 1920 1251 1951 Taurum
1269 1919 1388 1950 avitum
1403 1917 1491 1954 dicit,
1508 1928 1569 1948 non

906 1972 945 2001 ab
971 1981 1029 2001 avo
1043 1969 1169 2006 Thesei,
1185 1969 1239 2000 sed
1262 1969 1301 1999 ab
1325 1978 1382 1999 avo
1404 1967 1570 2009 Hippolyti

906 2020 1066 2061 Neptuno.
1111 2019 1195 2049 Nam
1215 2024 1246 2049 et
1269 2017 1409 2047 Theseus
1429 2015 1570 2057 Neptuni

906 2068 988 2099 filius
1012 2069 1082 2105 fuit,
1106 2068 1253 2109 idemque
1279 2072 1369 2108 pater
1394 2064 1571 2107 Hippolyti.

908 2118 1008 2148 vocat
1044 2123 1149 2148 autem
1182 2122 1213 2146 et
1248 2114 1412 2157 Euripides
1450 2114 1570 2155 ταῦρον

905 2166 1033 2208 ἄγριον,
1048 2176 1066 2196 a
1079 2176 1140 2206 quo
1158 2165 1232 2206 equi
1245 2162 1410 2205 Hippolyti
1423 2168 1572 2204 perterre-

908 2215 981 2246 facti
997 2220 1069 2245 sunt
1083 2226 1089 2244 z
1114 2224 1260 2255 eumque,
1277 2214 1315 2243 ob
1334 2211 1572 2254 imprecationes

907 2274 943 2294 ac
965 2264 1048 2294 diras
1061 2262 1175 2293 Thesei
1197 2262 1229 2292 in
1250 2261 1360 2297 filium,
1382 2260 1459 2290 mari
1480 2260 1571 2290 emis-

907 2323 976 2342 sum
991 2312 1078 2343 dicit.
1122 2311 1188 2341 Alii
1207 2316 1310 2341 autem
1333 2320 1387 2351 pro
1408 2315 1508 2344 tauro,
1526 2307 1571 2339 vi-

908 2362 1008 2392 tulum
1037 2360 1203 2396 marinum,
1228 2360 1294 2390 sive
1318 2358 1448 2400 phocam
1475 2357 1574 2387 norni-

909 2416 994 2440 naut.
1049 2411 1161 2440 Totam
1190 2408 1329 2439 fabulam
1359 2407 1455 2437 habes
1486 2406 1570 2447 apud

908 2458 1089 2500 Euripidem
1110 2456 1290 2498 Tragoedia,
1305 2466 1374 2497 quae
1395 2454 1573 2485 inscribitur

907 2506 1108 2543 Ἱππόλυτος
1125 2506 1369 2547 στεφανοφόρος.
1413 2504 1539 2534 Mrem..

965 2556 1037 2585 747.
1069 2554 1209 2595 Hecale]
1247 2554 1337 2584 Anus
1369 2552 1572 2595 paupercula,

908 2614 978 2645 quae
1001 2604 1155 2635 'l'liescuin
1182 2603 1340 2645 excepisse
1366 2601 1498 2645 hospitio
1523 2601 1570 2632 di-

907 2652 997 2684 citur.
1043 2655 1116 2691 Qua
1131 2653 1169 2684 de
1185 2663 1217 2684 re
1233 2652 1330 2695 Apul.
