1760 3172
381 211 691 265 TRISTIUM
723 211 843 252 LIB.
877 207 968 252 III.
1003 208 1182 253 ELEG.
1217 211 1309 253 ΙΙΙ.

1464 211 1551 254 229

146 325 194 373 N
200 342 258 374 ec
284 343 398 374 mea
421 334 664 374 consueto
690 327 1015 389 languescent
1040 341 1246 389 corpora
1271 327 1436 373 lecto?

211 403 513 467 Depositum
539 419 631 450 nec
657 420 736 450 me
763 403 848 466 qui
874 403 1007 458 fleat,
1036 403 1166 448 ullus
1193 403 1319 449 erit?

1484 407 1548 449 40

143 478 190 525 N
195 496 252 527 ec
277 480 490 527 dominae
516 480 752 544 lacrymis
778 480 828 525 in
853 486 1023 526 nostra
1047 479 1345 526 cadentibus
1371 495 1457 526 ora

206 555 469 603 Accedent
492 557 668 603 animae
696 564 924 619 tempora
948 571 1099 619 parva
1124 556 1283 601 meae?

142 631 189 678 N
194 649 250 680 ec
277 633 512 680 mandata
535 633 698 680 dabo?
736 649 844 688 nec,
874 632 1232 680 cum'clamore
1259 648 1513 695 supremo,

209 708 458 756 Labentes
484 710 655 756 oculos
681 709 866 756 condet
892 709 1052 756 amica
1079 709 1291 756 manus?

143 785 244 833 Sed
265 786 370 833 sine
390 785 643 833 funeribus
666 793 818 848 caput
835 785 945 840 hoc,
969 785 1075 831 sine
1101 786 1286 832 honore
1309 786 1544 849 sepulcri,

206 862 581 926 Indeploratum
606 863 818 909 barbara
843 868 973 908 terra
997 863 1170 923 teget?

1479 865 1544 909 46

138 939 352 1003 Ecquid,
381 946 435 987 ut
454 939 686 995 audieris,
714 946 820 986 tota
844 940 1109 986 turbabere
1137 946 1321 994 mente,

207 1016 274 1064 Et
297 1017 442 1064 feries
466 1017 646 1080 pavida
669 1024 874 1080 pectora
898 1016 999 1063 fida
1024 1017 1210 1063 manu?

140 1093 355 1157 Ecquid,
377 1094 427 1140 in
451 1094 541 1141 has
566 1093 749 1140 frustra
774 1093 989 1140 tendens
1015 1100 1101 1140 tua
1125 1093 1334 1140 brachia
1358 1098 1545 1155 partes,

207 1170 461 1218 Clamabis
483 1170 649 1217 miseri
675 1186 856 1217 nomen
882 1170 1027 1217 inane
1053 1170 1178 1217 viri?
1281 1215 1284 1217 ,
1480 1172 1543 1215 50

138 1246 299 1296 Parce
321 1256 490 1296 tamen
513 1248 730 1296 lacerare
756 1264 938 1310 genas3
980 1263 1073 1294 nec
1101 1247 1274 1294 scinde
1300 1245 1525 1309 capillos.

206 1325 321 1373 Non
345 1326 436 1372 tibi
461 1341 592 1372 nunc
618 1325 849 1388 primum,
877 1325 964 1371 lux
990 1341 1118 1379 mea,
1146 1330 1319 1387 raptus
1346 1339 1446 1370 ero,

140 1402 307 1458 Quum
332 1402 544 1466 patriam
569 1402 728 1457 amisi,
755 1409 860 1449 tum
886 1419 966 1449 me
991 1401 1200 1465 periisse
1226 1407 1429 1464 putato:

207 1479 274 1527 Et
296 1480 443 1544 prior,
471 1486 521 1527 et
545 1480 737 1542 gravior
762 1495 894 1525 mors
919 1478 1012 1525 fuit
1037 1478 1123 1525 illa
1146 1477 1282 1523 mihi.

142 1556 191 1604 N
196 1573 309 1613 unc,
327 1557 368 1603 si
394 1556 518 1604 forte
537 1564 698 1621 potes,
717 1558 806 1604 sed
827 1572 925 1603 non
946 1563 1107 1619 potes,
1132 1554 1322 1618 optima
1340 1554 1541 1615 conjux,

207 1633 383 1681 Finitis
408 1635 572 1696 gaude
595 1642 670 1681 tot
693 1634 814 1680 mihi
840 1640 998 1679 morte
1024 1632 1184 1678 malis.
1476 1631 1539 1676 56

137 1710 303 1766 Quam
327 1717 487 1774 potes,
515 1718 734 1758 extenua
757 1709 869 1757 forti
895 1709 1026 1756 mala
1049 1708 1198 1756 corde
1223 1706 1444 1761 ferendo,

205 1787 286 1835 Ad
311 1803 424 1851 quae
444 1788 746 1852 jampridem
771 1804 868 1835 non
894 1786 1017 1834 rude
1043 1792 1221 1849 pectus
1246 1783 1420 1830 habes.

183 2012 236 2042 40.
260 2012 464 2053 Depositum]
489 2013 521 2043 h.
536 2023 564 2045 e.
586 2014 679 2045 valde
704 2024 802 2055 aegro-

140 2066 217 2098 tum,
237 2061 292 2103 qui
317 2067 389 2093 ante
406 2062 538 2104 januam
559 2063 734 2094 collocatus
753 2063 802 2094 vel

139 2117 313 2142 extremum
340 2110 483 2152 spiritum
506 2112 653 2142 redderet
679 2111 803 2148 animae,

139 2161 189 2192 vel
206 2171 225 2192 a
236 2161 468 2192 transeuntibus
483 2162 560 2192 forte
574 2161 675 2192 curari
688 2167 803 2203 posset,

138 2215 174 2241 ut
187 2211 353 2252 Verpoort.
377 2220 415 2240 ex
436 2210 541 2241 Servio
564 2211 604 2241 ad
619 2210 707 2252 Virg.
727 2212 803 2241 AEn.

138 2259 193 2290 xii.
210 2260 286 2290 395.
300 2258 450 2301 explicat.
494 2260 646 2291 HARLES.

183 2309 236 2339 43.
269 2307 344 2344 Nec,
381 2320 448 2339 cum
481 2309 608 2339 clamore
640 2308 800 2349 suprema]

139 2357 290 2387 Solebant
304 2357 459 2387 cadavera
481 2357 567 2388 ablui
584 2357 690 2388 calida
707 2367 800 2398 aqua,

139 2411 171 2437 et
194 2416 248 2448 per
266 2405 433 2436 intervalla
456 2406 666 2437 conclamari:
697 2416 799 2436 serva>

137 2455 252 2486 bantur
270 2454 352 2485 enim
372 2460 490 2496 septem
506 2455 628 2491 diebus,
649 2460 680 2486 et
697 2455 802 2485 calida

140 2505 348 2535 abluebantur
375 2514 467 2545 aqua,
497 2510 529 2535 et
557 2510 626 2547 post
658 2504 801 2534 ultimam

139 2553 420 2585 conclamationem
436 2555 708 2585 comburebantur.

183 2604 235 2633 44.
253 2602 425 2642 Labentem]
444 2603 534 2633 Hanc
547 2604 714 2634 lectionem
729 2613 801 2633 con-

140 2658 188 2683 tra
203 2651 393 2688 Ciofanium‚
409 2652 462 2693 qui
475 2663 512 2683 ex
523 2653 631 2683 Vatic.
648 2658 680 2683 et
692 2651 801 2682 Aldin.

139 2701 227 2732 libris
249 2702 426 2743 languentes
446 2701 549 2741 legere
570 2701 668 2736 malit,
692 2700 800 2731 defeu—

140 2749 218 2780 dunt
234 2749 382 2781 Heinsius
402 2761 437 2781 ac
457 2750 629 2781 Burmann.
651 2756 679 2780 et
698 2755 800 2790 poste-

869 2013 939 2049 rior,
958 2014 1087 2043 labentes
1103 2012 1211 2047 oculos,
1229 2010 1284 2046 ait,
1299 2010 1331 2040 in
1346 2015 1442 2040 morte
1457 2014 1492 2039 ut
1508 2014 1539 2039 et

868 2062 901 2092 in
925 2073 1044 2098 somno,
1070 2060 1178 2091 mortis
1200 2060 1348 2100 imagine,
1372 2058 1463 2100 capio
1484 2069 1539 2100 pro

871 2111 971 2142 oculis
991 2110 1126 2142 hominis
1147 2109 1294 2144 labentis,
1315 2108 1347 2138 id
1368 2114 1425 2143 est,
1446 2107 1538 2137 mori-

869 2160 977 2190 bundi.
989 2170 1062 2190 nam
1079 2160 1138 2189 labi
1153 2159 1197 2189 ita
1210 2157 1331 2199 proprie
1345 2156 1424 2187 sumi
1440 2157 1537 2195 solet;

870 2209 941 2240 vide
958 2210 997 2239 ad
1013 2209 1058 2239 iii.
1076 2209 1145 2239 Art.
1163 2209 1237 2238 742.
1282 2207 1432 2236 HAnLEs.

914 2260 966 2289 46.
991 2259 1218 2298 Indeplorutimz
1241 2258 1369 2286 bui-Intra
1390 2262 1472 2285 terra
1495 2261 1537 2285 le·

867 2307 945 2347 gen]
973 2307 1046 2337 Non
1065 2307 1226 2340 defletum,
1244 2305 1442 2335 ἄκλαυστον.
1457 2302 1537 2333 ”Aic—

869 2357 1026 2393 λαυστος,
1055 2356 1190 2396 ἄταφος.
1245 2354 1297 2383 Sic
1323 2354 1429 2383 Plaut.
1455 2354 1537 2383 inse-

870 2405 993 2446 pultum
1016 2403 1174 2434 defodere.
1220 2402 1303 2432 Hinc
1326 2400 1432 2432 defleti
1452 2400 1535 2431 dice-

868 2455 992 2488 bantur,
1019 2453 1132 2494 quibus
1164 2452 1276 2493 plenus
1305 2450 1410 2480 mortis
1441 2450 1537 2480 honos

870 2503 1031 2539 redditu53
1056 2501 1187 2532 Luciam.
1208 2500 1273 2530 viii.
1295 2501 1338 2530 Τὸ
1358 2500 1418 2540 γὰρ
1440 2498 1536 2540 γέρας

871 2552 935 2583 ἐστὶ
958 2551 1144 2582 Θανόντων.
1194 2550 1330 2579 Membra
1350 2555 1411 2578 [oro
1427 2550 1536 2590 defleta

871 2607 1040 2640 reponant,
1075 2599 1163 2639 Virg.
1190 2600 1264 2628 AEn.
1293 2597 1334 2627 vi.
1364 2598 1447 2628 220:
1481 2598 1534 2628 ubi

871 2650 953 2680 hunc
970 2649 1062 2679 ritum
1079 2648 1171 2689 plene
1188 2647 1346 2677 describit.

914 2700 966 2729 53.
982 2697 1067 2727 Tunc
1078 2698 1248 2735 meperiisse
1259 2695 1391 2735 pietatm]
1414 2695 1533 2736 Ejectio

871 2759 886 2775 c>
902 2747 1003 2789 patria
1020 2758 1099 2777 mors
1115 2753 1160 2776 est
1177 2746 1287 2775 civilis.

952 2801 978 2829 O
999 2802 1015 2828 :3
