1760 3172
231 165 317 207 378

621 163 671 205 P.
706 162 817 205 OVI
826 163 918 205 DII
952 162 1228 204 NASONIS

234 279 398 326 Altius
424 279 492 326 ire
517 279 671 326 libet?
708 266 747 326 si
774 286 823 326 te
848 278 1086 326 distantia
1108 278 1253 340 longe

299 355 559 402 Pleiadum
586 355 790 402 laudent
815 354 970 416 signa,
998 354 1118 417 quid
1143 354 1257 401 inde
1283 353 1443 400 feras?

236 431 337 479 Sed
362 447 526 494 neque
550 431 781 494 pervenio
808 430 1003 494 scriptis
1029 430 1360 478 mediocribus
1385 429 1529 484 istuc,

300 508 554 571 Famaque
581 524 694 555 cum
717 508 916 555 domino
941 507 1070 570 fugit
1095 508 1156 554 ab
1182 506 1301 553 urbe
1326 522 1431 552 suo.

234 584 453 649 Vosque,
486 585 666 648 quibus
703 585 841 649 perii,
878 593 997 631 tunc
1034 600 1188 647 quum
1225 598 1335 630 mea
1369 582 1500 629 fama
1530 596 1605 628 se-

435 663 575 726 pulta
599 669 689 718 est,

1551 661 1611 705 85

303 739 349 787 N
356 756 449 787 unc
475 756 674 803 quoque
699 740 761 788 de
787 746 955 787 nostra
979 745 1134 786 morte
1158 744 1322 785 tacere
1347 752 1469 784 reor.

647 1089 1083 1137 EPISTOLA
1130 1089 1221 1136 VI.

767 1218 1094 1260 GRAECINO.

242 1344 314 1391 Ec
325 1359 418 1395 ρει
429 1359 478 1398 D,
505 1348 561 1388 ut
584 1341 780 1397 audisti,
807 1356 922 1388 nam
948 1348 998 1389 te
1023 1341 1217 1389 diversa
1239 1342 1443 1390 tenebat

306 1419 472 1474 Terra,
499 1434 634 1465 meos
660 1433 822 1473 casus,
850 1433 933 1465 cor
957 1418 1047 1465 tibi
1073 1418 1214 1465 triste
1238 1417 1364 1464 fuit?

242 1495 553 1551 Dissimules,
579 1502 874 1558 metuasque
898 1495 1030 1552 licet,
1059 1495 1304 1551 Graecine,
1331 1494 1500 1552 fateri;

307 1573 359 1619 Si
385 1573 511 1619 bene
536 1579 586 1618 te
611 1571 740 1628 novi,
769 1572 909 1619 triste
933 1572 1086 1620 fuisse
1110 1572 1285 1635 liquet.

242 1648 356 1695 Non
380 1649 514 1696 cadit
537 1648 586 1694 in
611 1664 772 1695 mores
797 1648 963 1696 feritas
990 1648 1268 1696 inamabilis
1293 1648 1442 1704 istos;
1589 1650 1618 1694 5

310 1725 418 1773 Nec
442 1725 604 1772 minus
631 1742 659 1773 a
683 1725 859 1773 studiis
885 1727 1094 1774 dissidet
1118 1726 1203 1772 illa
1227 1726 1342 1772 tuis.

246 1802 448 1850 Artibus
474 1802 716 1864 ingenuiS,
744 1818 952 1864 quarum
977 1803 1066 1851 tibi
1092 1803 1312 1850 maxima
1335 1817 1453 1849 cura
1476 1808 1567 1856 est,

312 1879 527 1926 Pectora
550 1879 862 1936 mollescunt,
887 1880 1229 1944 asperitasque
1254 1878 1397 1941 fugit.

244 2021 414 2053 continenti
433 2027 520 2052 terrae
544 2021 716 2063 propiorem
743 2021 897 2058 dixerunt,

244 2070 371 2112 quidam
407 2070 516 2112 viginti
549 2070 668 2100 dierum
704 2070 900 2112 navigatione

243 2119 316 2150 inde
331 2126 500 2155 removent,
512 2119 637 2160 quidam
648 2119 752 2156 etiam,
764 2130 803 2150 an
816 2120 900 2151 insu-

245 2170 276 2200 la
290 2175 380 2205 esset,
396 2179 452 2200 nec
469 2169 570 2211 potius
585 2168 706 2199 initium
723 2169 804 2200 orbis
824 2169 900 2201 alte-

245 2218 319 2253 rius,
342 2217 573 2248 dubitaverunt.
618 2218 693 2248 Esse
713 2217 833 2249 videtur
854 2218 900 2248 in-

244 2267 323 2301 sula,
351 2277 420 2308 quae
448 2266 539 2298 hodie
568 2266 675 2297 Zeilan
703 2273 756 2297 aut
783 2268 900 2309 Ceylon

245 2316 369 2347 dicitur.
414 2316 563 2346 Haut-s.

289 2366 340 2396 81.
363 2366 465 2396 Altius
488 2367 529 2395 ire
553 2364 652 2405 uben]
678 2365 786 2396 Placet
807 2364 901 2395 etiam

245 2425 300 2456 per
319 2414 427 2445 altiora
450 2420 481 2444 et
499 2413 642 2445 coelestia
661 2413 744 2444 idem
760 2415 901 2455 probare.

248 2464 351 2506 Longe
368 2465 523 2494 distantia.
567 2464 673 2504 Longe
688 2469 815 2500 remota,
832 2470 900 2494 tan-

247 2523 342 2553 quam
354 2512 386 2542 in
401 2511 483 2542 coelo
499 2511 691 2542 exsistentia.

289 2562 343 2592 85.
376 2561 460 2592 Tunc
488 2572 579 2601 quum
607 2571 670 2592 mea
689 2560 793 2602 fama,
825 2559 901 2600 δια]

244 2611 332 2641 Tunc
357 2621 453 2652 quum
482 2610 649 2641 damnatus
674 2609 736 2640 sui:
763 2619 800 2640 eo
821 2608 903 2639 enim

247 2665 382 2701 tempore
410 2659 492 2690 sama
526 2669 595 2690 mea
623 2659 724 2701 periit.
785 2658 902 2698 Vosque,

247 2710 349 2748 quibus
362 2710 447 2747 perii.
491 2708 564 2738 Non
580 2708 727 2745 carmina,
742 2713 796 2738 aut
811 2707 902 2738 libros

966 2033 1037 2053 suos
1067 2020 1245 2062 adloquitur
1272 2026 1376 2062 poeta,
1405 2019 1458 2051 sed
1496 2019 1623 2051 amicos.

967 2072 1079 2112 Neque
1107 2070 1176 2101 illos
1196 2076 1299 2100 tacere
1325 2069 1364 2100 de
1384 2080 1416 2100 se
1434 2069 1543 2110 jubet:
1569 2068 1624 2099 sed

967 2120 1063 2151 vereri
1082 2130 1114 2151 se
1145 2120 1199 2155 ait,
1222 2130 1259 2149 ne
1281 2118 1313 2149 id
1334 2119 1460 2154 faciant,
1483 2118 1622 2159 quando-

968 2169 1094 2211 quidem
1111 2166 1167 2199 hoc
1183 2168 1309 2209 vulgare
1324 2177 1360 2198 ac
1377 2167 1482 2198 tritum
1495 2172 1552 2202 est,
1563 2166 1623 2197 sci-

967 2218 1051 2254 licet,
1078 2223 1113 2248 ut
1145 2216 1280 2247 adversis
1310 2217 1402 2247 rebus
1434 2216 1624 2246 laborantem

967 2268 1060 2299 etiam
1091 2266 1183 2298 amici
1208 2266 1363 2297 deserant.
1407 2266 1504 2296 Fama
1526 2265 1622 2301 enim,

968 2316 1080 2357 inquit,
1095 2325 1166 2346 mea
1185 2325 1256 2346 cum
1273 2313 1397 2345 domino
1417 2325 1472 2345 suo
1494 2315 1533 2344 ab
1549 2314 1624 2345 urbe

968 2365 1059 2405 sugit,
1076 2365 1140 2395 sive
1155 2363 1242 2399 abiit,
1259 2374 1356 2404 eoque
1371 2363 1465 2393 etiam
1477 2373 1530 2393 vos
1546 2361 1623 2392 arni·

969 2425 1021 2445 cos
1045 2414 1174 2445 arbitror
1188 2414 1253 2455 jam
1275 2412 1335 2443 mei
1355 2411 1455 2443 exsilii
1477 2422 1512 2442 ac
1531 2412 1624 2453 fugae,

968 2474 1038 2505 quae
1059 2462 1164 2493 mortis
1183 2463 1278 2493 instar
1299 2461 1375 2492 mihi
1398 2467 1455 2498 est,
1477 2471 1537 2492 non
1560 2471 1626 2492 am-

969 2511 1050 2553 plius
1065 2510 1251 2542 meminisse.

1013 2609 1043 2639 7.
1076 2610 1199 2641 Artibus
1227 2608 1395 2651 ingenuis]
1432 2605 1627 2638 Liberalibus

971 2657 1152 2701 discipliniS.
