1760 3172
197 164 282 206 456
572 162 635 213 Ρ.
660 160 872 203 OVIDII
908 159 1188 201 NASONIS

204 279 382 326 Stabat
407 278 560 325 Amor
584 278 739 333 vultu,
767 294 864 324 non
890 292 989 339 quo
1015 275 1150 339 prius
1176 290 1286 322 esse
1312 274 1519 328 solebat,

270 356 449 403 Fulcra
471 362 646 404 tenens
671 355 794 402 laeva
819 354 972 401 tristis
998 369 1177 400 acerna
1201 368 1377 408 manu;

205 433 314 481 Nec
333 439 563 496 torquem
583 432 728 486 collo,
746 448 837 479 nec
859 430 1049 477 habens
1075 429 1259 476 crinale
1280 427 1492 492 capillis,
1532 429 1589 473 15

274 511 382 558 Nec
407 511 534 558 bene
559 510 827 573 dispositas
854 515 1065 562 conitus,
1092 514 1146 554 ut
1170 514 1300 561 ante,
1328 521 1513 553 comas.

207 586 423 635 Horrida
447 588 738 651 pendebant
763 586 936 633 molles
963 600 1113 648 super
1139 600 1224 631 ora
1248 583 1443 647 capilli3

274 664 340 712 Et
363 665 468 712 visa
491 671 568 712 est
593 663 750 710 oculis
775 662 974 709 horrida
999 677 1164 725 penna
1188 661 1328 708 meis.

208 741 382 796 Qualis
407 742 456 789 in
483 741 626 790 aeriae
652 748 792 803 tergo
818 740 945 787 solet
969 755 1080 786 esse
1105 739 1364 794 columbae,

274 819 596 867 Tractantum
623 819 790 866 multae
817 833 968 881 quam
994 816 1202 878 tetigere
1226 831 1418 862 manus.
1530 817 1595 860 20

208 896 374 953 Hunc,
395 897 541 944 simul
568 897 760 959 agnovi,
781 912 946 959 neque
972 895 1103 942 enim
1128 893 1248 940 mihi
1274 893 1433 940 notior
1453 892 1591 947 alter,

275 974 480 1022 Talibus
507 975 674 1022 adfata
698 981 776 1022 est
799 974 958 1021 libera
982 974 1151 1035 lingua
1175 972 1307 1019 sonis
1327 988 1336 1018 :

212 1051 255 1098 O
283 1068 421 1116 puer,
449 1053 610 1099 exsilii
636 1053 849 1116 decepto
875 1068 1028 1099 causa
1052 1051 1305 1113 magistro,

278 1128 441 1183 Quem
465 1129 557 1176 fuit
580 1130 748 1177 utilius
768 1146 867 1177 non
892 1129 1123 1177 docuisse
1147 1127 1293 1174 mihi!

212 1206 325 1253 Huc
348 1222 548 1269 quoque
569 1206 764 1262 venisti,
781 1223 881 1270 pax
897 1214 974 1253 est
993 1205 1077 1253 ubi
1094 1213 1318 1269 tempore
1339 1203 1490 1258 nullo,
1534 1204 1596 1249 25

279 1283 345 1330 Et
369 1283 469 1330 coit
493 1284 744 1330 adstrictis
770 1285 1009 1331 barbarus
1034 1283 1164 1330 Ister
1189 1281 1366 1345 aquis?

213 1360 337 1415 Quae
353 1361 443 1408 tibi
463 1377 615 1408 causa
629 1362 719 1407 viae
736 1361 754 1408 ἲ
780 1361 874 1408 nisi
894 1361 966 1407 uti
986 1361 1116 1407 mala
1135 1366 1304 1406 nostra
1321 1358 1513 1406 videres
1530 1357 1547 1404 ?

276 1437 388 1492 Quo
414 1445 545 1494 sunt,
573 1438 614 1484 si
640 1438 819 1493 nescis,
847 1437 1087 1484 invidiosa
1109 1436 1216 1484 tibi.

209 1514 285 1562 Tu
310 1516 429 1562 mihi
455 1516 653 1563 dictasti
672 1516 912 1579 juvenilia
934 1515 1154 1563 carmina
1177 1513 1393 1578 primus:

275 1592 504 1657 Adposui
529 1594 677 1650 senis,
704 1601 753 1641 te
779 1594 922 1650 duce,
951 1593 1173 1656 quinque
1200 1592 1371 1655 pedes.
1534 1592 1597 1636 30

213 1670 322 1718 Nec
348 1687 428 1717 me
453 1669 670 1718 Maeonio
696 1687 996 1733 consurgere
1023 1669 1256 1725 carmine,
1285 1685 1376 1715 nec
1404 1684 1483 1715 me

281 1747 462 1794 Dicere
488 1764 777 1810 magnorum
803 1764 982 1811 passus
1007 1763 1060 1794 es
1087 1754 1198 1793 acta
1217 1747 1417 1793 ducum.

216 1825 443 1872 Forsitan
468 1825 691 1887 exiguas,
720 1825 910 1888 aliquas
937 1831 1122 1879 tamen,
1144 1840 1288 1871 arcus
1317 1830 1368 1871 et
1392 1823 1519 1886 ignis

280 1901 475 1963 Ingenii
493 1902 626 1971 ‘vires
651 1902 985 1949 comminuere
1011 1901 1124 1948 mei.

262 2081 309 2110 14.
325 2080 447 2119 Sceptra
460 2086 560 2111 tenens
576 2083 753 2112 lter-atristis
763 2093 872 2113 acerna
989 2084 1036 2114 18.
1056 2081 1187 2122 Petrum]
1205 2081 1286 2111 Alae.
1333 2080 1479 2110 Horrida.
1502 2079 1599 2122 Aspe-

214 2129 335 2170 πωπω]
360 2129 454 2159 Fulra
465 2129 629 2170 Argentin.
642 2137 672 2161 et
688 2130 786 2161 codex
800 2132 874 2162 Sea·
940 2144 981 2163 rae
997 2138 1029 2163 et
1043 2132 1175 2173 impexae
1198 2136 1322 2172 propter¹
1341 2129 1531 2170 aquilonem,
1548 2127 1602 2170 qui

213 2177 300 2219 liger.
312 2177 395 2208 unde
409 2178 524 2209 Fulcra
535 2178 561 2209 is
572 2179 775 2220 conjiciebat;
791 2181 874 2221 quod
941 2182 980 2213 ad
1005 2192 1042 2213 ea
1064 2181 1135 2212 loca
1155 2180 1312 2211 volantem
1333 2178 1521 2221 Cupidinem
1547 2177 1602 2208 ad-

215 2227 389 2258 Vaticanus
425 2227 532 2269 primae
571 2235 650 2259 nota:
689 2230 872 2260 confirmat:
941 2232 1080 2265 flaverat,
1100 2236 1131 2260 et
1145 2229 1303 2271 impexum
1319 2227 1506 2258 reddiderat.
1542 2227 1602 2257 Vel

216 2276 364 2307 Fulvi-um
386 2287 440 2318 pro
463 2278 576 2307 baculo
602 2278 723 2318 posuit:
749 2278 875 2319 ῥάβδον
940 2281 1035 2311 etiam
1051 2290 1182 2310 moerore
1197 2285 1228 2309 et
1248 2278 1348 2314 luctu,
1363 2282 1487 2319 propter
1501 2283 1602 2319 poetae

216 2324 409 2364 ὺακινθίιιην
428 2325 484 2356 dat
498 2327 606 2357 Amori
622 2327 799 2364 Anacreon,
813 2329 875 2360 Od.
943 2329 1167 2360 calamitatem.

215 2374 268 2405 vii.
292 2375 410 2405 Ilmxs.
455 2377 586 2406 Acer-na.
610 2377 660 2406 De
677 2387 767 2408 acere
782 2377 874 2410 facta.
986 2380 1038 2408 24.
1056 2377 1157 2418 Fuit]
1185 2376 1289 2407 Etiam
1313 2376 1428 2406 Bavar.
1451 2380 1483 2405 et
1504 2374 1604 2415 magis

215 2425 272 2454 Est
294 2424 375 2455 enim
396 2435 493 2466 genus
508 2425 595 2467 ligni.
622 2426 733 2467 virgil.
750 2428 876 2458 ssEneid.
943 2427 1054 2458 Latine
1079 2426 1198 2457 dictum
1211 2425 1334 2456 videtur
1356 2435 1410 2466 pro
1425 2424 1531 2465 ιϊιιενίε
1550 2429 1606 2454 aut

213 2473 246 2503 ii.
261 2484 324 2504 ver.
339 2475 410 2504 112.
431 2476 563 2505 trabibus
582 2481 734 2506 canter-rus
749 2479 875 2507 acernis.
933 2477 1058 2518 suisset,
1084 2486 1178 2517 quam
1198 2476 1285 2517 foret
1308 2474 1340 2505 in
1363 2474 1483 2504 duobus
1506 2473 1604 2509 libris,

217 2522 311 2553 Men.
944 2525 1026 2566 quod
1060 2524 1187 2566 quidem
1226 2523 1340 2554 rectius
1376 2527 1466 2564 putat
1495 2522 1604 2552 Burm.

263 2573 312 2602 17.
333 2572 469 2602 Horrida
488 2574 683 2614 pendebant]
710 2574 877 2616 Repetitur
944 2574 1092 2604 IlAnLts.

215 2632 251 2653 ea
272 2632 330 2652 vox
352 2632 443 2652 versu
466 2621 625 2663 proximo:
651 2633 745 2664 quare
770 2624 876 2654 malim
986 2625 1038 2654 ⁴29.
1063 2623 1105 2653 Τιι
1132 2623 1205 2653 milri
1229 2621 1378 2662 dictasti]
1403 2620 1475 2652 vid.
1497 2619 1603 2650 Amor.

219 2672 374 2710 SquaIIida
390 2683 442 2701 ora
457 2671 507 2701 hic
524 2671 606 2712 legi;
630 2672 687 2702 nisi
705 2683 793 2703 versu
807 2683 876 2714 pro·
944 2672 997 2703 lib.
1014 2673 1033 2702 i.
1051 2672 1139 2713 Eleg.
1159 2673 1185 2701 1.
1204 2670 1334 2712 princip.

218 2719 298 2750 ximo
312 2723 430 2751 sordida
445 2722 546 2760 pluma
561 2732 701 2762 reponas.
727 2722 843 2752 mes.
