1760 3172
356 192 663 235 TRISTIUM
697 192 817 233 LIB.
851 191 915 233 II.
949 192 1041 233 EL.
1075 191 1294 235 UNICA.

1430 193 1517 234 217

126 307 304 355 Invida
331 324 410 356 me
438 307 598 371 spatio
623 313 800 354 natura
824 306 1044 354 coercuit
1070 315 1223 363 arcto,

188 385 397 447 Ingenio
421 385 548 432 vires
574 372 887 446 exiguasque
912 383 1068 430 dedit.

122 460 188 508 Et
211 459 395 517 tamen,
423 462 506 509 ille
531 469 629 508 tuae
654 460 774 507 felix
800 459 1038 506 AEneidos
1065 467 1254 515 auctor,

187 538 416 585 Contulit
440 539 490 585 in
515 537 692 601 Tyrios
719 553 855 584 arma
878 537 1139 599 virumque
1165 545 1328 594 toros;

121 613 229 662 Nec
254 615 437 677 legitur
461 630 576 678 pars
602 615 705 661 ulla
729 614 887 676 magis
913 615 976 662 de
1001 631 1209 678 corpore
1235 621 1357 671 toto,
1418 618 1514 662 535

186 692 349 746 Quam
373 709 472 739 non
497 691 720 754 legitimo
746 691 930 739 foedere
950 694 1157 755 junctus
1184 707 1338 738 amor.

119 768 367 832 Phyllidis
391 769 471 817 hic
497 769 646 825 idem,
674 776 974 833 tenerosque
999 768 1325 832 Amaryllidis
1355 769 1514 831 ignes,

186 846 440 894 Bucolicis
457 848 655 910 juvenis
681 848 869 894 luserat
893 853 1009 894 ante
1034 845 1213 893 modis.

119 922 226 970 Nos
253 939 472 986 quoque,
490 924 595 986 jam
620 924 812 987 pridem
833 923 1020 986 scripto
1040 921 1359 986 peccavimus
1385 938 1512 979 uno;

189 1000 502 1064 Supplicium
527 1001 715 1064 patitur
739 1017 840 1047 non
865 1015 993 1047 nova
1017 1000 1168 1062 culpa
1192 1015 1391 1045 novum.
1417 1001 1515 1045 540

120 1076 458 1140 Carminaque
487 1077 759 1133 edideram,
787 1093 945 1140 quum
973 1084 1023 1124 te
1049 1077 1234 1124 delicta
1261 1082 1517 1124 notantem

185 1152 410 1200 Praeterii
435 1154 582 1202 toties
604 1155 715 1217 jure
742 1153 944 1216 quietus
971 1169 1144 1216 equeS.

119 1228 269 1293 Ergo,
296 1247 407 1293 quae
427 1232 599 1294 juveni
625 1231 746 1277 mihi
773 1247 871 1278 non
898 1231 1125 1277 nocitura
1149 1231 1320 1294 putavi

186 1307 387 1371 Scripta
411 1324 585 1371 parum
610 1309 847 1372 prudens,
875 1324 1007 1356 nunc
1033 1324 1248 1355 nocuere
1274 1307 1415 1355 seni?

120 1383 244 1432 Sera
267 1384 562 1432 redundavit
585 1386 765 1433 veteris
791 1385 1012 1433 vindicta
1035 1385 1190 1433 libelli
1214 1403 1224 1442 ;

1418 1387 1515 1432 545

185 1461 356 1509 Distat
380 1469 431 1509 et
456 1478 486 1509 a
509 1462 672 1510 meriti
698 1470 923 1526 tempore
950 1479 1098 1526 poena
1123 1462 1213 1509 sui.

119 1536 198 1584 Ne
214 1544 381 1585 tamen
400 1555 547 1585 omne
563 1555 728 1586 meum
750 1540 925 1587 credas
947 1556 1072 1603 opus
1092 1556 1203 1587 esse
1225 1538 1511 1596 remissum3

186 1614 332 1678 Saepe
357 1616 472 1662 dedi
498 1624 681 1664 nostrae
708 1617 916 1680 grandia
939 1618 1048 1664 vela
1073 1617 1182 1663 rati.

119 1691 223 1738 Sex
248 1708 341 1754 ego
368 1692 629 1740 Fastorum
656 1694 833 1758 scripsi
859 1694 1175 1756 totidemque
1202 1693 1427 1750 libellos3

187 1768 420 1832 Cumque
445 1786 534 1817 suo
560 1770 711 1819 finem
736 1787 907 1818 mense
932 1771 1164 1818 volumen
1189 1770 1365 1818 habet:
1418 1773 1516 1818 550

119 1843 282 1907 quue
306 1852 393 1892 tuo
418 1862 577 1910 nuper
603 1848 844 1911 scriptum
871 1848 963 1895 sub
990 1847 1206 1902 nomine,
1237 1848 1424 1903 Caesar,

186 1921 254 1969 Et
277 1921 369 1969 tibi
395 1930 643 1971 sacratum
670 1941 776 1972 sors
803 1941 916 1972 mea
939 1924 1074 1989 rupit
1099 1941 1224 1988 opus
1245 1941 1254 1972 ε

160 2099 233 2131 535.
259 2099 307 2130 De
320 2111 440 2141 corpore
454 2102 544 2143 tot02]
564 2102 614 2134 De
625 2108 690 2134 toto
705 2114 779 2146 ope-

117 2158 149 2178 re
163 2148 326 2179 AEneidos.

159 2198 234 2228 542.
258 2197 446 2239 Irreqnietns
463 2200 576 2241 eques]
624 2201 684 2232 Ille
698 2203 780 2242 qnie-

118 2252 166 2276 tus
180 2246 381 2278 emendatum
395 2248 500 2290 Lipsio
517 2249 555 2280 de
574 2249 695 2281 Militia
710 2251 777 2281 Ro-

116 2305 220 2332 mana,
237 2297 291 2327 lib.
306 2296 327 2327 i.
344 2308 413 2339 cap.
432 2300 452 2329 5
466 2310 474 2336 ;
497 2299 552 2329 sed
573 2310 687 2341 repone
701 2303 780 2339 jure

117 2346 232 2384 quietus
247 2356 285 2376 ex
301 2345 401 2377 tribus
417 2348 565 2389 antiquis.
611 2348 708 2379 Multi
725 2348 780 2380 alii

116 2394 298 2434 irrequietus
308 2406 320 2432 ,-
343 2395 482 2436 proxime
499 2407 616 2428 verum.
660 2398 779 2430 mes.

161 2444 236 2474 547.
262 2443 332 2474 Esse
361 2446 544 2486 remissum]
575 2447 651 2477 Esse
675 2448 780 2489 abjec-

117 2497 197 2528 tum,
218 2493 348 2529 humile,
374 2499 406 2524 et
425 2494 589 2532 lascivum,
604 2496 654 2527 vel
679 2500 779 2527 remis-

117 2553 193 2577 sum,
209 2541 292 2572 idem
311 2543 392 2584 quod
410 2543 556 2575 solutum.

162 2593 236 2627 551,
258 2594 334 2623 552.
359 2594 410 2624 De
433 2594 482 2624 his
504 2594 644 2625 versibus
672 2595 711 2626 lis
734 2603 780 2627 est

118 2641 199 2671 inter
213 2641 413 2682 interpretes:
438 2642 604 2673 duodecim
620 2644 782 2675 Fastorum

119 2688 213 2720 libros
235 2689 475 2722 concinnaverat
495 2691 640 2728 Ovidius,
662 2704 693 2723 v.
712 2694 782 2724 Ser-

118 2737 203 2769 vium
227 2738 268 2770 ad
283 2739 399 2781 virgil.
421 2740 540 2782 Georg.
566 2741 587 2771 i.
612 2742 664 2772 34.
684 2748 716 2773 et
736 2742 783 2773 in·

847 2103 1015 2145 scripserat
1035 2102 1235 2134 Germanico.
1281 2103 1386 2140 Quare
1408 2103 1517 2134 Burm.

848 2152 901 2194 qui
924 2152 1070 2184 subtilius
1089 2159 1119 2182 et
1136 2151 1291 2194 copiosius
1305 2152 1345 2183 ad
1360 2153 1392 2182 h.
1405 2152 1428 2183 l.
1453 2152 1516 2183 dis-

846 2208 950 2244 putat,
988 2202 1057 2233 loco
1098 2204 1154 2233 τοῦ
1194 2204 1339 2242 seriptum
1380 2202 1516 2244 conjecit

846 2259 973 2291 coeptum
1004 2257 1112 2282 contra
1141 2251 1286 2282 codicum
1315 2261 1513 2282 consensum.

847 2301 935 2331 Bene
965 2311 1036 2331 vero
1071 2300 1220 2331 ostendit·
1234 2302 1287 2330 snb
1316 2306 1367 2330 tuo
1399 2302 1516 2331 nomine

848 2349 1023 2390 significare
1038 2351 1092 2380 sub
1108 2356 1158 2379 1110
1172 2351 1320 2389 praesidio,
1338 2356 1448 2390 tuaque
1465 2357 1512 2380 tu-

847 2400 918 2435 tela,
941 2404 972 2429 et
992 2400 1045 2429 tibi
1068 2405 1230 2434 sacratum,
1247 2409 1328 2433 esse,
1345 2404 1396 2428 tuo
1412 2399 1515 2428 honori

846 2460 863 2478 a
877 2460 919 2479 me
935 2455 1149 2484 consecratum,
1168 2448 1242 2489 quia
1255 2448 1390 2489 Augusti
1406 2448 1516 2479 laudes

846 2504 878 2528 et
893 2497 1004 2528 merita
1025 2507 1098 2539 erga
1116 2497 1190 2527 deos
1216 2497 1248 2527 in
1263 2497 1300 2527 iis
1321 2496 1408 2527 libris
1431 2508 1514 2539 saepe

847 2547 1054 2578 celebrantur.
1100 2546 1158 2577 His
1182 2546 1325 2587 cognitis,
1348 2546 1373 2576 si
1395 2553 1422 2577 et
1446 2557 1514 2577 mu-

847 2601 912 2627 tare
934 2596 980 2626 fas
1000 2602 1045 2626 est
1068 2595 1099 2625 in
1123 2601 1168 2630 at,
1189 2595 1332 2626 sollemni
1356 2601 1515 2637 permuta-

849 2644 944 2681 tione,
961 2655 1067 2675 omnes
1081 2645 1150 2675 illas
1165 2644 1203 2675 de
1219 2643 1407 2675 Germanico
1420 2644 1515 2675 tricas

850 2694 975 2724 facilius
994 2693 1152 2735 explicare
1174 2704 1349 2734 possumus,
1365 2692 1390 2724 si
1407 2693 1451 2724 ita
1466 2693 1514 2724 in-

852 2743 1101 2784 terpretabimur,
1118 2744 1208 2773 “sub
1225 2748 1277 2774 tuo
1294 2742 1437 2784 praesidio
1457 2753 1514 2773 nu-
