1760 3172
380 168 691 211 TRISTIUM
724 168 843 209 LIB.
879 167 943 210 ΙΙ.
974 167 1065 209 EL.
1100 166 1319 208 UNICA.

1460 167 1543 207 211

156 284 223 332 Et
247 301 458 348 quorum
480 284 634 350 libris,
662 282 809 329 modo
833 281 1148 328 dissimulata
1173 280 1371 328 Perillae

219 361 266 407 Ν
271 352 608 422 οωίῐιθ,]’ῗιιιηο
634 359 817 421 legitur
841 357 993 413 dicta,
1023 357 1248 413 Metella,
1268 364 1372 404 tuo.

155 437 206 484 Is
232 423 450 501 quoque‘]
478 436 752 485 Phasiacas
778 435 913 498 Argo
940 436 1027 498 qui
1053 436 1199 482 duxit
1223 435 1274 481 in
1298 435 1475 490 undem,

218 515 334 561 Non
359 515 521 578 potuit
538 514 748 562 Veneris
774 512 904 559 furta
927 519 1094 560 tacere
1122 529 1241 559 suae.

1446 514 1544 557 440

152 591 262 639 Nec
308 590 774 646 minustortensL
816 606 907 637 nec
953 597 1071 650 sunt
1118 589 1280 636 minus
1323 589 1546 652 improba

353 668 493 716 Servi

220 745 455 793 Carmina
472 745 635 808 3-squis
660 745 859 791 dubitet
883 743 1085 790 nomina
1108 749 1250 788 tanta
1275 741 1451 804 sequi?

149 821 314 869 Vertit
338 821 460 869 Aris
478 822 593 869 iden
622 821 863 869 Sisenna:
883 859 892 868 ,.
903 836 996 867 nec
1022 819 1182 867 obfuit
1209 818 1278 864 illi

217 898 452 946 Historiae
478 907 649 963 turpes
675 886 944 945 inseruisse
963 898 1132 960 jocos:

153 975 200 1022 N
205 992 263 1024 ec
282 976 374 1024 fuit
397 976 664 1040 opprobrio
685 977 968 1023 celebrasse
990 973 1239 1038 Lycorida
1259 972 1422 1027 Gallo,
1449 973 1546 1017 445

220 1054 323 1101 Sed
347 1054 566 1117 linguam
592 1053 745 1100 nimio
773 1069 870 1099 non
895 1051 1116 1099 tenuisse
1141 1065 1293 1096 mero.

150 1240 255 1266 autem
271 1245 347 1278 opus
363 1235 501 1277 appellat
513 1241 638 1277 propter
654 1236 814 1271 amatoria,

151 1295 222 1326 quae
251 1283 283 1315 in
316 1284 362 1315 eis
398 1284 816 1324 continebantur.—Parque

153 1335 275 1365 Catonis
293 1345 375 1374 opus.
412 1333 559 1365 Valerius
575 1334 655 1365 Cato
672 1333 731 1364 suit
745 1333 814 1364 Bir-

153 1383 241 1414 senni
256 1383 421 1425 cujusdam
431 1382 564 1413 libertus
579 1393 617 1414 ex
631 1382 748 1418 Gallia,
761 1382 814 1423 qui

151 1432 377 1474 grammaticen
389 1431 508 1467 docuit,
519 1431 667 1473 visusque
684 1436 731 1462 est
746 1442 815 1473 per-

152 1482 281 1512 idoneus
302 1486 474 1523 praeceptor
493 1479 629 1511 maxime
653 1480 692 1510 ad
715 1480 814 1521 poeti-

149 1541 220 1562 cam
244 1529 456 1561 tendentibus.
500 1530 532 1560 Is
556 1529 679 1571 scripsit
705 1536 817 1570 praeter

151 1579 371 1621 grammatices
387 1579 522 1615 libellos,
539 1579 634 1610 etiam
656 1583 816 1620 poemata,

152 1640 190 1660 ex
207 1629 322 1670 quibus
338 1627 495 1670 praecipue
505 1629 637 1670 probata
645 1628 705 1658 fuit
716 1627 819 1668 Lydia

152 1683 184 1709 et
198 1677 324 1709 Diana:
349 1688 419 1719 quae
436 1677 486 1708 hic
503 1676 638 1708 Ovidius
653 1675 816 1716 intelligit.

196 1728 271 1757 438.
296 1726 423 1757 Metella
445 1726 525 1766 sua]
557 1725 608 1756 Sic
637 1725 819 1756 emendarat

153 1775 313 1811 Heinsius,
343 1775 493 1817 probante
530 1775 724 1809 Burmanno,
763 1772 814 1804 cui

152 1825 323 1866 elegantior
351 1824 419 1855 haec
451 1824 547 1855 lectio
574 1823 715 1854 videtur:
741 1822 816 1865 quia

152 1880 227 1905 tunc
238 1873 391 1916 oppositio
402 1879 450 1904 est
459 1873 540 1904 inter
552 1873 771 1904 dissimulatam
786 1877 817 1902 et

151 1934 204 1954 suo
218 1925 335 1954 nomine
351 1924 466 1953 lectam.
494 1922 593 1952 Secus
608 1927 713 1951 tamen
730 1920 816 1951 vide-

153 1978 203 2002 tur
227 1971 372 2002 Bentleio
396 1971 436 2001 ad
460 1969 626 2001 Horatium
646 1970 706 2000 loc.
726 1980 819 2000 mem.

155 2021 294 2062 Vulgata
307 2020 391 2051 enim
400 2019 506 2056 lectio,
516 2021 610 2055 dicta,
625 2019 758 2055 Metelle,
769 2025 820 2048 tao

156 2071 270 2111 (quam
285 2069 382 2100 habet
395 2079 520 2110 quoque
535 2068 611 2099 edit.
627 2067 708 2107 vet.)
728 2068 757 2098 ei
774 2073 820 2099 est

154 2117 345 2159 elegantior:
383 2121 404 2135 “
421 2117 508 2148 dicta
530 2116 655 2148 nomine
681 2117 818 2152 Metelli,

154 2168 213 2199 hoc
228 2167 330 2209 ipsum
345 2172 403 2204 est,
416 2169 499 2197 (licta
516 2167 652 2197 Metella.
679 2166 817 2197 Feminae

154 2217 237 2249 enim
250 2217 282 2248 in
293 2216 377 2247 omni
389 2216 510 2247 familia
521 2226 540 2247 a
552 2215 691 2246 maribus
703 2226 816 2246 nomen

154 2271 344 2308 acceperunt
358 2265 390 2296 in
404 2265 608 2296 Metellorum
628 2271 721 2306 gente
744 2266 816 2295 Me-

154 2316 238 2346 tellae
248 2314 406 2346 fuerunt.''
428 2315 536 2345 Antea
545 2324 618 2345 vero
627 2312 711 2344 idem
722 2313 817 2354 scrip-

155 2370 251 2400 serat,
269 2374 332 2394 non
350 2363 493 2394 Ticidam
516 2363 628 2399 solum,
644 2362 700 2393 sed
723 2361 818 2393 etiam

155 2413 304 2448 Cinnam,
319 2413 483 2448 Anserem,
507 2412 565 2442 rel.
589 2412 646 2442 sub
663 2410 740 2441 falso
758 2410 819 2440 Pe-

152 2462 230 2494 rillae
245 2461 370 2492 nomine
385 2471 504 2492 amores
519 2471 591 2491 suos
604 2471 674 2491 cum
688 2459 822 2490 Metella

155 2510 295 2541 versibus
307 2510 472 2551 vulgasse3
495 2515 602 2551 atque,
619 2509 674 2546 ait,
692 2513 714 2525 “
728 2508 821 2539 idsin·

154 2559 262 2602 primis
285 2559 457 2591 notandum
477 2559 567 2591 addit
583 2558 752 2601 (Ovidius)
767 2569 819 2589 ve-

157 2619 224 2638 rum
252 2608 380 2639 tandem
408 2608 550 2639 Metellae
579 2618 703 2644 nomen,
734 2608 821 2648 (post

155 2668 263 2688 eorum
275 2657 368 2689 credo
382 2657 514 2697 obitus‚)
525 2668 543 2688 a
558 2657 692 2688 librariis
703 2655 819 2698 reposi-

157 2713 222 2737 tum
238 2717 317 2743 esse,
333 2707 405 2737 ficto
421 2706 476 2737 illo
492 2706 643 2748 rejecto.'’
672 2706 819 2735 HARLES.

928 1235 1001 1264 439.
1018 1233 1046 1263 [5
1061 1243 1184 1273 quoque,
1200 1231 1362 1261 Phasiacas
1378 1231 1483 1271 Argon.
1498 1231 1550 1270 qui

883 1285 971 1313 duait
983 1286 1012 1313 in
1028 1284 1135 1318 undas,
1148 1282 1217 1312 Non
1229 1280 1358 1320 potuit]
1378 1279 1551 1310 Varronem

884 1332 1072 1363 Attacinum
1095 1329 1255 1372 intelligit,
1279 1329 1331 1370 qui
1355 1327 1550 1359 Leucadiam

883 1382 1009 1412 amavit.
1054 1382 1154 1412 Varro
1176 1380 1272 1411 etiam
1300 1377 1423 1419 scripsit
1448 1378 1549 1417 Argo-

883 1431 1021 1467 nautica,
1059 1429 1263 1471 Apollonium
1301 1427 1463 1464 imitatus;
1499 1426 1549 1456 vel

882 1481 986 1523 potius
1001 1480 1031 1511 in
1051 1479 1198 1510 Latinum
1213 1477 1319 1508 vertit.

926 1530 999 1559 441.
1025 1529 1087 1559 Nec
1104 1529 1201 1558 minus
1217 1525 1390 1565 Hortensi]
1416 1525 1551 1555 Horten-

883 1579 946 1609 sius
962 1584 993 1609 et
1006 1577 1131 1608 Servius
1147 1575 1310 1618 SulpitiuS,
1323 1573 1469 1615 quamvis
1482 1574 1550 1603 fue-

883 1626 944 1657 rint
973 1626 1081 1668 optimi
1112 1630 1261 1660 oratores,
1290 1620 1551 1653 mansuetioribus

884 1682 990 1706 tamen
1004 1674 1108 1705 Musis
1122 1683 1250 1715 operam
1264 1671 1378 1703 dedere
1394 1683 1399 1700 z
1426 1669 1551 1711 Sulpitii

885 1724 980 1755 etiam
994 1723 1137 1753 meminit
1150 1721 1320 1757 Ausonius,
1336 1719 1425 1761 cujus
1440 1728 1553 1760 poema

882 1773 1000 1815 prurire
1023 1771 1103 1802 dixit
1127 1776 1252 1813 propter
1281 1768 1429 1801 carminis
1454 1767 1548 1799 lasci-

883 1822 978 1854 viam.

928 1873 1002 1902 443.
1051 1870 1148 1901 Vertit
1186 1869 1349 1899 Aristidem
1395 1866 1549 1906 Sisenna]

886 1922 1043 1951 Aristiden
1066 1918 1221 1949 meliores.
1266 1916 1373 1947 Scribe
1393 1915 1488 1946 etiam
1506 1915 1553 1945 Si-

885 1981 978 2006 sena,·
1004 1969 1048 1998 ita
1070 1968 1154 1998 enim
1178 1966 1210 1997 in
1236 1965 1373 2006 antiquis
1396 1963 1498 1994 numis
1521 1963 1554 1993 id

887 2030 1001 2050 nomen
1020 2022 1184 2049 exaratum
1207 2015 1351 2046 occurrit.
1388 2015 1556 2045 Hiems.—

886 2069 922 2098 L.
939 2067 1103 2098 Sisennam
1128 2066 1210 2096 inter
1230 2070 1367 2095 oratores
1392 2070 1555 2094 enumerat

886 2116 1010 2148 Cicero.
1064 2116 1188 2146 Doctus
1213 2113 1260 2143 vir
1289 2117 1357 2143 erat
1383 2117 1415 2143 et
1442 2111 1554 2142 studiis

885 2165 1011 2207 optimis
1032 2164 1179 2199 deditus,
1208 2172 1323 2203 gnarus
1360 2160 1554 2202 reipublicae,

885 2225 947 2245 non
970 2214 1036 2245 sine
1051 2213 1190 2244 facetiis:
1217 2210 1375 2242 transtulit
1400 2220 1416 2240 e
1440 2210 1553 2241 Graeco

885 2264 916 2295 in
940 2263 1088 2295 Latinum
1112 2261 1260 2293 Aristidae
1284 2260 1379 2290 libros
1400 2258 1553 2295 Milesios,

886 2313 925 2344 de
942 2313 1057 2354 quibus
1072 2317 1165 2342 antea
1179 2310 1328 2341 diximus.

931 2363 1004 2393 445.
1030 2361 1093 2391 Nec
1096 2358 1360 2402 fiiitopprobrio]
1389 2356 1554 2388 Cornelius

888 2411 1002 2443 Gallus
1025 2421 1074 2441 res
1097 2415 1208 2440 tenens
1231 2408 1404 2442 Romanas,
1420 2404 1554 2446 AEgypti

888 2465 1077 2501 procurator,
1093 2457 1239 2489 exhausit
1254 2456 1416 2487 civitatem
1430 2454 1555 2484 Theba-

889 2519 969 2544 rum,
980 2507 1125 2550 plurimis
1136 2505 1333 2547 interceptis:
1351 2514 1555 2544 reversusque

888 2568 983 2599 quum
1001 2557 1074 2587 furti
1090 2560 1299 2590 accusaretur,
1311 2558 1397 2584 metu
1408 2551 1554 2582 nobilita-

887 2607 927 2637 tis
957 2606 1069 2636 acriter
1100 2604 1284 2644 indignatae,
1316 2602 1367 2633 cui
1396 2600 1555 2642 negotium

888 2653 1138 2696 cognoscendum
1147 2652 1458 2693 dederatimperator‚
1468 2649 1555 2679 stric-

888 2711 919 2735 to
939 2703 1081 2734 incubuit
1102 2703 1191 2738 ferro,
1214 2708 1248 2732 ut
1263 2701 1355 2732 docet
1370 2698 1557 2730 Ammianus

973 2759 1034 2788 ΡΞ
