1760 3172
220 196 306 238 134

602 195 654 237 Ρ.
687 195 900 238 OVIDII
934 195 1230 238 NASONIS.

220 310 368 359 Parte
393 311 556 359 minus
583 313 762 375 quarta
789 311 1051 375 dereptum
1076 312 1261 359 cortice
1287 312 1490 374 gummi,

253 389 354 437 *Et
377 390 627 437 modicum
653 406 679 437 e
705 389 919 453 myrrhis
946 390 1216 453 pinguibus
1243 389 1371 436 adde
1398 389 1600 436 cubum.

221 465 344 513 Haec
370 467 453 514 ubi
480 467 722 521 contriris‚
750 482 838 530 per
863 466 1020 512 densa
1043 465 1284 513 foramina
1308 482 1484 513 cerne:

287 543 458 591 Pulvis
484 545 546 591 ab
573 543 734 590 infuso
759 543 906 590 melle
932 544 1233 607 premendus
1260 544 1368 590 erit.

1548 545 1612 590 90

220 619 414 668 Profuit
423 629 473 669 et
483 621 756 668 marathros
769 621 897 668 bene
909 621 1159 668 olentibus
1172 621 1356 668 addere
1369 620 1582 684 myrrhis
1597 638 1607 677 ;

288 697 523 762 Quinque
548 699 747 745 trahant
765 699 1001 746 marathri
1027 699 1278 762 scrupula,
1300 698 1501 762 myrrha
1525 714 1611 745 no-

419 791 546 822 vem.

219 851 522 916 Arentisque
547 870 671 901 rosae
693 861 935 917 quantum
960 869 1136 901 manus
1161 869 1261 900 una
1284 851 1578 916 prehendat,

289 929 521 994 Cumque
546 931 874 979 Ammoniaco
895 932 1119 979 mascula
1142 939 1254 978 tura
1278 931 1397 977 sale.

220 1004 425 1054 Hordea
449 1024 599 1071 quem
625 1008 813 1056 faciunt
837 1009 933 1055 illis
960 1008 1177 1055 adfunde
1203 1022 1492 1055 cremorem.
1549 1008 1612 1053 95

287 1084 509 1147 AEquent
533 1101 782 1149 expensas
808 1103 922 1133 cum
949 1087 1051 1134 sale
1076 1093 1187 1133 tura
1211 1101 1365 1132 rosas.

219 1160 467 1224 Tempore
493 1161 560 1209 sis
587 1179 736 1226 parvo
762 1164 936 1210 molles
961 1163 1079 1211 licet
1104 1163 1227 1210 illita
1249 1162 1414 1209 vultus
1436 1179 1446 1218 ;

288 1236 515 1286 Haerebit
537 1245 642 1286 toto
667 1240 854 1286 multus
879 1240 929 1286 in
954 1256 1037 1287 ore
1059 1240 1211 1286 color.

226 1314 343 1362 Vidi
370 1331 483 1378 quae
509 1316 675 1378 gelida
699 1316 980 1363 madefacta
1004 1331 1254 1380 papavera
1276 1314 1484 1379 lympha

289 1390 600 1449 Contereret‚
626 1393 810 1441 teneris
836 1394 1150 1457 illineretque
1176 1392 1334 1455 genis.

490 1516 518 1543 *-
656 1516 685 1544 *
825 1517 852 1545 ἐξ

264 1648 317 1679 87.
339 1647 500 1688 Direptum
515 1650 623 1680 cortice
635 1649 780 1691 gummi]
800 1649 883 1691 Lege

220 1699 385 1737 dereptum,
402 1704 433 1729 et
448 1698 520 1729 vide
535 1708 605 1740 quae
622 1704 694 1729 noto
705 1699 812 1730 Amor.
828 1699 883 1731 lib.

220 1747 241 1777 i.
255 1747 304 1777 El.
320 1758 349 1778 v.
369 1748 418 1778 13.
463 1747 583 1778 HEms.

264 1797 318 1827 88.
352 1796 485 1837 Cibum]
524 1797 641 1827 cubum
667 1796 818 1828 Ciofanus
845 1807 883 1828 ex

221 1845 285 1876 suis
299 1844 398 1876 libris.
413 1845 569 1887 quomodo
584 1851 616 1877 et
631 1845 693 1877 duo
708 1856 746 1877 ex
762 1845 884 1876 nostris.

219 1895 282 1925 Sed
297 1895 474 1932 Palatinus,
499 1898 626 1927 medium
649 1898 769 1926 cubum.
793 1897 887 1926 cubus

220 1956 275 1987 pro
310 1945 458 1987 amphora
488 1945 612 1986 ponitur
644 1945 729 1987 apud
761 1945 883 1976 Rhem-

220 1993 318 2030 nium,
349 1994 403 2035 qui
437 1994 569 2036 priorem
604 1994 760 2036 producit.
806 1994 884 2024 Am-

220 2042 318 2085 phora
342 2043 419 2074 facit
443 2044 522 2074 duas
546 2054 650 2074 urnas.
695 2043 782 2074 Hui!
816 2048 884 2074 tan-

221 2097 288 2123 tum
299 2092 431 2133 myrrhae
445 2093 452 2123 !
477 2092 580 2123 minus
591 2098 674 2124 certe
685 2091 823 2123 liberalis
832 2102 884 2122 co-

221 2141 281 2172 dex
298 2141 471 2177 Palatinus‚
488 2141 542 2183 qui
557 2141 718 2172 dimidiam
737 2142 816 2172 cubo
830 2152 885 2172 au-

221 2189 280 2221 fert
295 2195 426 2231 partem.
470 2190 515 2220 At
531 2190 680 2222 Ciosanus
698 2200 751 2232 pro
771 2197 886 2221 tessera

221 2240 376 2281 quadrata
389 2240 623 2282 interpretatur.
656 2242 705 2271 Ne
721 2241 799 2271 illud
816 2241 884 2282 qui-

222 2289 293 2321 dem
305 2288 426 2330 placet:
444 2297 478 2319 ut
489 2289 573 2320 dicat
583 2289 718 2321 Ovidius
729 2290 884 2331 myrrham

223 2337 400 2369 addendam
418 2349 484 2369 esse
501 2338 542 2369 ad
557 2349 734 2370 mensuram
754 2338 883 2369 modicae

223 2392 359 2418 tesserae.
406 2387 526 2419 Hans.

265 2437 318 2468 91.
344 2437 527 2478 Marathos]
553 2437 695 2469 Arbitror
705 2437 885 2480 legendum,

1521 1394 1613 1438 loo

990 1517 1018 1545 ※
1156 1516 1183 1544 ἐξ
1317 1516 1345 1543 ἥ(-

953 1649 1138 1686 Marathros,
1170 1654 1206 1680 ut
1237 1647 1424 1680 foeniculum
1450 1647 1615 1689 significet.

952 1699 1064 1740 Neque
1079 1704 1234 1740 repugnat
1246 1708 1356 1739 genus,
1372 1707 1444 1728 cum
1463 1697 1614 1739 pleraque

951 1747 1103 1790 ejusmodi
1125 1747 1251 1778 nomina
1276 1748 1308 1778 in
1328 1758 1364 1777 us
1386 1753 1417 1778 et
1439 1746 1471 1777 iu
1489 1758 1540 1777 um
1558 1747 1614 1777 de-

952 1796 1071 1827 clinata
1090 1796 1292 1838 reperiantur.
1315 1803 1350 1827 ut
1372 1796 1526 1835 Hissopus,
1542 1796 1615 1827 His-

951 1857 1063 1885 sopum,
1078 1845 1208 1886 Intybus
1227 1853 1255 1876 et
1276 1845 1430 1886 Ιηῑμὺιυη,
1455 1846 1567 1877 Crocus
1583 1852 1616 1877 et

956 1895 1093 1931 Crocum,
1111 1903 1142 1926 et
1156 1895 1188 1926 id
1203 1905 1301 1936 genus
1317 1895 1389 1926 alia.
1436 1896 1562 1926 Mrem..

996 1945 1050 1975 92.
1078 1944 1218 1985 Quinque
1234 1945 1372 1985 parent]
1401 1945 1501 1975 Vetus
1521 1944 1615 1976 lectio

953 2001 1011 2030 est,
1026 2001 1145 2033 parent,
1163 2000 1196 2024 ut
1217 1993 1257 2024 sit
1272 1994 1382 2024 modus
1403 1993 1616 2036 imperativus.

952 2044 1051 2073 Nm.
1098 2044 1244 2074 Muretus
1273 2043 1361 2084 legit,
1388 2043 1528 2083 Quinque
1551 2050 1615 2074 tra-

953 2095 1037 2125 hant.
1061 2093 1145 2135 quod
1170 2094 1298 2124 verbum
1323 2093 1362 2124 ad
1385 2093 1510 2135 pondus
1529 2093 1614 2124 miri-

954 2144 1010 2174 fice
1027 2143 1294 2174 accommodatur.
1341 2143 1392 2173 Sic
1405 2143 1508 2174 Graeci
1523 2149 1615 2175 utun—

953 2198 1003 2223 tur
1017 2194 1110 2223 verbo
1127 2191 1241 2224 ἕλκειν.
1287 2192 1380 2223 Cror‘.

996 2243 1049 2272 95.
1075 2242 1099 2271 C
1103 2241 1267 2282 remorem.]
1296 2242 1320 2271 C
1323 2253 1417 2272 remor
1437 2241 1469 2272 id
1487 2240 1615 2273 fortasse

952 2297 1010 2327 est,
1043 2291 1126 2332 quod
1156 2291 1359 2322 Dioscorides
1389 2290 1528 2333 κρέμνον
1559 2302 1616 2333 ap-

952 2341 1060 2382 pellat.
1119 2340 1283 2372 Cornelius
1317 2340 1429 2371 Celsus
1458 2351 1615 2371 cremorem

951 2392 1074 2429 ptisanae
1093 2400 1146 2432 pro
1165 2400 1260 2422 succo
1280 2389 1342 2421 sere
1364 2389 1492 2432 accipit,
1507 2395 1542 2420 ut
1563 2388 1614 2419 hic

954 2439 1051 2470 Naso.
1098 2440 1193 2470 MAn.
