1760 3172
259 158 345 200 492

655 159 704 200 P.
739 158 850 201 OVI
859 159 952 200 DII
986 159 1267 202 NASONIS

262 273 396 321 Luce
422 274 586 321 minus
612 273 810 322 decima
831 274 1082 322 dominam
1101 275 1309 324 venietis
1336 276 1384 323 in
1413 277 1602 332 urbem,

331 351 401 398 Ut
424 351 712 399 festinatum
733 368 830 399 non
856 351 1047 400 faciatis
1073 353 1181 401 iter.

263 428 498 476 Protinus
525 429 641 476 inde
666 429 841 476 domus
867 430 1007 477 vobis
1029 429 1274 494 Pompeia
1298 438 1523 495 petatur3

330 506 446 553 Non
467 514 544 554 est
569 507 798 570 Augusto
817 508 1037 570 junctior
1062 508 1163 555 ulla
1186 508 1290 556 foro
1310 525 1319 556 :
1594 513 1651 556 lo

263 582 316 630 Si
343 583 472 647 quis,
498 591 554 631 ut
579 583 628 631 in
652 585 856 648 populo,
884 585 970 648 qui
996 585 1121 641 sitis,
1149 592 1200 633 et
1223 585 1371 641 unde,
1395 586 1631 649 requiret,

329 660 547 708 Nomina
570 661 786 725 decepta
810 661 1050 725 quaelibet
1074 678 1190 709 aure
1215 662 1356 710 ferat.

264 738 334 785 Ut
358 737 423 785 sit
446 738 577 785 enim
602 745 782 795 tutum,
807 738 937 785 sicut
961 754 1069 786 reor
1094 755 1221 795 esse,
1248 738 1407 795 fateri,

325 815 494 863 Verba
518 816 681 863 minus
707 824 841 865 certe
867 816 984 865 ficta
1007 816 1197 864 timoris
1221 817 1422 864 habent.

262 892 424 957 Copia
447 909 539 940 nec
564 893 704 940 vobis
730 894 830 941 ullo
851 894 1147 958 prohibente
1171 893 1371 941 videndi
1593 898 1648 942 15

328 969 580 1026 Consulis,
608 978 664 1018 ut
686 971 838 1019 limen
862 972 1187 1035 contigeritis,
1214 971 1322 1019 erit.

259 1046 363 1094 Aut
386 1056 527 1111 reget
550 1048 632 1095 ille
659 1065 774 1097 suos
799 1050 1013 1098 dicendo
1033 1051 1148 1113 jura
1172 1048 1408 1106 Quirites,

328 1124 672 1189 Conspicuum
697 1126 851 1190 signis
873 1143 1028 1191 quum
1053 1133 1248 1191 premet
1271 1127 1400 1174 altus
1426 1128 1577 1175 ebur:

260 1201 378 1258 Aut,
404 1204 575 1268 populi
601 1205 788 1253 reditus
814 1205 1029 1270 positam
1054 1212 1322 1269 componet
1346 1206 1409 1252 ad
1434 1206 1646 1261 hastam,

327 1279 393 1328 Et
417 1280 572 1328 minui
596 1298 789 1345 magnae
813 1300 912 1331 non
937 1283 1069 1330 sinet
1091 1282 1228 1329 urbis
1253 1298 1374 1347 opes
1394 1300 1404 1330 ε
1584 1286 1648 1329 20

259 1356 378 1413 Aut,
404 1364 460 1405 ut
484 1365 627 1406 erunt
650 1366 819 1423 patres
845 1361 895 1407 in
919 1359 949 1407 J
955 1359 1054 1407 ulia
1078 1360 1268 1424 templa
1290 1361 1467 1416 vocati,

327 1434 406 1482 De
429 1442 569 1483 tanto
593 1436 758 1499 dignis
783 1437 989 1486 consule
1013 1437 1161 1485 rebus
1187 1444 1330 1499 aget:

257 1578 387 1610 Haemus
409 1589 497 1610 mons
511 1586 567 1616 est,
584 1581 639 1623 qui
654 1581 687 1612 in
702 1582 837 1613 Pontum
850 1593 917 1613 ver-

257 1627 322 1670 git:
352 1634 481 1660 caeteros
504 1630 573 1672 ejus
592 1631 685 1673 spatii
702 1631 918 1673 magnitudine

257 1687 295 1708 ac
320 1678 513 1710 sublimitate
535 1690 697 1722 superans,
721 1681 918 1724 mediamque

256 1727 424 1759 Thraciam
439 1727 596 1760 dividens.

300 1777 332 1807 6.
351 1776 392 1807 Et
407 1779 499 1809 maris
511 1778 620 1820 Ionian]
646 1780 688 1810 Et
705 1780 800 1812 maris
821 1780 916 1818 illius,

255 1827 340 1869 quod
362 1828 401 1859 ab
418 1828 509 1860 Ionia
523 1829 649 1871 regione
670 1831 702 1861 in
721 1831 917 1864 extremitate

255 1876 382 1908 minoris
395 1878 479 1910 Asiae
503 1879 616 1916 media,
640 1880 720 1911 inter
739 1881 864 1913 Cariam
885 1888 917 1914 et

255 1926 394 1958 AEoliam
414 1938 513 1970 usque
533 1929 573 1960 ad
597 1929 736 1961 Siciliam
758 1932 916 1973 protendi-

255 1981 318 2007 tur.

299 2026 330 2056 8.
350 2026 393 2057 Ut
412 2037 471 2057 non
479 2027 612 2069 faciatis
631 2030 690 2060 iter
701 2029 914 2072 festinatum]

254 2075 408 2113 Quamvis
423 2086 485 2107 non
498 2078 679 2119 properetis.

301 2125 351 2155 10.
375 2125 453 2155 Foro
475 2127 641 2167 Augusta]
678 2127 756 2158 Foro
779 2128 916 2171 Augusti

254 2174 363 2206 addito
383 2174 505 2207 duobus
528 2176 597 2207 aliis
621 2177 914 2221 foris.——Pompeio-

254 2234 323 2254 rum
351 2223 462 2255 domus
490 2225 522 2255 in
551 2225 674 2257 Carinis
712 2227 751 2257 ad
780 2228 915 2260 Telluris

254 2272 355 2304 aedem
369 2273 448 2304 fuit:
473 2275 601 2306 Sueton.
617 2275 655 2306 de
675 2276 787 2308 illustr.
801 2277 913 2309 Gram-

254 2328 330 2354 mat.
345 2333 373 2354 c.
387 2324 437 2355 15.
472 2324 622 2355 HAans.

301 2373 349 2403 11.
372 2372 415 2403 Ut
433 2375 466 2404 in
485 2374 622 2415 popula]
643 2375 915 2412 Quemadmodum

253 2421 376 2463 vulgus,
401 2421 466 2454 sive
493 2423 627 2465 populus
649 2424 727 2455 solet
748 2423 916 2466 requirere.

256 2471 317 2505 Qui
354 2472 429 2502 sitis.
476 2473 548 2510 Quo
575 2472 700 2504 nomine
733 2473 915 2515 adpellemi-

253 2519 296 2550 ni.
343 2520 382 2550 Et
399 2522 489 2552 unde.
512 2522 554 2552 Et
573 2533 611 2553 ex
630 2532 693 2563 qua
710 2528 803 2564 gente
825 2523 911 2554 veni-

252 2574 323 2600 atis.

299 2619 348 2649 12.
371 2618 501 2650 Nomina
521 2620 682 2661 quaelibet.]
708 2622 914 2663 Quaecunque

251 2667 315 2699 alia
331 2667 470 2705 nomina,
487 2680 581 2711 quam
595 2676 709 2701 vestra.
756 2671 839 2702 Aure
861 2673 911 2702 de-

250 2724 346 2757 cepta.
379 2717 497 2750 Aurem
512 2718 594 2750 enim
612 2719 797 2761 decipimus,
815 2730 912 2762 quum

986 1581 1019 1612 id
1048 1580 1182 1613 dicimus
1211 1580 1362 1618 audienti,
1391 1581 1475 1623 quod
1502 1592 1563 1612 non
1591 1588 1647 1613 est.

987 1632 1091 1663 Ferat.
1114 1631 1244 1663 Audiat.

1031 1682 1081 1712 13.
1108 1681 1149 1712 Ut
1170 1683 1209 1713 sit
1228 1681 1467 1722 tutumfateri]
1495 1680 1648 1718 Quamvis

985 1731 1026 1761 sit
1049 1741 1192 1762 securum
1211 1741 1323 1762 nomen
1343 1736 1490 1767 vestrum,
1509 1736 1540 1761 et
1563 1730 1646 1762 unde

988 1780 1128 1817 veniatis,
1144 1779 1291 1822 profiteri.

1031 1831 1080 1861 15.
1112 1830 1204 1871 Copia
1233 1841 1286 1861 nec
1315 1829 1420 1870 vobis]
1453 1829 1514 1859 Hic
1540 1839 1648 1859 versus

984 1886 1102 1917 monet,
1126 1890 1188 1911 non
1209 1879 1254 1911 ita
1273 1879 1319 1911 eis
1340 1878 1464 1910 facilem
1487 1878 1550 1909 fore
1571 1888 1645 1909 con-

983 1929 1060 1960 sulis
1081 1929 1208 1961 videndi
1234 1929 1367 1972 copiam,
1389 1927 1643 1970 quandoquidem

982 1978 1036 2010 ille
1057 1978 1201 2010 maximis
1221 1979 1255 2009 in
1274 1979 1366 2010 rebus
1387 1983 1558 2020 occupatus
1577 1977 1646 2008 erit.

988 2029 1069 2060 Ulla.
1091 2028 1210 2071 Aliquo
1225 2028 1279 2070 qui
1297 2027 1384 2059 vobis
1407 2028 1440 2058 id
1463 2027 1646 2070 prohibeat;

983 2077 1038 2108 sed
1063 2078 1286 2120 occupationes
1307 2077 1442 2120 publicae
1466 2077 1499 2108 id
1519 2088 1581 2108 non
1603 2077 1644 2107 si-

984 2132 1074 2160 nunt.

1029 2178 1079 2208 18.
1090 2178 1176 2208 Ebur
1191 2176 1409 2217 conspicuum]
1422 2175 1538 2207 Sellam
1553 2176 1643 2207 ebur-

982 2236 1074 2257 neam
1088 2232 1121 2257 et
1136 2226 1288 2257 curulem.

1028 2278 1079 2308 19.
1112 2277 1186 2313 Aut,
1213 2277 1318 2317 populi
1348 2277 1464 2306 reditus
1490 2275 1642 2316 positam]

982 2325 1059 2361 Aut,
1071 2325 1184 2367 inquit,
1196 2324 1304 2356 consul
1315 2324 1417 2365 posita
1430 2324 1463 2355 in
1479 2323 1541 2355 foro
1554 2324 1644 2355 hasta

983 2374 1146 2417 praeconis,
1170 2380 1217 2411 ut,
1243 2373 1346 2416 inquit
1371 2374 1492 2410 Cicero,
1514 2373 1643 2415 publica

984 2423 1151 2465 vectigalia
1178 2423 1211 2454 in
1235 2423 1378 2454 auctione
1401 2422 1545 2458 emenda,
1568 2432 1641 2453 con-

983 2473 1167 2504 ducendave
1182 2478 1342 2515 proponet.

1023 2523 1076 2553 20.
1107 2522 1237 2563 Minui]
1267 2522 1401 2553 Minoris
1424 2521 1518 2553 vendi
1544 2532 1641 2563 quam

980 2571 1190 2614 superioribus
1205 2572 1307 2603 annis.

1024 2623 1078 2653 21.
1105 2622 1144 2652 Ιη
1170 2621 1260 2652 Julia
1286 2620 1423 2662 rempha]
1464 2621 1503 2651 In
1524 2619 1640 2651 AEdem

982 2671 1113 2703 Veneris
1126 2671 1296 2714 genitricis,
1307 2681 1403 2714 quam
1414 2669 1520 2702 Julius
1535 2669 1641 2701 Caesar

980 2720 1091 2753 erexit.
