1760 3172
194 164 278 207 338

586 163 636 204 Ρ.
661 161 872 203 OVIDII
907 161 1183 204 NASONIS

198 279 391 333 Quassa
422 285 588 325 tamen
626 284 793 325 nostra
826 284 918 332 est,
945 293 1041 323 non
1075 276 1244 333 fracta,
1273 293 1364 325 nec
1398 279 1575 326 obruta

395 356 575 419 puppis
593 373 602 412 ;

264 432 432 495 thue
453 439 589 480 caret
611 439 771 496 portu,
799 432 870 478 sic
894 438 1061 479 tamen
1086 439 1254 479 exstat
1277 433 1436 496 aquis.

198 510 306 557 Nec
326 510 493 566 vitam,
515 526 606 557 nec
626 526 763 573 opes,
784 525 875 556 nec
891 510 973 572 jus
992 508 1111 555 mihi
1131 508 1250 556 civis
1271 510 1480 567 ademit;
1515 513 1571 557 15

262 586 385 641 Quae
411 588 565 634 merui
591 587 706 633 vitio
732 587 937 650 perdere
962 592 1142 633 cuncta
1166 602 1305 634 meo:

198 664 299 711 Sed
324 664 442 727 quia
465 670 672 727 peccato
696 663 886 711 facinus
912 680 1009 710 non
1034 663 1190 711 adfuit
1214 664 1300 719 illi,

262 741 347 788 Nil
372 741 464 788 nisi
489 757 568 789 me
593 741 765 805 patriis
785 741 937 805 jussit
957 742 1133 788 abesse
1158 740 1295 789 focis.

197 818 369 881 thue
396 817 521 874 aliis,
556 834 814 865 numerum
843 834 1054 881 quorum
1092 819 1444 882 comprendere
1476 835 1571 864 non

262 894 547 942 Caesareum
571 911 769 950 numen,
797 894 868 942 sic
893 894 1030 951 mihi,
1059 895 1178 942 mite
1202 894 1310 943 fuit.

1456 896 1570 957 [est,

195 970 312 1035 Ipse
337 972 557 1035 relegati,
585 989 682 1020 non
707 972 910 1027 exsulis,
938 973 1091 1020 utitur
1115 972 1165 1019 in
1190 989 1269 1021 me
1509 975 1566 1018 21

261 1049 475 1097 Nomine
497 1067 506 1098 :
534 1057 642 1098 tuta
665 1067 754 1098 suo
773 1050 943 1113 judice
967 1065 1120 1097 causa
1143 1066 1255 1097 mea
1279 1056 1371 1097 est.

193 1125 224 1172 J
229 1143 314 1174 ure
338 1127 487 1189 igitur
510 1128 699 1183 laudes,
730 1127 915 1184 Caesar,
942 1144 1031 1191 pro
1055 1135 1196 1191 parte
1219 1127 1345 1174 virili

262 1203 497 1252 Carmina
519 1212 687 1252 nostra
710 1211 821 1252 tuas
847 1205 1215 1268 qualiacunque
1239 1211 1450 1251 canunt:

192 1279 222 1326 J
228 1297 313 1329 ure
339 1281 492 1338 Deos,
515 1289 570 1329 ut
593 1282 754 1330 adhuc
779 1281 891 1329 coeli
914 1282 1004 1329 tibi
1028 1282 1199 1329 limina
1223 1281 1472 1336 claudant,
1507 1285 1570 1329 25

260 1356 433 1420 Teque
456 1358 609 1406 velint
633 1359 740 1406 sine
765 1375 819 1406 se
843 1375 1134 1423 comprecor
1158 1375 1270 1407 esse
1295 1358 1476 1406 Deum.

196 1433 353 1498 Optat
376 1435 509 1483 idem
533 1436 774 1499 populus:
810 1436 899 1483 sed
922 1443 978 1483 ut
1004 1436 1054 1483 in
1079 1451 1213 1483 mare
1238 1435 1443 1482 flumina
1465 1450 1571 1482 vas-

263 1511 347 1559 Sic
373 1512 497 1559 solet
521 1512 712 1575 exiguae
734 1529 929 1560 currere
955 1514 1086 1560 rivus
1108 1530 1268 1577 aquae.
1428 1513 1571 1574 [tum,

193 1587 263 1636 At
285 1595 339 1636 tu
363 1588 624 1646 fortunam,
652 1591 794 1653 cujus
814 1606 961 1638 vocor
985 1591 1127 1637 exsul
1153 1591 1215 1638 ab
1240 1605 1340 1645 ore,

261 1665 475 1714 Nomine
495 1667 721 1715 mendaci
747 1685 894 1732 parce
919 1684 1120 1731 gravare
1145 1684 1325 1716 meam.
1509 1670 1573 1713 30

238 1832 289 1862 13.
308 1831 419 1866 Quassa
446 1838 554 1868 tamen,
575 1832 651 1873 δῖα]
675 1833 744 1864 Hoc
769 1834 849 1864 exsi-

193 1880 271 1911 lium
298 1885 346 1911 est
373 1880 449 1911 mihi
476 1880 572 1911 instar
601 1881 758 1923 procellae,
787 1892 850 1923 qua

192 1930 302 1971 agitor,
333 1940 393 1961 non
426 1931 615 1971 submergor.
666 1931 849 1962 Submersus

195 1978 332 2014 fuissem,
348 1979 373 2009 si
386 1989 436 2009 me
452 1979 666 2011 interemisset.
703 1980 806 2012 Poxr.

240 2029 289 2058 16.
309 2028 386 2059 Vitio
400 2029 489 2069 mem]
518 2029 593 2059 Meo
608 2039 718 2060 errore.

237 2078 290 2108 22.
316 2077 395 2108 Tuta
420 2078 487 2118 est.]
519 2078 590 2109 Non
615 2084 716 2120 potest
739 2079 849 2121 perire.

196 2125 382 2166 Snojudice.
407 2125 547 2167 Augusto
559 2127 676 2169 judice.
721 2128 752 2159 Is
766 2129 849 2159 enim

192 2174 346 2216 judicavit
368 2186 417 2206 me
438 2186 498 2206 non
520 2175 670 2212 exsulem,
692 2176 746 2207 sed
772 2177 848 2208 rele-

194 2229 317 2265 gatum:
334 2235 403 2266 quae
419 2235 514 2267 poena
528 2225 646 2256 mollior
660 2231 737 2257 erat.
757 2227 850 2257 Men.

237 2274 289 2304 25.
307 2274 380 2305 Coeli
395 2276 448 2304 tibi
465 2274 596 2314 limium]
626 2273 666 2305 Ut
681 2276 745 2305 coeli
761 2276 848 2305 lumi-

195 2335 235 2353 na
258 2322 338 2364 prior
364 2323 479 2362 lecti0;
515 2323 637 2365 poetica
665 2323 850 2366 periphrasis

196 2382 251 2413 pro
274 2372 365 2409 coelo,
388 2372 469 2404 sicut
492 2374 607 2403 lumina
626 2374 691 2404 solis
709 2383 763 2415 pro
786 2373 849 2404 sole

918 1833 1002 1876 apud
1016 1835 1141 1865 Lucret.
1157 1831 1327 1863 imitatione
1343 1830 1573 1873 Homeri‚apud

916 1894 1010 1925 quem
1033 1883 1126 1914 simili
1154 1881 1343 1912 circuitionis
1372 1880 1472 1921 figura
1495 1880 1576 1922 φάος

920 1932 1039 1971 ἠελίοιο
1054 1931 1221 1974 saepissime
1237 1931 1362 1972 legitur.
1392 1931 1521 1960 Bnnsn.

959 1982 1012 2012 26.
1031 1982 1125 2021 Teque
1140 1980 1260 2020 velint]
1280 1980 1317 2010 Id
1329 1985 1386 2016 est,
1399 1979 1496 2011 velint
1506 1990 1572 2011 esse

916 2035 945 2061 te
962 2031 1066 2062 Deum
1081 2028 1256 2060 nobiscum.

957 2081 1010 2110 27.
1031 2080 1086 2110 Sed
1109 2086 1144 2108 ut
1164 2082 1197 2109 in
1220 2089 1300 2109 mare
1313 2077 1477 2119 flumina]
1503 2077 1572 2108 Hoc

917 2128 1007 2160 dicit:
1033 2129 1083 2159 lta
1106 2137 1196 2163 mere,
1221 2132 1256 2157 ut
1277 2126 1384 2169 populi
1404 2136 1509 2167 preces
1532 2126 1571 2157 ad

917 2178 1002 2208 Deos
1030 2177 1224 2218 perveniunt,
1249 2175 1512 2217 quemadmodum
1542 2181 1575 2206 et

917 2237 1011 2268 parva
1034 2225 1164 2257 flumina
1184 2235 1267 2256 mare
1286 2225 1331 2256 ita
1348 2224 1574 2265 ingrediuntur,

917 2281 951 2306 ut
966 2286 1091 2316 magna.
1123 2275 1218 2304 Men.

960 2325 1011 2355 30.
1034 2324 1159 2354 Nomine
1184 2322 1345 2362 mendaci]
1376 2322 1484 2353 Falso:
1509 2332 1571 2352 non

917 2372 999 2403 enim
1014 2383 1081 2404 sum
1097 2371 1196 2404 exsul.
1227 2372 1332 2402 Poxr.
