1760 3172
238 166 323 207 432
627 163 676 203 Ρ.
711 163 819 204 OVI
831 161 921 203 DII
956 162 1234 204 NASONIS

241 281 412 326 Caesar
437 287 490 324 ut
514 278 703 342 imperii
730 279 1010 326 moderetur
1033 277 1198 333 fraena,
1227 293 1499 341 precamur,

306 356 428 402 Tam
454 357 580 403 bene
606 372 704 418 quo
729 356 899 419 patriae
926 355 1139 403 consulit
1163 355 1243 402 ille
1269 371 1387 401 suae.

244 433 445 480 Utilitas
471 433 618 495 igitur
642 448 848 495 magnos
874 433 1198 495 hominesque
1226 432 1463 494 Deosque
1556 433 1618 477 35

309 510 490 567 Efficit,
518 509 714 558 auxiliis
740 527 940 573 quoque
965 509 1158 557 favente
1185 509 1303 556 suis.

240 587 314 634 Tu
341 603 540 650 quoque
565 586 641 634 fac
668 588 827 651 prosis
847 589 975 635 intra
999 595 1085 635 tua
1109 587 1489 650 castrajacenti‚

307 663 351 710 O
382 665 530 728 Coty,
557 665 819 728 progenies
841 666 991 729 digna
1015 673 1219 729 parente
1243 672 1345 712 tuo,

242 741 555 789 Conveniens
571 741 756 788 homini
773 749 864 798 est,
877 742 1127 789 hominem
1145 757 1354 797 servare,
1366 741 1592 804 voluptas
1606 758 1616 797 ;

310 817 374 864 Et
398 818 574 865 melius
601 819 735 865 nulla
760 819 996 882 quaeritur
1020 827 1123 866 arte
1149 819 1297 866 favor.
1557 820 1621 863 40

241 894 365 948 Quis
414 911 511 941 non
544 894 851 959 Antiphaten
892 895 1215 959 Laestrygona
1251 895 1493 943 devovet?
1539 902 1623 941 aut

307 971 531 1019 Munifici
557 989 716 1020 mores
743 973 989 1037 improbat
1012 973 1241 1020 Alcinoi?
1487 971 1622 1035 [quis

242 1049 355 1096 Non
380 1049 472 1096 tibi
499 1049 841 1098 Cassandreus
867 1058 1008 1114 pater
1032 1058 1123 1106 est,
1142 1051 1365 1113 gentisve
1382 1050 1618 1104 Pheraeae,

304 1126 462 1181 Quive
488 1135 789 1190 repertorem
810 1129 986 1176 torruit
1009 1136 1113 1176 arte
1139 1144 1228 1175 sua
1248 1146 1258 1175 ε

239 1294 331 1323 ducta
359 1294 443 1323 clara
473 1294 556 1324 Fast.
581 1294 622 1324 i.:
655 1297 786 1326 adducto
813 1307 899 1326 nervo

240 1353 339 1378 arcus,
364 1348 395 1372 et
423 1344 572 1374 adductus
598 1355 717 1381 ramus‚·
743 1345 836 1375 Pont.
855 1345 899 1375 iii.

241 1391 290 1420 El.
302 1402 332 1421 v.
350 1402 414 1422 ver.
428 1392 485 1421 19:
512 1398 543 1422 et
558 1392 672 1424 similia
687 1393 801 1434 passim
816 1394 899 1436 apud

241 1441 412 1480 Nostru1n3
436 1441 466 1471 id
483 1449 539 1478 est,
555 1448 726 1473 contracto.
757 1444 877 1474 mes.

284 1491 336 1521 34.
355 1490 426 1521 Tam
451 1492 520 1522 bene
540 1503 627 1532 quam
649 1495 753 1532 patriae
772 1495 900 1524 consulit

240 1542 300 1579 ipse
314 1541 400 1581 suctu]
421 1541 507 1575 Quod
520 1541 650 1583 Argent.
667 1549 698 1573 et
711 1542 816 1584 primae
833 1543 899 1574 edi-

241 1588 351 1620 tiones.
389 1590 472 1631 Lege
501 1601 578 1630 quo;
615 1601 726 1633 nempe
761 1592 900 1634 imperio,

241 1639 359 1669 Hiems.

283 1690 335 1720 35.
356 1688 481 1720 Utilitas
504 1691 600 1730 igitur
617 1701 736 1731 magnos
756 1691 898 1720 homines-

240 1749 294 1778 que
312 1738 455 1779 Deosque,
472 1739 548 1779 &c.]
574 1739 690 1769 Sensus
707 1745 772 1770 est:
800 1739 845 1769 Ex
863 1750 899 1770 eo

240 1787 333 1828 igitur
362 1788 446 1829 quod
473 1794 602 1829 prosunt
626 1799 662 1819 ac
685 1789 809 1830 juvant,
835 1794 897 1819 tam

240 1836 381 1868 homines
396 1847 489 1879 quam
506 1837 560 1867 Dii
582 1837 686 1879 magni
702 1844 784 1874 sunt,
801 1844 832 1869 et
847 1848 897 1869 co-

241 1887 357 1922 luntur,
373 1886 522 1917 videlicet
538 1886 613 1918 dum
632 1888 844 1929 unusquisque
859 1887 896 1918 il-

239 1936 337 1967 lorum
363 1946 400 1966 ea
423 1942 521 1978 parte,
537 1935 636 1978 iisque
658 1937 782 1968 auxiliis
803 1938 897 1974 favet,

240 1995 276 2016 ac
292 1986 416 2028 prodest
438 1985 537 2022 nobis,
553 1986 666 2028 quibus
685 1987 763 2018 solet
785 1997 821 2018 ac
844 1998 897 2029 po-

239 2040 323 2074 test3
346 2041 380 2066 ut
404 2035 500 2066 Ceres
524 2041 555 2066 et
578 2035 723 2066 Bacchus
748 2043 897 2078 proventu

239 2095 275 2116 ac
305 2085 464 2116 fertilitate
490 2085 615 2126 frugum
638 2096 673 2116 ac
694 2085 769 2121 vini,
794 2086 899 2116 Caesar

239 2133 420 2175 imperando
440 2139 471 2164 et
489 2134 679 2165 consulendo
699 2134 818 2176 patriae,
836 2134 896 2165 ἃς.

240 2184 367 2214 Μιαγι.

282 2234 334 2264 36.
366 2234 496 2264 [insiliis
523 2244 634 2274 quoque
661 2233 791 2276 favente
811 2234 897 2275 suis]

240 2283 436 2324 Unoquoque
459 2282 628 2314 utilitatem
653 2294 741 2314 suam
763 2289 899 2315 amante.

240 2332 285 2361 Ex
303 2342 364 2372 quo
379 2331 510 2373 colligit,
525 2331 669 2363 utilitatis
681 2332 810 2374 propriae
827 2343 896 2374 gra-

239 2379 281 2410 tia
299 2380 365 2411 haec
378 2380 453 2411 fieri.
492 2381 584 2412 Man.

283 2429 334 2459 37.
352 2429 442 2459 Intra
458 2436 510 2459 tua
529 2437 627 2460 castra
643 2430 788 2470 jacenti]
814 2429 896 2460 Mihi

240 2477 271 2508 in
297 2484 379 2509 terra
397 2478 562 2509 Tomitana
588 2485 640 2510 tuo
667 2479 796 2521 imperio
823 2480 894 2509 sub-

235 2527 321 2568 jecta
337 2528 483 2569 relegato.
522 2528 646 2559 Mrcvr..

282 2577 334 2606 38.
360 2577 386 2606 Ο
413 2576 498 2617 Coty,
518 2577 698 2617 progenies]
724 2577 808 2608 Ordo
828 2583 894 2608 est:

239 2627 267 2655 O
291 2626 382 2667 Coty,
403 2626 564 2668 progenies
585 2626 691 2667 digna,
711 2633 741 2657 et
766 2627 896 2668 reliqua.

238 2676 392 2706 Caeterum
415 2675 479 2707 sive
497 2678 564 2706 Coti
585 2676 711 2712 scribas,
731 2682 762 2707 ut
780 2676 896 2707 Aldina

238 2724 332 2754 editio
357 2725 468 2755 habet:
493 2726 557 2755 sive
580 2726 664 2765 Coty,
683 2733 715 2756 ut
735 2727 843 2756 Strabo
868 2732 897 2755 et

965 1296 1104 1332 Tacitus,
1132 1295 1233 1326 brevis
1267 1294 1376 1326 eadem
1406 1294 1528 1335 syllaba
1554 1294 1623 1325 erit.

965 1345 1016 1376 Sic
1042 1345 1124 1375 enirn
1150 1351 1180 1376 et
1208 1345 1313 1385 Tiphy,
1337 1350 1368 1374 et
1393 1343 1507 1374 similia
1531 1342 1624 1374 corri-

965 1395 1102 1436 piuntur.

1009 1445 1060 1474 41.
1088 1443 1162 1478 Quis
1192 1455 1252 1473 uon
1277 1443 1463 1482 Antiphaten
1490 1441 1620 1482 Laestry-

964 1493 1069 1535 goiim]
1099 1493 1314 1534 Laestrygones
1343 1491 1451 1533 populi
1478 1491 1562 1522 suere
1591 1490 1623 1521 in

966 1550 1102 1574 extremo
1127 1541 1240 1577 Italiae,
1267 1540 1405 1572 Siciliam
1432 1551 1548 1576 versus,
1576 1540 1622 1570 ef-

966 1592 1038 1623 feris
1057 1591 1205 1627 moribus,
1219 1590 1397 1622 habitantes
1416 1590 1500 1632 prius
1516 1590 1623 1621 urbem

967 1641 1159 1673 Formiarum
1186 1642 1266 1672 inter
1290 1639 1488 1671 Terracinam
1516 1645 1547 1671 et
1576 1640 1622 1671 Si-

967 1702 1123 1722 nuessam.
1156 1691 1268 1722 Eorum
1284 1701 1338 1721 rex
1354 1689 1412 1721 fuit
1426 1689 1624 1731 Antiphates.

967 1741 1121 1772 Homerus
1142 1741 1234 1771 docet
1248 1739 1452 1782 Antiphatem
1473 1750 1568 1770 unum
1584 1749 1622 1770 ex

967 1790 1089 1832 Ulyssis
1103 1789 1195 1821 sociis
1211 1789 1389 1820 devorasse.

1008 1841 1060 1871 42.
1078 1840 1219 1880 Munifici
1236 1838 1386 1879 Alcinoi]
1405 1837 1556 1869 Liberalis
1566 1837 1624 1868 Al-

965 1888 1057 1919 cinoi.
1092 1887 1163 1919 Fuit
1178 1888 1261 1919 enim
1275 1887 1427 1918 Alcinous
1442 1898 1493 1918 rex
1509 1886 1622 1917 Phaea-

965 1949 1036 1969 cum
1046 1938 1246 1980 justissimus,
1254 1936 1419 1968 Nausithoi
1435 1937 1526 1972 filius,
1540 1936 1624 1978 apud

965 1998 1059 2028 quem
1074 1987 1202 2028 Ulysses
1219 1986 1386 2027 naufragus
1401 1985 1525 2017 divertit
1538 1998 1544 2015 :
1570 1985 1623 2016 ubi

965 2036 1049 2078 regio
1079 2036 1222 2067 convivio
1256 2035 1421 2067 honorifice
1450 2041 1622 2078 susceptus,

964 2096 1079 2116 errores
1093 2096 1164 2116 suos
1179 2085 1367 2126 exponebat.

1010 2136 1061 2165 43.
1085 2135 1158 2165 Non
1182 2134 1221 2165 de
1237 2133 1404 2165 Cassandri
1427 2133 1622 2170 crudelitate,

966 2184 1005 2214 de
1033 2194 1094 2225 quo
1121 2183 1192 2214 vide
1216 2182 1332 2215 Justin.
1356 2194 1407 2213 xv.
1429 2184 1459 2213 2.
1493 2182 1624 2214 Diodor.

966 2232 1062 2264 Sicul.
1090 2233 1153 2263 xix.
1176 2234 1228 2264 51.
1257 2242 1325 2273 sqq.
1355 2243 1388 2273 p.
1414 2231 1488 2263 357.
1517 2231 1623 2273 ibique

968 2282 1154 2323 Wesseling.
1169 2282 1224 2313 sed
1240 2292 1336 2323 quum
1351 2281 1564 2312 Cassandreus
1579 2282 1623 2312 uti

965 2331 1059 2363 habet
1087 2332 1207 2362 Sarrav.
1236 2333 1325 2371 (cum
1360 2341 1459 2372 eoque
1491 2330 1623 2365 Bavar.)

965 2381 1088 2423 legitur,
1104 2382 1143 2413 de
1159 2380 1359 2423 Apollod0r0‚
1375 2379 1559 2411 Cassandrae
1575 2386 1622 2420 ty—

964 2441 1060 2462 ranno
1083 2429 1318 2465 immanissimo,
1334 2429 1386 2471 qui
1409 2428 1623 2460 Cassandreus

963 2480 1035 2511 inde
1058 2480 1161 2511 dictus
1181 2480 1249 2515 fuit,
1276 2478 1514 2520 intelligendum
1539 2488 1619 2513 esse,

964 2529 1056 2560 docet
1071 2528 1230 2563 Heinsius,
1246 2528 1299 2569 qui
1316 2527 1483 2558 admodum
1499 2526 1621 2568 copiose

965 2578 1003 2608 de
1028 2578 1085 2609 hoc
1108 2585 1238 2619 tyranno
1262 2576 1410 2619 disputat,
1431 2576 1560 2617 ejusque
1585 2575 1623 2605 il-

964 2627 1072 2657 lustrat
1109 2626 1278 2657 historiam.
1327 2625 1451 2656 Excitat
1480 2624 1620 2665 Polyzeni

964 2677 1100 2716 Stratag.
1119 2676 1187 2706 libr.
1201 2675 1242 2706 iv.
1264 2681 1295 2705 et
1311 2675 1350 2704 vi.
1368 2674 1434 2705 AEl.
1451 2675 1490 2705 V.
1505 2674 1544 2704 H.
1559 2673 1621 2703 xiv.

966 2727 1018 2756 41.
1040 2726 1177 2766 aliosque
1202 2725 1324 2755 multos.
1371 2724 1419 2754 De
1444 2722 1621 2754 Alexandro
