1760 3172
368 190 676 234 TRISTIUM
710 190 831 232 LIB.
865 189 903 231 I.
936 190 1118 233 ELEG.
1150 191 1261 233 VII.
1434 193 1517 234 169

127 309 211 356 Sic
237 324 330 370 ego
354 323 455 354 non
479 306 698 361 meritos,
726 320 924 352 mecum
950 305 1186 368 peritura,
1216 306 1412 354 libellos

191 383 412 448 Imposui
440 382 643 447 rapidis,
669 381 862 428 viscera
886 388 1071 435 nostra,
1100 381 1260 443 rogis3
1452 388 1517 430 20

122 461 217 508 Vel
235 460 372 524 quod
397 474 531 507 eram
557 457 750 513 Musas,
773 464 829 503 ut
853 456 1061 504 crimina
1085 465 1268 514 nostra,
1291 475 1514 522 perosus,

189 537 285 584 Vel
309 536 444 600 quod
470 536 633 583 adhuc
654 551 885 582 crescens
907 541 957 582 et
981 536 1103 582 rude
1129 552 1331 584 carmen
1357 545 1478 585 erat.

124 613 249 668 Quae
274 613 509 676 quoniam
542 629 640 659 non
673 619 789 658 sunt
820 612 1020 675 penitus
1055 614 1269 669 sublata,
1307 615 1395 661 sed
1430 631 1517 662 ex-

189 690 424 737 Pluribus
451 688 696 752 exemplis
722 687 910 751 scripta
933 688 1086 736 fuisse
1112 706 1247 747 reor3
1343 693 1514 752 [stant,

126 767 273 814 Nunc
297 783 472 831 precor
493 774 548 813 ut
567 766 748 821 vivant,
771 772 822 812 et
846 782 944 812 non
970 766 1148 828 ignava
1173 768 1429 830 legentum
1455 772 1518 816 25

193 843 311 891 Otia
329 843 599 897 delectent,
628 842 1032 905 admoneantque
1058 844 1172 891 mei.

126 919 235 968 Nec
259 926 427 967 tamen
452 919 536 967 illa
559 919 657 982 legi
683 926 919 982 poterunt
945 920 1195 983 patienter
1221 924 1283 970 ab
1310 924 1426 980 ullo,

193 997 402 1046 Nesciat
424 997 501 1044 his
528 1013 773 1044 summam
799 997 840 1044 si
867 997 980 1060 quis
1007 999 1186 1047 abesse
1212 1016 1430 1049 manum.

125 1075 363 1123 Ablatum
389 1074 566 1122 mediis
593 1091 719 1138 opus
746 1082 824 1122 est
848 1075 1114 1123 incudibus
1140 1077 1279 1134 illud,

192 1152 365 1200 Defuit
388 1159 440 1200 et
464 1152 663 1216 scriptis
687 1152 865 1200 ultima
890 1153 1008 1200 lima
1032 1154 1174 1201 meis,

127 1229 192 1278 Et
214 1229 409 1277 veniam
433 1245 522 1293 pro
548 1230 696 1278 laude
722 1237 868 1293 peto:
909 1230 1140 1278 laudatus
1167 1233 1383 1289 abunde,

192 1306 308 1354 Non
332 1306 583 1354 fastiditus
610 1308 651 1354 si
682 1307 790 1364 tibi,
818 1308 988 1364 lector,
1017 1325 1117 1356 ero.

127 1382 233 1431 Hos
259 1400 460 1447 quoque
485 1400 575 1431 sex
599 1400 789 1441 verSUS,
818 1386 867 1432 in
894 1387 1039 1449 primi
1064 1386 1224 1434 fronte
1248 1387 1403 1436 libelli

195 1460 249 1508 Si
274 1462 637 1525 praeponendos
664 1479 776 1510 esse
802 1464 1020 1527 putabis,
1049 1465 1206 1512 habe:

127 1538 266 1586 Orba
289 1546 495 1602 parente
521 1556 612 1586 suo
640 1542 947 1604 quicumque
972 1542 1224 1589 volumina
1249 1543 1428 1605 tangis,
1457 1547 1520 1591 35

194 1614 287 1663 His
314 1616 491 1663 saltem
516 1624 681 1665 vestra
704 1618 852 1666 detur
877 1619 925 1666 in
952 1620 1077 1666 urbe
1102 1620 1270 1677 locus;

127 1691 341 1755 Quoque
365 1694 524 1756 magis
545 1693 728 1751 faveas,
751 1712 849 1742 non
876 1703 992 1742 sunt
1017 1696 1124 1743 haec
1151 1697 1286 1744 edita
1311 1698 1373 1744 ab
1394 1698 1521 1761 ipso,

195 1769 298 1817 Sed
323 1769 468 1833 quasi
493 1771 556 1818 de
581 1771 769 1819 domini
794 1772 965 1819 funere
992 1780 1134 1836 rapta
1158 1773 1262 1821 sui:

127 1844 380 1910 Quicquid
405 1847 454 1893 in
479 1848 556 1895 his
581 1848 732 1911 igitur
755 1849 861 1896 vitii
888 1851 1010 1897 rude
1036 1867 1238 1899 carmen
1264 1852 1485 1908 habebit,

194 1922 580 1979 Emendaturus,
608 1925 648 1972 si
674 1926 914 1983 licuisset,
942 1943 1095 1976 eram.
1457 1933 1523 1977 40

1456 1160 1521 1204 30

169 2045 222 2076 20.
250 2045 369 2077 Viscera
379 2047 508 2087 nostra]
533 2047 663 2078 Nostros
678 2047 790 2079 libros:

127 2093 217 2134 quasi
241 2104 326 2125 meos
352 2101 469 2137 partus.
515 2097 618 2138 Rogis.
642 2097 790 2128 Flammae

127 2142 232 2173 omnia
242 2142 386 2185 rapienti.

858 2049 975 2092 scripta
989 2050 1021 2081 in
1036 2050 1099 2081 otio
1114 2050 1265 2082 carmina.
1312 2052 1460 2083 HAmlEs.

903 2100 955 2130 29.
973 2100 1084 2131 Mediis
1099 2101 1287 2141 incudibus]
1307 2101 1456 2132 Nondum
1471 2102 1524 2132 ab·

858 2148 960 2180 soluto
975 2159 1078 2190 opere.
1116 2151 1211 2181 Man.
1256 2151 1306 2181 Sic
1325 2157 1356 2182 et
1371 2162 1450 2193 opus
1468 2151 1526 2182 ali-

185 2191 276 2223 Idem
304 2192 428 2224 animus
458 2193 563 2225 uxoris
592 2194 795 2237 Intaphernis

128 2239 213 2282 apud
223 2240 429 2272 Herodotum.
452 2241 627 2283 Antigones
641 2243 724 2284 apud
736 2243 790 2274 So-

128 2289 283 2331 phoclem.

172 2338 224 2369 25.
249 2338 444 2380 Legentum.]
471 2339 550 2370 Haec
571 2345 619 2371 est
641 2339 792 2381 Scaligeri

129 2386 307 2418 emendatio
322 2387 361 2418 ab
377 2387 507 2419 Heinsio
530 2394 675 2431 recepta3
699 2391 793 2420 otium

129 2434 213 2465 enim
227 2435 417 2467 vocabulum
430 2442 477 2468 est
491 2436 604 2478 μέσον,
616 2437 689 2468 hinc
706 2438 794 2469 addit

129 2488 224 2524 poeta
245 2496 305 2515 non
319 2486 443 2526 ignaua.
491 2485 584 2516 Otiosi
599 2492 703 2517 autem
720 2492 793 2517 sunt

130 2530 162 2562 in
187 2532 378 2570 universum,
402 2533 456 2575 qui
481 2534 521 2564 ad
544 2545 610 2565 rem
634 2535 793 2577 publicam

131 2591 192 2612 non
207 2582 374 2613 accedunt.
418 2583 501 2614 Hinc
517 2583 622 2626 Scipio
636 2584 719 2626 apud
740 2584 794 2616 Ci-

131 2640 275 2662 ceronem
296 2631 335 2662 de
354 2632 447 2663 Offic.
466 2632 513 2663 iii.
540 2634 567 2663 1.
591 2633 680 2669 dicit,
698 2634 795 2664 Num-

132 2690 220 2719 quam
235 2691 263 2711 se
278 2682 376 2710 minus
394 2682 518 2712 otiosum
539 2693 605 2718 esse,
621 2693 709 2722 quam
727 2695 794 2713 cum

132 2729 249 2760 otiosus.
287 2729 372 2760 Edit.
386 2737 448 2761 vet.
462 2730 579 2773 aliique
593 2731 663 2762 libri
679 2732 796 2762 habent

136 2778 290 2819 legentem,
315 2785 346 2810 et
375 2780 539 2821 Verpoort.
569 2783 628 2811 otia
659 2781 795 2822 explicat

859 2191 943 2233 quod
958 2194 1080 2223 elimare
1095 2192 1240 2224 dicimur.

903 2241 955 2271 33.
981 2240 1017 2271 In
1032 2243 1132 2282 prima
1143 2242 1254 2284 fronte
1270 2243 1392 2283 libelli]
1419 2243 1526 2274 Scribe

857 2292 948 2328 primi
965 2291 1069 2320 libelli.
1115 2291 1227 2332 Inepte
1247 2291 1330 2321 enim
1352 2292 1526 2322 Metamor-

860 2338 972 2380 phoses
999 2341 1117 2370 libellus
1149 2347 1309 2377 vocentur,
1341 2351 1421 2382 quas
1447 2341 1525 2382 ipse,

861 2387 916 2418 lib.
938 2388 971 2418 ii.
998 2391 1095 2429 mcijus
1121 2400 1191 2429 opus
1216 2389 1256 2419 sit
1285 2390 1524 2431 appellaturus;

862 2436 906 2467 sic
922 2437 1016 2467 alibi:
1042 2438 1097 2468 Sei*
1109 2449 1161 2480 ego
1177 2438 1335 2468 Fastorum
1352 2442 1464 2479 scripsi,
1483 2447 1527 2470 [0-

861 2487 1008 2526 tidemqne
1024 2488 1159 2524 libell0s5
1183 2493 1225 2523 et,
1245 2488 1306 2522 Qui
1328 2490 1408 2518 modo
1432 2489 1527 2519 Naso-

864 2537 908 2565 nis
917 2536 1084 2577 fueramus
1105 2539 1235 2577 quinque
1255 2538 1359 2573 libelli,
1388 2537 1457 2568 Tres
1476 2550 1526 2568 su-

863 2596 926 2614 mus
1015 2585 1053 2615 de
1069 2584 1220 2615 Amorum
1241 2585 1347 2623 libris;
1372 2591 1467 2628 atque
1483 2587 1527 2618 ita

863 2633 979 2675 passim
996 2634 1082 2665 alibi.
1127 2635 1244 2665 HmNs.

906 2684 957 2714 35.
984 2684 1064 2714 Orba
1079 2691 1206 2723 parente
1223 2685 1302 2725 sua]
1326 2683 1454 2715 Privata
1470 2696 1526 2727 pa-

862 2738 918 2767 tre,
935 2738 966 2763 et
988 2738 1113 2765 auctore
1128 2733 1241 2775 operis,
1258 2733 1312 2776 qui
1333 2733 1365 2765 in
1380 2734 1526 2766 exsilium

862 2787 980 2821 ejectus
994 2787 1051 2812 est.
