1760 3172
401 178 711 220 TRISTIUM
745 177 864 218 LIB.
899 177 935 217 Ι.
970 177 1150 218 ELEG.
1185 178 1273 218 III.

1452 179 1534 219 157

143 294 252 342 Nec
278 309 443 350 mora3
484 292 725 340 sermonis
749 292 901 339 verba
924 291 1216 354 imperfecta
1241 292 1483 355 relinquo,

208 371 563 434 Complectens
590 369 756 417 animo
781 369 1011 432 proxima
1036 384 1251 430 quaeque
1277 385 1406 416 meo,
1470 373 1533 415 70

142 447 277 494 Dum
301 449 492 510 loquor,
521 454 573 494 et
598 447 793 501 flemUS,
822 446 946 493 coelo
972 445 1300 491 nitidissimus
1327 446 1442 500 alto,

208 524 365 571 Stella
385 523 544 586 gravis
570 523 730 578 nobis,
760 522 957 569 Lucifer
981 528 1115 568 ortus
1142 528 1261 569 erat.

141 600 345 647 Dividor
375 600 509 646 haud
542 600 699 654 aliter,
728 614 880 662 quam
913 598 954 645 si
987 614 1098 650 mea
1129 599 1354 646 membra
1386 599 1530 645 relin-

204 677 271 724 Et
293 692 406 740 pars
433 675 660 739 abrumpi
687 691 895 738 corpore
920 675 1026 721 visa
1051 691 1141 721 suo
1167 683 1261 722 est.
1325 676 1495 738 [quam
1517 694 1527 731 ;

139 754 223 801 Sic
250 754 480 801 Priamus
505 753 680 809 doluit,
697 760 816 799 tunc
844 768 997 815 quum
1023 752 1073 798 in
1098 752 1346 799 contraria
1360 769 1530 800 versus

205 830 407 878 Ultores
433 830 607 878 habuit
626 829 921 893 proditionis
947 845 1125 892 equus.

1468 834 1529 877 76

137 907 264 954 Tum
289 924 404 955 vero
430 907 651 954 exoritur
676 908 862 954 clamor
887 907 1208 969 gemitusque
1234 923 1473 962 meorum,

205 984 271 1032 Et
294 985 475 1032 feriunt
498 992 691 1032 moestae
716 992 922 1049 pectora
947 985 1082 1031 nuda
1106 1000 1311 1042 manus3

135 1060 264 1109 Tum
287 1078 402 1110 vero
428 1063 630 1125 conjux,
658 1062 876 1109 humeris
903 1062 1133 1110 abeuntis
1158 1062 1420 1117 inhaerens,

203 1138 411 1186 Miscuit
435 1139 542 1186 haec
566 1139 802 1202 lacrymis
827 1139 987 1186 tristia
1012 1138 1147 1186 dicta
1172 1139 1274 1185 suis
1295 1157 1304 1187 :

1468 1144 1530 1187 80

137 1215 251 1262 Non
276 1222 419 1279 potes
445 1216 612 1264 avelli:
653 1217 800 1264 simul
828 1217 917 1264 ah!
957 1217 1104 1263 simul
1131 1216 1328 1273 ibimus,
1350 1217 1525 1280 inquit,

200 1292 272 1340 Te
298 1309 494 1355 sequar,
521 1299 571 1340 et
595 1294 779 1356 conjux
806 1293 994 1340 exsulis
1021 1293 1165 1340 exsul
1191 1308 1291 1340 ero.

137 1368 203 1415 Et
227 1368 347 1416 mihi
372 1369 505 1417 facta
527 1370 607 1417 via
632 1378 736 1418 est:
777 1378 827 1417 et
852 1387 930 1417 me
958 1371 1092 1433 capit
1117 1370 1292 1417 ultima
1316 1371 1462 1418 tellus
1483 1388 1491 1418 :

201 1445 456 1493 Accedam
477 1445 700 1509 profugae
728 1447 923 1494 sarcina
948 1463 1100 1510 parva
1124 1447 1233 1493 rati.

135 1522 206 1570 Te
224 1523 371 1585 jubet
395 1539 422 1570 e
446 1524 607 1586 patria
632 1523 892 1571 discedere
914 1524 1130 1570 Caesaris
1156 1523 1252 1579 ira;
1463 1528 1524 1572 85

176 1599 288 1647 ·Me
312 1600 472 1665 pietas
493 1617 501 1648 :
543 1600 703 1664 pietas
728 1601 835 1648 haec
862 1602 983 1648 mihi
1011 1601 1183 1649 Caesar
1208 1601 1317 1648 erit.

134 1676 276 1724 Talia
299 1678 544 1734 tentabat,
573 1678 643 1725 sic
671 1686 721 1726 et
744 1686 1024 1726 tentaverat
1048 1686 1190 1733 ante;

199 1753 402 1817 Vixque
427 1754 568 1802 dedit
592 1755 750 1802 victas
776 1756 991 1803 utilitate
1017 1772 1212 1803 manus

175 1937 229 1968 75.
244 1936 292 1967 Sic
305 1938 402 1968 doluit
419 1937 572 1975 Priamus,
582 1938 658 1979 δῖα]
686 1938 735 1969 Sic
745 1941 795 1969 do-

133 1986 193 2017 luit
209 1986 322 2016 Metius
335 1985 527 2017 Combianus
547 1993 578 2018 et
592 1998 674 2018 unus
690 1989 794 2018 Bono-

132 2034 258 2070 niensis,
275 2034 359 2076 quod
375 2034 555 2075 Naugerius
570 2047 694 2077 quoque
712 2036 796 2067 vide-

132 2088 182 2114 tur
192 2084 341 2125 probasse
356 2083 387 2114 in
403 2084 496 2125 priori
513 2084 659 2121 editione,
671 2092 798 2117 secutus

131 2131 201 2163 illos
216 2132 270 2173 qui
286 2133 396 2173 legunt
409 2138 573 2174 praeterea,
589 2135 620 2164 in
641 2136 795 2165 contraria

130 2191 224 2212 versos
242 2192 338 2222 equos.
385 2181 417 2212 Si
438 2181 477 2213 de
493 2182 619 2213 Priamo
635 2182 792 2224 intelliga-

131 2241 210 2266 mus,
222 2230 330 2261 malim
344 2232 376 2261 in
393 2233 549 2262 contraria
565 2243 651 2262 versae
666 2234 780 2272 proditi
789 2250 792 2253 ·

130 2281 194 2310 onis
215 2279 288 2320 legi,
304 2286 339 2310 ut
360 2279 398 2310 ad
421 2286 547 2321 raptum
567 2281 697 2312 Helenae
714 2281 794 2312 allu-

130 2327 204 2366 dat;
228 2338 301 2357 nam
311 2335 395 2368 rapto
405 2329 495 2360 estin
511 2340 574 2360 uno
589 2329 707 2360 codice.
732 2330 793 2361 Sed

131 2376 322 2418 comparatio
340 2388 451 2419 parum
470 2378 510 2409 ad
528 2389 593 2409 rem
609 2379 695 2415 facit,
712 2390 791 2421 quo-

130 2435 265 2466 cumque
292 2426 383 2456 modo
413 2426 512 2467 legas.
567 2427 660 2458 Metii
689 2433 793 2459 autem

131 2472 247 2514 injecta
267 2473 384 2504 mentio
403 2475 498 2516 plane
520 2482 632 2516 praeter
651 2486 717 2506 rem
737 2483 794 2507 est.

132 2522 238 2557 Quare
251 2528 356 2553 certus
366 2533 434 2553 sum
444 2524 502 2554 hoc
513 2524 669 2555 distichon
684 2526 724 2556 ab
739 2525 795 2556 illa

130 2580 224 2600 manu
251 2581 328 2607 esse,
355 2581 425 2611 quae
449 2572 562 2614 saepius
588 2573 717 2615 adparet
741 2584 797 2615 per

129 2618 184 2649 hos
195 2619 300 2655 libros,
311 2629 420 2661 parum
433 2621 619 2663 tempestiva
627 2633 635 2660 ;
658 2621 796 2653 habebat

130 2673 234 2698 autem
258 2668 291 2698 in
315 2673 420 2699 mente
442 2669 603 2711 superiora
626 2670 698 2706 ista,
721 2670 794 2701 Hac

120 2715 221 2756 facies
259 2717 365 2756 Trqjoe,
391 2729 479 2757 quum
518 2726 687 2758 caperetur,
717 2727 793 2755 erut,

864 1938 1005 1980 quisquis
1030 1938 1085 1969 hos
1105 1948 1212 1969 versus
1236 1938 1376 1968 confixit.
1412 1938 1530 1970 Hiems.

864 1987 925 2018 Cui
939 1987 1107 2018 assentitur
1121 1987 1296 2017 Harlesius.

907 2038 959 2067 83.
989 2036 1104 2067 Ultima
1116 2036 1232 2077 tellus]
1257 2035 1405 2077 Scythica
1416 2043 1447 2067 et
1457 2048 1527 2078 sep-

863 2085 1068 2118 temtrionalis
1089 2087 1184 2126 regio.
1238 2085 1300 2116 Vel
1317 2086 1431 2128 potius,
1454 2086 1528 2127 quia

863 2146 900 2165 eo
915 2134 947 2165 in
962 2135 1032 2165 loco
1048 2135 1182 2166 Ovidius
1199 2145 1311 2165 navem
1332 2135 1525 2165 conscendit.

864 2184 957 2214 C10F.

905 2234 957 2263 85.
984 2232 1023 2263 Te
1041 2233 1132 2272 jubet
1159 2244 1177 2262 a
1203 2232 1334 2272 patria]
1372 2232 1399 2262 E
1423 2235 1527 2272 putria

860 2281 962 2311 multi.
1006 2281 1125 2312 Hfflxs.

905 2331 957 2361 86.
997 2331 1046 2360 Me
1064 2333 1179 2369 pietas.-
1200 2330 1325 2370 pietas]
1366 2330 1525 2360 Summam

862 2385 953 2420 atque
972 2379 1191 2409 incredibilem
1207 2385 1312 2409 movet
1327 2378 1526 2409 commisera-

860 2428 975 2459 tionem
988 2440 996 2466 ;
1019 2428 1109 2469 quasi
1123 2427 1218 2464 dicat,
1228 2438 1285 2469 ego
1300 2427 1407 2458 volens
1423 2428 1525 2464 abibo,

863 2486 924 2506 non
940 2476 1069 2517 imperio
1085 2476 1227 2507 Caesaris.
1272 2475 1334 2506 Sed
1347 2478 1440 2515 pietas
1455 2487 1524 2518 quae

864 2525 961 2555 Coesar
977 2531 1034 2562 est,
1049 2525 1099 2555 vix
1114 2525 1190 2555 mihi
1205 2525 1367 2567 probanda
1384 2525 1523 2556 videtur:

861 2584 933 2604 nam
949 2574 973 2604 si
985 2574 1086 2616 pietas
1097 2574 1200 2604 uxoris
1216 2575 1316 2615 tangit
1329 2574 1444 2605 exsulis
1460 2575 1527 2605 ani-

862 2632 958 2658 mum,
975 2629 1006 2652 et
1020 2622 1112 2653 solari
1132 2627 1244 2664 potest,
1262 2623 1322 2653 alio
1344 2633 1448 2659 sensu,
1464 2624 1524 2654 sci—

860 2671 936 2702 licet
951 2671 1163 2712 indignatione
1176 2682 1287 2702 nomen
1300 2672 1432 2703 Caesaris
1448 2673 1524 2704 adfi-

862 2730 931 2750 cere
947 2720 1051 2750 debet.
1097 2721 1203 2751 Malus
1224 2726 1271 2751 est
1289 2720 1404 2760 ingenii
1426 2721 1523 2758 lusus,
