1760 3172
245 182 302 222 30
639 182 688 222 P.
723 181 936 224 OVIDII
969 182 1250 224 NASONIS

253 296 353 343 Scd
380 296 555 343 melius
582 297 799 343 nescisse
825 296 931 343 fuit.
971 296 1076 343 sine
1102 295 1231 344 furta
1254 304 1506 359 tegantur:
1536 301 1632 346 555

319 372 397 420 Ne
423 372 578 434 fugiat
601 374 731 420 victo
756 373 916 420 fassus
943 374 1005 420 ab
1030 388 1115 420 ore
1141 373 1315 436 pudor.

250 448 362 503 Quo
387 450 561 511 magis,
582 450 611 495 ὂ
630 451 856 511 juvenes,
878 449 1187 512 deprendere
1212 450 1399 513 parcite
1424 457 1629 498 vestras.

315 525 536 573 Peccent
558 543 567 573 :
607 533 872 588 peccantes
898 526 1049 572 verba
1072 525 1272 572 dedisse
1297 533 1489 589 putent.

249 602 445 649 Crescit
470 618 605 648 amor
629 602 838 664 prensis.
877 601 961 648 ubi
982 617 1071 665 par
1096 601 1291 648 fortuna
1309 602 1520 649 duorum
1539 610 1631 657 est,

314 678 372 724 In
397 679 577 725 caussa
604 678 770 725 damni
796 685 986 740 perstat
1010 684 1219 741 uterque
1241 678 1332 724 sui.

1537 681 1634 725 560

247 754 437 802 Fabula
461 763 683 802 narratur
708 763 812 802 toto
839 755 1097 802 notissima
1121 755 1263 810 coelo,

311 831 604 879 Mulciberis
629 832 762 895 capti
789 831 1029 894 Marsque
1052 831 1327 894 Venusque
1352 832 1494 879 dolis.

243 908 381 956 Mars
406 916 562 972 pater,
590 909 762 955 insano
789 907 997 955 Veneris
1022 908 1250 955 turbatus
1278 924 1461 963 amore,

309 986 387 1034 De
412 987 539 1033 duce
563 985 769 1032 terribili
794 984 954 1032 factus
980 993 1169 1032 amator
1194 991 1315 1031 erat.

242 1061 289 1108 N
295 1078 351 1109 ec
362 1062 534 1110 Venus
553 1062 712 1109 oranti
727 1062 915 1124 (neque
934 1061 1066 1108 enim
1083 1061 1195 1108 Dea
1208 1061 1401 1109 mollior
1415 1062 1517 1109 ulla
1531 1062 1630 1123 est)

307 1139 517 1187 Rustica
542 1139 776 1194 Gradivo,
803 1138 1077 1185 difficilisve
1101 1137 1209 1185 fuit.

1534 1141 1630 1186 566

239 1216 320 1263 Ah
345 1217 541 1279 quoties
566 1217 751 1264 lasciva
774 1215 929 1279 pedes
956 1215 1122 1262 risisse
1147 1215 1310 1262 mariti

306 1293 517 1349 Dicitur,
545 1301 595 1341 et
618 1294 766 1340 duras
792 1293 906 1355 igne
930 1292 1007 1339 vel
1034 1299 1138 1339 arte
1163 1293 1369 1339 manus!

239 1368 403 1417 Marte
428 1370 593 1433 palam
618 1370 819 1416 simulat
842 1367 1122 1415 Vulcanum
1148 1368 1355 1425 imitata,
1381 1368 1622 1418 decebat:

304 1446 569 1510 Multaque
594 1462 708 1494 curn
733 1445 892 1492 forma
919 1445 1077 1507 gratia
1099 1445 1259 1493 mix’ta
1281 1445 1389 1492 fuit.

279 1580 354 1612 556.
381 1579 564 1622 R'ecfitgiat
586 1580 774 1622 victofalsus
788 1580 825 1609 ab
847 1590 896 1609 ore

232 1629 359 1670 puden]
385 1628 615 1671 Neapolitanus
629 1628 727 1660 codex
741 1629 836 1671 probe
848 1641 854 1658 :

280 1679 328 1709 Ne
332 1678 445 1721 fugiat
450 1678 536 1720 fasso
551 1680 647 1709 victus
661 1679 697 1708 ab
712 1689 760 1709 ore
773 1680 880 1718 pudor.

736 1727 852 1758 mes.

235 1775 409 1806 Librarium
424 1775 456 1806 in
471 1775 663 1806 excudendis
678 1775 799 1807 Heinsii
815 1775 896 1807 notis

234 1835 382 1866 peccasse
410 1830 502 1866 puto:
535 1835 606 1855 nam
629 1824 661 1854 in
684 1824 896 1866 Neapolitano

234 1873 342 1904 codice
357 1879 423 1904 erat
435 1885 441 1903 z

279 1921 549 1964 Necfugiatfasso
564 1923 659 1952 victus
674 1932 773 1952 amore
785 1923 893 1961 pudor.

235 1971 327 2009 Quod
336 1971 431 2002 etiam
445 1981 569 2001 sensum
583 1970 658 2001 facit
672 1975 803 2006 rectum,
817 1970 841 2001 si
859 1981 894 2000 ne

234 2020 367 2061 legatur,
383 2026 414 2050 et
437 2019 481 2050 ita
504 2019 655 2061 capiatur,
669 2029 708 2049 ne
724 2019 822 2060 fugiat
836 2030 893 2060 pu-

234 2069 289 2100 dor
325 2075 356 2100 et
393 2069 493 2099 omnis
520 2068 719 2104 verecundia,
752 2067 826 2099 victi
854 2068 893 2099 ab

234 2128 347 2154 amore,
363 2128 456 2159 quem
468 2118 535 2159 jam
557 2116 661 2158 palam
684 2122 714 2147 et
730 2121 802 2147 ante
818 2127 891 2148 ocu-

233 2167 278 2198 los
293 2172 361 2197 tuos
375 2167 433 2197 fert
446 2172 479 2197 et
493 2166 617 2196 fatetur.
662 2166 778 2196 Bumu.

277 2216 353 2247 561.
379 2215 497 2245 Fabula
528 2221 687 2250 narratur,
712 2214 790 2255 δια]
839 2214 890 2244 Ab

233 2265 369 2295 Homero
379 2264 523 2306 primum,
533 2263 647 2304 Odyss.
659 2266 696 2299 Θ,
709 2263 891 2294 266—366.

234 2314 296 2346 Ifbi
312 2313 442 2344 vidend.
458 2312 603 2344 Eustath.
621 2319 652 2343 et
667 2313 850 2349 Afflenaeus,
867 2313 889 2343 i.

235 2364 286 2392 12.
303 2363 476 2403 iterumque
493 2361 547 2392 xii.
565 2362 622 2392 sub
638 2362 705 2391 init.
750 2364 868 2392 AMAR.

274 2413 347 2443 569.
365 2412 466 2441 ssIarte
475 2412 575 2451 palam
589 2413 722 2447 simulat,
735 2411 811 2451 ἃς]
839 2412 889 2442 De

231 2472 292 2503 quo
305 2461 370 2502 ipse
384 2459 524 2502 queritur
535 2460 708 2495 Vulcanus,
725 2460 808 2502 apud
824 2460 887 2490 Ho-

232 2521 309 2541 mer.
333 2510 357 2540 l.
376 2511 430 2540 cit.
451 2510 525 2545 308,
542 2510 573 2540 in
597 2509 802 2545 oratiuncula,
825 2520 888 2550 qua

232 2559 317 2590 Deos
340 2569 447 2589 omnes
465 2564 628 2593 convocat,
646 2558 801 2589 Venerem
817 2568 888 2589 cum

231 2608 335 2639 Marte
351 2606 554 2648 deprensuros
567 2618 573 2635 :

226 2656 284 2694 Ὠς
308 2656 358 2697 ἐμὲ
388 2656 499 2696 χωλὸν
524 2655 619 2687 ἐόντα
645 2656 718 2692 Διὸς
743 2654 887 2696 θυγάτηρ

1529 1449 1627 1493 570

1048 1577 1222 1620 Ἀφροδίτη

965 1627 1044 1659 Αίὲν
1058 1626 1203 1669 ἀτιμάζει
1218 1628 1332 1659 κ.τ.λ.

963 1677 1111 1708 —Marte
1121 1678 1224 1717 palam
1237 1678 1359 1707 simulat
1375 1676 1545 1707 Vulcanum
1556 1679 1623 1708 irni-

965 1734 1040 1765 tata,
1064 1728 1197 1758 decebat.
1223 1727 1321 1757 Simul
1347 1734 1387 1762 et,
1407 1726 1532 1757 Aldinae
1557 1726 1623 1758 edi-

963 1777 1063 1808 tiones
1077 1783 1109 1807 et
1124 1782 1187 1807 tres
1200 1776 1271 1807 libri
1284 1775 1469 1807 Bersmanni
1483 1789 1489 1806 :
1507 1778 1622 1812 similis,

964 1837 1044 1857 unus
1069 1825 1205 1856 Heinsii.
1233 1825 1319 1856 Illud
1348 1826 1473 1856 simulat
1503 1827 1622 1856 imitata

963 1874 1015 1905 vix
1031 1874 1155 1916 placet:
1180 1874 1269 1910 forte,

1009 1923 1110 1954 Marte
1124 1924 1225 1964 palam
1241 1923 1344 1959 saltat,
1364 1922 1533 1954 Vulcanum
1551 1926 1620 1954 imi-

1048 1979 1122 2008 tata,
1135 1973 1254 2002 decebat
1266 1983 1276 2008 ;

962 2019 1012 2050 vel
1036 2021 1136 2051 simile
1158 2020 1254 2061 quid;
1278 2030 1350 2050 nam
1376 2020 1459 2050 saltu
1479 2026 1513 2051 et
1531 2026 1621 2061 gestu

961 2069 1142 2100 imitabatur
1169 2068 1318 2100 claudum
1348 2067 1548 2100 Vulcanum:
1583 2072 1623 2101 si-

960 2119 1077 2148 mulare
1093 2124 1124 2149 et
1140 2119 1255 2148 imitari
1270 2127 1367 2148 uuum
1386 2117 1533 2159 idemque
1554 2124 1622 2157 est;

960 2165 1093 2208 ideoque
1109 2166 1141 2197 in
1158 2166 1280 2209 scriptis
1295 2177 1378 2209 saepe
1392 2167 1533 2198 confusa.
1558 2168 1620 2199 De-

961 2217 1043 2246 cebat
1059 2226 1130 2246 vero
1149 2216 1291 2247 absolute
1310 2215 1454 2258 ponitur:
1476 2222 1510 2247 ut
1523 2216 1580 2247 lib.
1597 2217 1619 2247 i.

959 2265 1035 2295 533.

1003 2313 1432 2354 Clamabatflebatquesimu15
1444 2316 1492 2345 sed
1501 2320 1620 2345 utrum-

1043 2375 1098 2403 que
1113 2364 1245 2393 decebat.

958 2411 997 2441 Et
1009 2412 1135 2452 passim.
1183 2412 1301 2442 Bcrm.

1003 2459 1140 2500 Palam]
1165 2459 1203 2489 Id
1227 2465 1274 2490 est
1297 2469 1412 2495 coram,
1432 2466 1462 2490 et
1484 2459 1619 2491 vidente.

958 2510 1001 2540 sic
1017 2510 1090 2540 549.

1002 2557 1090 2588 Mene
1117 2559 1217 2597 palam
1256 2564 1358 2588 nostra?
1387 2560 1435 2588 det
1464 2560 1616 2598 quisquam

1041 2609 1127 2648 signa
1140 2608 1259 2646 puellae.
1444 2606 1575 2638 Dova.

957 2655 1032 2686 Vid.
1048 2655 1087 2686 ad
1105 2655 1258 2692 Quinctil.
1276 2655 1371 2686 Decl.
1389 2655 1429 2685 vi.
1446 2656 1495 2686 14.
