1760 3172
417 398 697 447 PUBLII
764 397 1033 445 OVIDll
1097 398 1449 446 NASONIS

704 558 1167 600 EPISTOLARUM

592 710 743 766 EX
815 709 1283 769 ΡΟΝΤΟ.

670 866 844 903 LIBER
880 866 1193 912 SECUNDUS.

806 1006 1065 1039 -..-*—-

712 1134 959 1165 EPISTOLA
983 1133 1162 1165 PRIMA.

596 1260 982 1303 GERMANICO
1019 1260 1286 1302 CAESARI.

247 1377 369 1425 Huc
397 1392 599 1441 quoque
627 1376 845 1424 Caesarei
870 1377 1095 1441 pervenit
1118 1377 1251 1424 fama
1273 1376 1527 1441 triumphi,

313 1453 571 1516 Languida
596 1469 695 1517 quo
718 1453 836 1501 fessi
860 1453 943 1500 vix
967 1455 1101 1502 venit
1127 1470 1246 1502 aura
1271 1453 1409 1501 Noti.
1474 1468 1528 1517 ,μ’

249 1532 333 1579 Nil
357 1531 459 1579 fore
484 1531 631 1579 dulce
656 1530 776 1578 mihi
805 1530 1046 1594 Scythica
1069 1531 1270 1594 regione
1296 1531 1480 1595 putavi.

312 1609 342 1656 J
348 1625 427 1657 am
452 1608 614 1655 minus
639 1607 719 1655 hic
745 1608 858 1655 odio
885 1615 978 1664 est,
1002 1624 1154 1671 quam
1178 1607 1272 1654 fuit
1296 1615 1426 1662 ante,
1450 1609 1605 1655 locus.

246 1687 471 1749 Tandem
496 1685 700 1749 aliquid,
724 1686 869 1749 pulsa
892 1701 1121 1733 curarum
1145 1686 1293 1742 nube,
1322 1701 1551 1734 serenum
1600 1689 1630 1733 5

312 1764 427 1811 Vidi
445 1753 468 1840 ξ’
495 1763 704 1810 fortunae
729 1764 879 1811 verba
903 1764 1122 1827 dedique
1147 1779 1286 1810 meae.

248 1843 295 1890 N
300 1842 388 1890 olit
402 1847 465 1906 Et
485 1841 586 1888 ulla
610 1841 729 1888 mihi
748 1842 1035 1904 contingere
1059 1840 1245 1904 gaudia
1271 1839 1455 1894 Caesar,

311 1919 455 1967 Velle
479 1925 645 1983 potest
668 1919 823 1966 cuivis
848 1920 954 1966 haec
980 1926 1147 1966 tamen
1172 1934 1271 1964 una
1295 1917 1417 1964 dari.

248 1998 314 2045 Di
339 2012 555 2060 quoque,
582 2003 637 2043 ut
661 2012 690 2043 a
714 1997 906 2044 cunctis
932 1997 1071 2044 hilari
1097 1996 1283 2060 pietate
1309 1995 1549 2050 colantur,

313 2073 587 2121 Tristitiam
611 2074 727 2137 poni
753 2090 840 2138 per
865 2091 955 2122 sua
977 2073 1104 2121 festa
1122 2073 1318 2136 jubent.
1574 2074 1632 2118 10

293 2195 321 2224 1.
337 2193 408 2223 Huc
431 2204 552 2233 quoque,
569 2192 643 2233 δῖα]
672 2191 823 2234 Disputat
846 2192 904 2223 hoc

247 2244 315 2275 loco
341 2243 478 2278 Merula,
502 2242 542 2273 de
565 2241 720 2272 Tiberiine
750 2241 904 2278 ovatione,

248 2303 288 2324 an
315 2292 352 2323 de
379 2290 558 2323 Germanici
597 2290 764 2333 triumpho,
796 2291 906 2331 Elegia

247 2342 314 2373 haec
343 2341 547 2382 intelligenda
574 2341 624 2371 sit.
669 2340 797 2382 Scripsit
823 2340 906 2371 enim

246 2391 314 2422 haec
332 2391 426 2422 Ovid.
447 2390 586 2432 proximo
605 2396 675 2420 ante
699 2389 819 2420 obitum
838 2389 905 2419 Au-

247 2440 329 2483 gusti
354 2450 444 2475 anno,
463 2450 559 2481 quum
579 2439 644 2480 jam
664 2438 903 2480 quadriennium

246 2490 278 2521 in
293 2491 392 2521 Ponto
407 2489 525 2520 suisset.
555 2488 698 2519 Tiberius
715 2494 819 2519 autem
831 2498 905 2519 ova-

246 2539 292 2570 vit
306 2549 392 2581 prox.
409 2544 478 2580 post
493 2537 615 2568 cladem
626 2538 808 2573 Varianam,
826 2547 906 2568 anno

248 2588 339 2619 tertio
362 2595 530 2629 antequam
552 2587 618 2617 liaec
639 2587 678 2617 ab
694 2586 808 2617 Ovidio
832 2586 904 2617 scri-

247 2638 412 2673 berentur3
442 2636 473 2666 id
502 2635 586 2677 quod
615 2646 652 2666 ex
680 2635 826 2666 Suetonio
851 2635 906 2665 ad-

249 2692 345 2728 paret.
390 2687 430 2716 Et
453 2685 491 2716 de
509 2684 664 2726 triumpho
680 2683 818 2726 Illyrico,
835 2683 906 2714 Ele-

249 2735 331 2777 giam
358 2735 437 2766 hanc
469 2733 683 2774 intelligimus,
713 2734 766 2774 qui
796 2732 905 2764 eodem

972 2201 1064 2226 anno,
1085 2201 1146 2232 quo
1167 2189 1235 2220 haec
1260 2199 1278 2220 a
1301 2194 1396 2230 poeta
1417 2187 1532 2230 scripta
1550 2194 1634 2226 sunt,

972 2246 1078 2281 gestus
1094 2240 1161 2274 fuit,
1176 2238 1315 2281 proximo
1329 2238 1451 2269 scilicet
1466 2244 1537 2269 ante
1552 2249 1634 2269 mor-

972 2297 1036 2321 tem
1065 2289 1221 2331 Augusti:
1253 2288 1285 2318 id
1315 2288 1398 2329 quod
1428 2298 1466 2318 ex
1495 2287 1635 2319 Suetonii

971 2339 1074 2370 Tiber.
1104 2339 1146 2369 ix.
1180 2337 1347 2378 colligitur.
1403 2338 1441 2368 Et
1468 2337 1539 2368 vide
1568 2336 1634 2368 Mi-

972 2389 1090 2430 cyllum
1123 2388 1181 2418 hac
1215 2387 1254 2418 de
1288 2397 1320 2418 re
1352 2386 1446 2417 latius
1482 2387 1635 2418 disseren-

974 2444 1048 2469 tem.

1016 2489 1049 2518 2.
1076 2487 1131 2518 ΠΙ
1153 2486 1261 2526 renim]
1288 2485 1348 2516 Vix
1374 2484 1519 2523 accedit3
1546 2486 1634 2527 quasi

974 2536 1068 2573 dicat,
1096 2536 1127 2566 in
1156 2535 1330 2576 Scythiam,
1355 2545 1416 2576 quo
1445 2532 1496 2564 vix
1523 2541 1636 2567 ventus

975 2586 1076 2617 Notus
1098 2591 1201 2627 potest
1214 2584 1387 2628 pervenire,
1404 2583 1534 2615 accessit
1550 2584 1635 2615 fama

974 2634 1108 2666 Caesaris
1124 2633 1283 2675 triumphi.

1017 2684 1046 2713 6.
1066 2683 1205 2713 Forlzinae
1222 2684 1307 2713 verba
1325 2683 1449 2722 dedique
1468 2681 1564 2722 mem]
1594 2682 1635 2712 Et

974 2733 1084 2775 decepi
1100 2733 1254 2764 fortunam
1270 2742 1384 2762 meam.
