1760 3172
493 444 560 491 P.
590 442 826 490 OVIDII
856 442 1160 490 NASONIS

320 584 669 643 ARTIS
718 583 1336 658 AMATORIAE

530 760 752 797 LIBER
791 760 1121 797 TERTIUS.

698 916 957 948 ,ψῃ

133 1054 302 1101 ARMA
329 1054 444 1101 dedi
466 1054 653 1101 Danais
679 1055 728 1100 in
748 1054 1044 1101 Amazonas.
1074 1068 1210 1100 arma
1234 1060 1516 1116 supersunt,

200 1130 324 1185 Quae
349 1130 439 1178 tibi
463 1131 598 1186 dem,
625 1137 676 1178 et
700 1137 892 1186 turmae,
919 1129 1251 1185 Penthesilea,
1279 1136 1392 1176 tuae.

138 1206 214 1255 Ite
238 1207 288 1254 in
312 1208 445 1255 bella
469 1223 642 1271 pares:
681 1207 897 1263 vincant,
921 1206 1103 1270 quibus
1129 1206 1259 1254 alma
1284 1206 1447 1254 Dione

202 1284 412 1341 Faverit,
440 1292 505 1340 et,
533 1292 637 1333 toto
663 1285 749 1349 qui
774 1286 906 1332 volat
930 1285 1065 1340 orbe,
1093 1283 1241 1330 Puer.

137 1361 252 1410 Non
277 1369 383 1411 erat
406 1363 608 1410 armatis
634 1379 832 1426 aequum
859 1377 1152 1409 concurrere
1177 1360 1364 1408 nudas:
1493 1365 1522 1408 5

205 1439 289 1486 Sic
315 1439 465 1487 etiam
488 1439 628 1486 vobis
652 1439 850 1486 vincere
875 1446 1036 1502 turpe,
1063 1438 1167 1484 viri.

138 1515 334 1563 Dixerit
358 1532 385 1563 e
410 1515 577 1563 multis
604 1515 799 1579 aliquis,
829 1516 962 1570 Quid
986 1515 1116 1561 virus
1141 1514 1191 1560 in
1217 1530 1428 1576 anguem

203 1591 428 1655 Adjieis?
466 1599 517 1639 et
541 1592 725 1640 rabidae
750 1592 904 1640 tradis
929 1592 1054 1639 ovile
1078 1591 1244 1654 lupae?

182 1725 208 1755 l.
232 1725 325 1754 Arma
340 1725 408 1754 dedi
424 1724 542 1755 Danais
551 1726 586 1755 in
600 1725 793 1766 Amazonas]

137 1773 239 1804 Recte
268 1772 396 1814 quidem
421 1773 561 1804 Danais:
593 1784 690 1815 quum
713 1773 796 1804 enim

135 1821 309 1853 Amazones
329 1822 368 1852 ab
388 1821 525 1853 Hercule
547 1827 579 1853 et
599 1821 721 1852 Theseo
741 1832 796 1853 na-

135 1870 207 1903 tivis
223 1870 256 1902 in
271 1869 398 1901 sedibus
419 1870 506 1901 bello
522 1870 670 1912 adpetitae
685 1877 717 1902 et
733 1872 793 1903 vic-

136 1926 175 1951 tae
200 1925 315 1956 essent,
336 1919 456 1951 bellum
475 1919 596 1951 Graecis
615 1919 798 1957 intulerunt,

134 1969 313 2000 transmisso
331 1968 454 1999 scilicet
476 1968 637 2010 Bosphoro
661 1968 798 2000 Cimme-

135 2016 179 2048 rio
189 2029 198 2056 3
212 2017 349 2059 indeque
358 2028 413 2059 per
422 2017 589 2048 Thraciam
599 2017 797 2059 Europaeam,

136 2066 359 2097 Macedoniam
387 2077 423 2097 ac
447 2066 654 2103 Thessaliam,
677 2066 798 2097 aditum

135 2115 194 2146 sibi
203 2120 390 2158 aperuerunt
401 2115 441 2146 ad
449 2116 549 2157 ipsam
556 2115 797 2147 Atheniensium

137 2175 251 2201 arcem,
280 2175 375 2207 quam
403 2164 589 2206 aliquandiu
621 2170 798 2196 tenuerunt.

137 2214 256 2245 Tamen
277 2213 350 2245 hinc
373 2215 471 2257 pulsae
490 2220 563 2245 sunt
583 2225 602 2245 a
617 2214 748 2250 Theseo,
765 2220 799 2245 ut

138 2263 268 2304 probant
282 2262 320 2293 iis
339 2263 371 2294 in
391 2262 468 2294 locis
489 2263 589 2294 multa
605 2269 670 2294 tum
684 2263 797 2294 Thesei

137 2311 285 2349 victoriae,
304 2319 372 2343 tum
394 2312 493 2343 cladis
512 2312 706 2343 Amazonum
730 2323 797 2343 mo-

138 2366 304 2399 numenta3
342 2372 512 2402 earumque
546 2360 686 2402 reliquiae
719 2360 799 2391 intra

137 2410 281 2451 pristinos
295 2410 418 2441 Pontici
431 2410 530 2441 litoris
546 2410 623 2441 fines
637 2420 798 2441 servavere

138 2458 285 2501 deinceps
301 2459 430 2491 formam
446 2459 586 2501 aliquam
600 2458 732 2501 imperii,
748 2469 799 2489 us-

140 2518 200 2549 que
212 2508 252 2539 ad
259 2509 383 2551 Trojani
396 2509 473 2540 belli
484 2514 634 2550 tempora.
651 2508 798 2548 (Ruaeus‚

141 2557 180 2588 ad
195 2558 285 2599 Virg.
300 2558 431 2589 AEneid.
448 2558 490 2589 xi⁴
509 2558 604 2598 659.)
651 2557 768 2588 Amsn.

181 2608 214 2637 2.
242 2607 314 2641 Ωιιαῑ
339 2609 393 2638 tibi
413 2610 477 2639 dem
501 2615 528 2638 et
553 2607 676 2647 barhieu]
702 2607 797 2638 Haud

139 2657 231 2698 paulo
250 2657 410 2688 venustius
430 2663 487 2693 est,
507 2657 589 2698 quod
608 2668 646 2687 ex
669 2656 797 2697 antiquo

138 2704 244 2735 codice
265 2704 294 2735 in
318 2705 395 2735 libro
418 2713 472 2737 suo
495 2711 695 2735 annotaverat
721 2705 794 2733 Sca-

139 2754 232 2790 liger:

910 1724 982 1758 Qnae
998 1725 1051 1754 tibi
1065 1726 1130 1754 dem
1145 1729 1173 1753 et
1189 1729 1305 1759 tarmae,
1322 1722 1523 1759 Penthesilea,

950 1779 1021 1803 tuce.

865 1822 955 1852 DAN.
982 1821 1156 1851 Hmnsrus.
1203 1820 1321 1851 Turmae
1352 1820 1468 1851 rectius
1494 1822 1526 1853 in

866 1870 980 1912 Regio,
1011 1869 1163 1911 Scaligeri
1199 1870 1364 1911 excerptis,
1397 1875 1428 1900 et
1456 1876 1526 1901 octo

866 1919 945 1951 aliis.
959 1919 1184 1961 praeliabantur
1196 1918 1279 1949 enim
1294 1918 1479 1955 Amazones,
1492 1926 1526 1950 ut

866 1969 1046 2010 plurimum,
1075 1968 1184 2009 equis3
1215 1973 1247 1998 et
1270 1968 1380 2009 Lysias
1405 1968 1526 1999 Rhetor

866 2017 943 2049 dicit
953 2023 1022 2060 post
1033 2017 1194 2048 hominum
1205 2016 1384 2047 memoriam
1392 2016 1526 2049 Amazo-

866 2077 922 2098 nas
937 2067 1053 2109 primas
1067 2077 1163 2108 equos
1173 2065 1404 2097 conscendisse.
1447 2066 1525 2097 Tur-

866 2130 914 2148 ma
950 2123 1055 2148 autem
1092 2127 1146 2159 pro
1180 2118 1269 2146 turba
1304 2127 1387 2158 saepe
1423 2118 1523 2159 poetae

866 2173 1008 2199 utuntur.
1032 2166 1071 2198 de
1092 2177 1154 2207 quo
1173 2165 1249 2196 alibi
1268 2165 1359 2207 plura
1374 2165 1527 2198 dicentur.

867 2217 984 2247 Hssms.
1007 2216 1123 2246 Tarmae
1132 2215 1226 2245 etiam
1236 2213 1367 2245 Zinzerl.
1391 2215 1528 2247 Promul.

865 2265 970 2297 cxviii.
996 2266 1068 2300 Quae
1087 2266 1170 2295 modo
1187 2266 1252 2294 dem
1270 2265 1361 2294 turbae
1379 2263 1527 2296 Vatican.

865 2325 957 2345 unus.
984 2314 1102 2344 Bumvr.
1126 2313 1177 2343 De
1199 2311 1422 2349 Amazonibus,
1447 2313 1526 2345 duce

870 2362 1081 2399 Penthesilea,
1097 2360 1250 2392 auxilium
1260 2360 1402 2403 Trojanis
1418 2361 1527 2393 adver-

867 2422 920 2442 sus
950 2411 1079 2442 Graecos
1109 2410 1294 2446 serentibus,
1323 2409 1387 2441 vid.
1413 2411 1526 2447 Quint.

868 2460 981 2492 Calah.
1004 2460 1060 2491 lib.
1079 2460 1102 2490 i.
1150 2459 1352 2490 Penthesilea
1367 2464 1472 2490 autem
1488 2461 1527 2491 ab

868 2509 993 2540 Achille
1021 2514 1075 2539 aut
1100 2508 1218 2549 Pyrrho
1247 2508 1303 2538 sub
1332 2507 1408 2538 belli
1434 2508 1526 2539 finem

867 2558 970 2590 occisa
985 2564 1044 2589 est.
1091 2557 1217 2588 Dicitur
1232 2558 1270 2588 ab
1283 2556 1407 2587 Achille
1424 2563 1528 2589 amata

866 2606 972 2643 fuisse,
990 2613 1021 2637 et
1041 2606 1138 2637 filium
1161 2617 1200 2636 ex
1226 2617 1262 2636 eo
1289 2605 1455 2646 Caystrum
1474 2618 1528 2637 no-

866 2655 959 2691 mine,
992 2653 1178 2696 suscepisse.
1216 2654 1290 2685 Vid.
1318 2653 1406 2685 Dict.
1440 2655 1528 2687 Cret.

866 2704 907 2734 iii.
923 2710 953 2734 et
971 2704 1009 2734 iv.
1058 2703 1174 2733 Amin.
