1760 3172
232 183 316 224 160

636 181 687 222 Ρ.
725 180 836 222 OVI
845 180 937 221 DII
973 179 1254 221 NASONIS

236 295 433 350 Navita,
461 294 719 342 confessus
746 295 911 356 gelido
938 295 1126 358 pallore
1152 294 1396 348 timorem,

300 372 330 419 J
336 388 414 420 am
441 372 666 434 sequitur
691 371 888 425 victam,
917 386 1014 417 non
1040 370 1167 432 regit
1193 377 1314 426 arte,
1343 378 1517 417 ratem.

238 449 408 511 thue
435 465 610 512 parum
634 449 825 495 validus
851 463 948 494 non
974 447 1286 510 proficientia
1309 454 1470 495 rector

304 525 526 572 Cervicis
553 524 724 587 rigidae
750 523 905 570 fraena
929 523 1138 570 remittit
1163 539 1324 586 equo3

238 601 339 657 Sic,
367 618 467 648 non
493 617 593 664 quo
618 600 790 655 voluit,
814 599 903 646 sed
928 615 1028 662 quo
1053 599 1183 663 rapit
1206 600 1426 663 impetus
1452 599 1615 654 undae,

301 678 542 741 Aurigam
566 678 710 725 video
734 678 845 724 vela
868 677 1068 724 dedisse
1094 676 1203 723 rati.
1573 678 1629 722 16

237 755 385 810 Quod
411 756 504 802 nisi
531 762 748 802 mutatas
774 754 995 803 emiserit
1020 753 1194 801 AEolus
1223 769 1383 809 auras,

304 832 364 879 In
389 833 497 879 loca
515 833 621 895 jam
647 833 788 878 nobis
816 848 913 878 non
939 831 1171 878 adeunda
1195 831 1352 878 ferar:

239 908 370 956 Nam
396 909 568 972 procul
596 908 781 972 Illyriis
807 909 931 955 laeva
954 908 1017 954 de
1043 915 1183 971 parte
1210 907 1412 962 relictis,

305 985 581 1033 Interdicta
605 985 724 1032 mihi
750 984 969 1032 cernitur
996 984 1160 1031 Italia.
1568 987 1632 1030 20

239 1062 451 1110 Desinat
475 1062 525 1108 in
543 1062 738 1117 vetitas,
768 1077 955 1124 quaeSO‚
984 1060 1287 1108 contendere
1312 1067 1486 1114 terras,

307 1138 373 1185 Et
394 1155 592 1186 mecum
618 1154 798 1201 magno
825 1146 998 1202 pareat
1023 1154 1141 1186 aura
1163 1138 1289 1185 Deo,

241 1216 375 1262 Dum
402 1217 592 1278 loquor,
621 1223 671 1263 et
695 1216 844 1279 cupio
871 1216 1056 1279 pariter
1081 1216 1337 1278 timeoque
1358 1214 1542 1270 revelli,

307 1292 564 1356 Increpuit
589 1292 789 1356 quantis
815 1293 1001 1340 viribus
1027 1293 1162 1339 unda
1179 1291 1337 1338 latus!

239 1369 456 1425 Parcite,
484 1370 699 1426 caerulei,
724 1386 810 1417 vos
835 1371 1042 1434 parcite,
1069 1370 1274 1417 numina
1298 1369 1465 1432 ponti;
1571 1372 1633 1416 25

307 1446 656 1510 Infestumque
682 1447 802 1494 mihi
829 1449 893 1496 sit
918 1449 1038 1496 satis
1064 1464 1174 1495 esse
1200 1446 1229 1493 J
1234 1461 1393 1494 ovem.

242 1523 345 1571 Vos
372 1525 589 1571 animam
615 1541 757 1571 saevae
783 1524 967 1572 fessam
994 1523 1259 1571 subducite
1285 1521 1459 1578 morti;

309 1600 362 1648 Si
386 1601 550 1655 modo,
575 1601 661 1663 qui
688 1601 849 1664 periit,
878 1618 975 1648 non
1001 1601 1210 1665 periisse
1234 1606 1416 1662 potest.

284 1745 337 1774 13.
361 1743 477 1774 Rector
490 1742 604 1774 dicitur
620 1743 673 1784 qui
689 1750 720 1774 et
735 1754 832 1784 equos
851 1750 906 1774 aut

239 1804 357 1829 currus
381 1799 412 1824 et
435 1803 547 1824 navem
573 1793 664 1833 regit.
682 1803 712 1823 v.
736 1793 845 1824 Burm.
875 1798 906 1823 et

240 1842 401 1872 Drakenb.
418 1841 458 1872 ad
473 1841 528 1872 Sil.
544 1842 618 1872 Ital.
633 1841 707 1872 xvii.
728 1842 799 1873 138.
814 1842 905 1872 multi

239 1890 323 1922 enim
338 1897 460 1921 veteres
474 1891 617 1931 legerant
636 1890 747 1921 Victor.
786 1893 906 1933 Auriga

237 1951 311 1971 vero
336 1941 384 1981 (v.
405 1940 472 1979 16.)
493 1950 548 1982 pro
575 1940 663 1978 navis
687 1941 904 1981 gubernatore,

238 1989 312 2030 poni
332 1989 432 2020 rarius
453 1996 500 2020 est
521 1995 552 2020 et
567 1989 768 2020 insolentius:
795 1990 904 2021 eadem

240 2043 346 2069 tamen
355 2038 547 2080 metaphora,
556 2048 619 2080 qua
630 2049 739 2069 currus
749 2049 804 2080 pro
814 2049 903 2075 nave,

239 2097 362 2117 currere
373 2097 426 2129 pro
439 2087 603 2128 navigare3
628 2097 685 2118 nec
699 2094 785 2118 caret
797 2098 902 2118 exem-

238 2135 298 2177 plis
314 2146 333 2166 a
347 2136 529 2166 Burmanno
544 2135 690 2167 laudatis.
736 2136 883 2167 HAans.

287 2186 336 2216 19.
361 2185 441 2216 Nam
456 2186 561 2224 procul
578 2184 724 2226 Illyriis]
752 2185 835 2216 Hinc
851 2197 905 2228 po-

240 2239 301 2265 test
321 2233 441 2275 colligi,
459 2245 522 2265 non
547 2233 580 2264 id
605 2233 644 2264 de
667 2234 745 2264 inari
768 2233 903 2269 Thusco,

241 2283 324 2324 quod
346 2283 441 2314 etiam
464 2283 588 2314 Ionium
608 2283 802 2325 appellatum
824 2282 904 2313 dixi-

241 2342 321 2368 mus,
345 2331 587 2373 intelligendum
612 2342 691 2368 esse,
716 2338 751 2362 ut
776 2330 904 2373 quidam

241 2379 318 2412 salso
354 2381 592 2418 existimarunt;
629 2380 684 2411 sed
714 2380 753 2411 de
780 2390 905 2421 magno,

240 2440 335 2471 prope
352 2431 505 2472 Illyriam,
517 2440 612 2471 quam
628 2429 763 2461 Ovidius
777 2430 810 2460 in
825 2430 906 2460 Pon-

241 2485 307 2509 tum
336 2479 499 2521 navigans,
527 2489 544 2510 a
574 2479 655 2510 laeva
684 2478 813 2510 habuit:
853 2478 906 2509 sed

241 2529 379 2567 mutatis,
404 2540 442 2561 ea
467 2539 486 2560 a
509 2528 630 2566 dextra,
645 2539 664 2560 a
689 2529 788 2560 fronte
811 2527 907 2559 Italia

974 1744 1033 1775 sita
1047 1750 1125 1779 erat,
1139 1743 1179 1774 ad
1196 1752 1291 1784 quam
1309 1741 1339 1772 vi
1355 1741 1550 1783 tempestatis
1565 1741 1637 1772 ferri

973 1792 1260 1824 videbatur.—Alii
1291 1791 1429 1832 Illyricis
1442 1802 1452 1827 ‚·
1477 1791 1557 1822 male
1571 1803 1577 1821 :
1604 1797 1639 1822 ut

973 1843 1057 1874 enim
1074 1842 1239 1882 Hispania,
1253 1841 1375 1876 Galliae,
1387 1840 1445 1871 ἃς.
1458 1838 1502 1871 ita
1516 1846 1547 1871 et
1558 1839 1637 1882 my-

974 1895 1025 1923 riae
1040 1892 1235 1923 dicebantur.
1264 1891 1314 1922 Sic
1330 1889 1415 1932 apud
1430 1889 1638 1932 Propertium,

973 1941 1027 1972 lib.
1037 1941 1069 1972 ii.
1082 1941 1171 1982 Eleg.
1190 1941 1228 1971 13
1242 1952 1249 1969 :

1018 1991 1079 2021 Dic
1091 1991 1167 2020 alias
1181 1991 1288 2020 iterum
1306 1989 1429 2030 naviget
1445 1987 1583 2029 Illyrias.

1017 2041 1070 2071 22.
1103 2040 1218 2070 Pareat
1245 2039 1299 2069 illa
1329 2037 1421 2078 Deo.]
1455 2038 1536 2074 Quae
1563 2037 1640 2067 ina?

973 2089 1099 2131 plurimi
1114 2094 1255 2119 veterum
1271 2089 1365 2118 unda.
1411 2087 1473 2118 Sed
1497 2087 1594 2129 probo
1608 2093 1640 2118 et

974 2148 1085 2179 sequor
1107 2139 1144 2169 τὸ
1166 2149 1255 2174 aura,
1271 2136 1355 2178 quod
1371 2136 1404 2167 in
1418 2136 1530 2168 decem
1546 2135 1639 2168 casti-

973 2186 1145 2228 gatioribus
1157 2185 1285 2217 offendi.
1309 2185 1557 2222 mes.——Deo‚·
1574 2186 1639 2216 Au-

973 2242 1079 2278 gusto.-
1105 2235 1201 2266 voluit
1229 2235 1313 2266 enim
1340 2244 1390 2265 me
1415 2234 1448 2265 in
1477 2234 1639 2275 Scythiam

974 2283 1140 2326 proficisci,
1157 2290 1189 2314 et
1202 2283 1234 2314 in
1251 2282 1379 2314 Italiam
1394 2293 1455 2313 non
1470 2283 1583 2314 redire.

1014 2335 1067 2364 28.
1092 2333 1124 2363 Si
1154 2335 1236 2364 modo
1264 2336 1315 2373 qui
1340 2332 1461 2373 periin]
1488 2332 1522 2363 Si
1546 2331 1639 2364 modo

972 2392 1030 2423 ego
1059 2388 1209 2423 tanquam
1239 2387 1390 2417 mortuus,
1420 2381 1577 2423 relegatus
1599 2381 1639 2412 ad

973 2431 1140 2462 Sarmatas.
1201 2431 1301 2461 Potest
1337 2442 1396 2461 non
1421 2432 1553 2471 periisse.
1606 2430 1639 2461 Si

974 2479 1114 2521 perditus
1130 2479 1246 2510 servari
1261 2484 1374 2521 potest.
