1760 3172
198 203 284 245 214

586 201 637 242 P.
673 199 883 242 0V1D11
922 200 1200 242 NASONIS

203 317 273 364 Ut
297 332 441 378 mage
466 316 593 363 velle
619 315 761 377 sequi
788 315 928 369 sciat,
955 321 1007 361 et
1031 330 1260 362 revocare
1288 315 1526 378 priorem;

268 393 346 441 Ne
372 400 484 440 tuto
507 392 702 455 fugiens
728 391 1044 439 incomitatus
1070 399 1180 439 eat:

1492 394 1590 437 480

201 470 362 518 Parva
387 470 531 518 sedet
554 469 708 517 ternis
735 469 978 515 instructa
1002 468 1187 515 tabella
1210 467 1419 530 lapillis;

268 547 326 593 In
353 563 453 610 qua
474 546 653 594 vicisse
679 552 771 599 est,
798 545 1118 592 continuasse
1144 560 1277 591 suos.

202 624 401 687 Quique
444 623 524 670 alii
567 623 721 676 lusus
760 637 924 684 neque
966 621 1098 668 enim
1143 636 1272 667 nunc
1320 635 1593 683 persequar

400 716 588 755 omnes,

270 777 504 832 Perdere,
530 792 634 824 rem
659 792 841 831 caram,
869 782 1094 839 tempora
1117 781 1285 820 nostra
1309 774 1486 821 solent.

204 853 338 901 Ecce
362 853 496 900 canit
519 851 701 900 forinas
727 852 869 907 alius,
891 853 1159 915 jactusque
1184 850 1422 914 pilarum3

1496 852 1593 897 485

270 929 366 976 Hic
393 938 549 977 artem
575 930 725 976 nandi
751 929 994 993 praecipit,
1024 930 1105 976 ille
1130 928 1291 975 trochi
1315 946 1324 975 :

204 1006 497 1069 Composita
522 1013 600 1054 est
624 1006 734 1053 aliis
760 1005 961 1053 fucandi
988 1021 1107 1053 cura
1130 1005 1336 1061 coloris;

269 1083 365 1130 Hic
392 1084 552 1147 epulis
579 1085 717 1146 leges
740 1084 1063 1147 hospitioque
1089 1081 1255 1130 dedit:

200 1160 342 1207 Alter
368 1161 590 1216 humum,
618 1160 681 1208 de
707 1177 807 1224 qua
837 1161 1086 1223 fingantur
1112 1159 1308 1223 pocula,
1336 1163 1592 1212 monstrat,

267 1237 495 1300 Quaeque
520 1238 668 1285 docet
692 1238 883 1301 liquido
910 1244 1041 1285 testa
1065 1237 1129 1283 sit
1153 1243 1271 1299 apta
1294 1250 1447 1282 mer0.
1495 1236 1593 1281 490

202 1403 340 1444 periculo
361 1408 419 1438 est,
442 1413 480 1433 ne
496 1403 639 1444 capiatur
655 1403 693 1433 ab
711 1402 797 1433 hoste
812 1413 864 1444 ge-

202 1451 296 1487 mino,
307 1451 385 1482 alter
398 1462 459 1482 non
473 1451 573 1482 solum
587 1451 735 1482 adversus
748 1451 866 1482 hostem

201 1499 361 1540 geminum
377 1500 584 1542 progreditur,
601 1500 656 1531 sed
671 1500 755 1530 hunc
771 1499 866 1531 etiam

202 1547 388 1589 insequitur,
419 1556 454 1580 ut
483 1548 602 1579 socium
637 1548 866 1590 periclitantem

202 1597 312 1638 eripiat
333 1602 364 1628 et
381 1608 489 1628 secum
512 1603 580 1628 tuto
599 1598 741 1629 reducat.
769 1598 866 1629 Ovid.

202 1646 271 1676 Art.
289 1646 397 1677 Amat.
415 1646 458 1677 iii.
475 1648 549 1678 358.
569 1658 640 1688 sqq.
660 1647 713 1677 ubi
729 1646 801 1677 vide
819 1647 867 1677 in-

202 1701 328 1736 terpret.
369 1697 526 1736 Cautaque
539 1708 598 1726 non
610 1697 703 1727 stulte
715 1697 867 1727 latronum

200 1745 308 1783 proelia
331 1747 428 1776 ludat.
480 1745 566 1775 Unus
587 1756 654 1775 cum
665 1747 784 1786 gemino
806 1747 867 1776 cal-

202 1794 289 1823 culus
313 1794 391 1824 hoste
410 1795 490 1834 perit
514 1794 568 1824 rel.
615 1793 707 1824 Adde
728 1794 868 1825 Martial.

202 1842 270 1873 xiii.
291 1844 340 1873 17.
386 1844 535 1874 HARLES.

246 1893 319 1924 485.
345 1893 423 1923 Ecce
446 1894 529 1923 canit
546 1892 694 1933 jbrmas]
723 1892 867 1923 Docuere

202 1941 256 1972 alii
282 1941 376 1972 etiam
401 1941 515 1971 formas
537 1947 567 1971 et
585 1950 700 1982 genera
723 1939 867 1982 pilarum,

204 2000 273 2031 quae
291 1996 425 2031 quatuor
447 1989 543 2020 suere.
590 1990 664 2020 Erat
687 1988 753 2030 pila
773 1989 867 2031 trigo-

203 2039 283 2069 nalis
293 2039 430 2069 omnium
442 2038 581 2075 minima,
592 2038 680 2074 dura,
690 2037 754 2080 pilo
766 2039 868 2080 plena.

204 2087 301 2118 Dicta
328 2098 346 2118 a
370 2087 515 2128 Trigone,
543 2087 597 2128 qui
629 2087 715 2117 locus
745 2093 812 2117 erat
836 2088 868 2118 in

202 2136 343 2172 thermis,
367 2136 528 2178 triquetra,
551 2136 582 2166 id
605 2142 662 2171 est,
686 2135 868 2176 triangulari

204 2187 312 2227 figura,
326 2196 421 2227 quam
438 2185 541 2216 Graeci
559 2185 719 2228 τρίγωνον
735 2192 866 2224 vocant3

204 2236 270 2266 haee
284 2235 474 2266 reddebatur
489 2241 553 2265 tam
570 2235 694 2270 dextra,
712 2245 806 2277 quam
827 2235 866 2266 si-

203 2284 300 2314 nistra
315 2294 422 2314 manu.
468 2284 543 2314 Erat
558 2289 709 2326 praeterea
724 2284 788 2326 pila
808 2284 867 2315 Pa-

203 2332 326 2374 ganica,
352 2343 370 2364 a
398 2331 498 2375 pagis,
521 2332 552 2362 id
580 2339 637 2368 est,
663 2332 745 2363 villis
773 2332 869 2366 dicta.

204 2381 287 2423 quod
310 2381 425 2424 pagani
446 2392 484 2412 ea
506 2387 686 2419 uterentur3
711 2391 748 2412 ea
772 2381 870 2411 laxior

204 2437 282 2467 erat,
297 2437 329 2461 et
340 2431 449 2473 pluma
462 2431 566 2473 plena.
613 2431 687 2462 Erat
703 2437 733 2461 et
745 2431 867 2461 tertium

206 2480 276 2521 pilae
298 2490 409 2521 genus,
432 2480 517 2521 quod
539 2490 576 2510 ex
601 2479 684 2521 pelle
707 2480 814 2516 fiebat,
838 2485 869 2510 et

204 2528 314 2569 spiritu
326 2528 505 2564 inflabatur,
517 2539 622 2570 pugno
632 2527 719 2559 reddi
731 2527 868 2562 solitum.

207 2588 266 2607 non
292 2578 408 2619 palma,
441 2583 475 2609 ut
504 2577 632 2619 reliquae
661 2578 746 2619 pilae.
793 2578 869 2608 Erat

205 2633 355 2667 praeterea
383 2633 528 2669 quartum
555 2626 625 2668 pilae
650 2638 759 2667 genus,
783 2626 867 2667 quod

210 2676 396 2717 llarpastum
419 2676 650 2717 adpellabatur,
669 2675 734 2706 sive
751 2675 867 2706 Phoen-

209 2723 291 2754 nida.
339 2725 445 2755 fiebat
462 2735 478 2755 (³
496 2735 599 2766 panno
614 2737 620 2762 3
645 2724 814 2766 aliquando
830 2735 866 2755 ex

934 1402 1029 1443 pelle,
1059 1403 1143 1437 lana,
1174 1406 1352 1431 tomentove
1387 1398 1574 1440 implebatur
1589 1411 1598 1438 ;

934 1451 1123 1482 laboriosum
1142 1456 1209 1481 erat
1228 1449 1287 1480 hoc
1302 1448 1369 1480 ludi
1384 1458 1501 1490 genus;
1526 1448 1596 1479 vide

937 1499 1118 1531 Mercurial.
1144 1498 1177 1529 in
1203 1503 1269 1529 arte
1295 1498 1463 1539 Gymnast.
1485 1496 1540 1528 lib.
1565 1497 1597 1528 ii.

935 1559 1003 1590 cap.
1018 1551 1048 1580 5.
1072 1549 1168 1578 Mm.
1198 1547 1505 1587 Formas,jactusque
1517 1547 1597 1585 pila-

937 1609 1014 1633 rum,
1025 1598 1083 1628 (xc.
1105 1597 1155 1628 De
1167 1596 1250 1638 pilis,
1260 1602 1292 1626 et
1303 1606 1410 1627 earum
1419 1594 1504 1625 vario
1514 1595 1596 1629 lusu,

936 1647 1097 1677 Pollucem
1110 1646 1192 1681 vide,
1208 1645 1262 1676 lib.
1278 1645 1321 1675 ix.
1365 1645 1493 1675 M1cv1„

979 1696 1053 1726 486.
1078 1695 1139 1726 Hic
1153 1701 1250 1725 artem
1264 1693 1387 1734 nandi-J
1422 1694 1529 1729 Quum
1551 1692 1597 1723 in-

936 1751 982 1776 ter
996 1744 1161 1776 honestiss.
1184 1750 1215 1775 et
1238 1743 1352 1774 utiliss.
1375 1747 1457 1773 artes
1478 1742 1597 1773 natatio

937 1795 1019 1837 apud
1042 1794 1202 1825 Romanos
1218 1793 1396 1828 haberetur,
1413 1791 1518 1822 mirari
1527 1791 1598 1833 jure

937 1844 1007 1885 quis
1023 1844 1121 1886 possit
1136 1854 1190 1874 cur
1209 1842 1237 1874 ei
1254 1842 1304 1872 hic
1326 1842 1412 1872 Naso
1428 1840 1530 1872 locum
1545 1840 1599 1871 dat

936 1893 1015 1923 inter
1038 1898 1130 1927 artes,
1149 1893 1174 1922 si
1197 1902 1257 1922 non
1280 1890 1406 1921 illicitas
1428 1895 1460 1920 et
1482 1895 1598 1931 turpes,

935 1942 1047 1972 saltem
1071 1941 1199 1972 inutiles
1221 1946 1253 1971 et
1275 1950 1384 1981 parum
1405 1938 1516 1980 dignas
1532 1939 1597 1969 Ro-

936 2001 1029 2020 mano
1045 1990 1119 2025 viro.
1137 2000 1234 2031 quum
1251 1989 1327 2019 nihil
1344 1987 1469 2022 ludicri,
1486 1994 1540 2019 aut
1554 1988 1597 2019 le—

937 2039 981 2069 vis
1005 2039 1099 2069 etiam
1114 2037 1160 2068 illi
1176 2038 1259 2068 insit.
1284 2037 1321 2067 In
1343 2035 1409 2067 edit
1423 2036 1599 2078 Hamburg,

936 2094 1002 2119 erat
1016 2090 1118 2118 Artem
1132 2089 1179 2118 hic
1192 2088 1321 2118 venandi
1333 2098 1343 2124 ;
1364 2085 1472 2127 majori
1483 2086 1600 2128 specie.

936 2147 1031 2178 quum
1053 2136 1142 2167 multi
1158 2136 1242 2178 apud
1258 2135 1351 2166 Rom.
1367 2140 1515 2165 venatum
1529 2145 1597 2166 cre-

935 2185 1070 2217 diderint
1079 2185 1225 2227 ingenuis
1236 2184 1413 2215 hominibus
1424 2183 1597 2225 indignum,

935 2241 966 2265 et
979 2235 1058 2266 inter
1068 2234 1192 2265 servilia
1205 2234 1308 2265 officia
1321 2233 1482 2264 retulerint
1496 2245 1504 2272 3
1528 2233 1599 2265 vide

935 2284 1011 2314 Sall.
1025 2283 1154 2315 Catilin.
1168 2294 1240 2326 cap.
1257 2284 1297 2314 iv.
1345 2283 1461 2314 Bunm.

982 2334 1057 2364 488.
1082 2333 1144 2363 Hic
1165 2334 1261 2373 epulis
1283 2332 1387 2373 leges]
1415 2332 1502 2364 Inter
1521 2343 1600 2374 quos

939 2382 1034 2412 etiam
1049 2382 1192 2424 Apicius.

982 2432 1058 2461 489.
1098 2431 1145 2461 De
1176 2442 1234 2470 qua
1257 2430 1428 2471 fingantur
1459 2430 1596 2471 pocula-J

937 2479 1032 2521 Apud
1049 2479 1210 2509 Romanos
1220 2478 1295 2508 olim
1308 2488 1344 2508 eo
1355 2478 1496 2520 pervenit
1508 2479 1600 2510 luxu-

939 2527 983 2558 ria
1006 2534 1040 2558 ut
1060 2527 1170 2558 fictilia
1193 2537 1266 2558 vasa
1290 2533 1393 2558 essent
1411 2527 1443 2557 in
1462 2527 1600 2558 maximo

938 2577 1044 2619 pretio.
1097 2575 1203 2607 Samia
1229 2576 1363 2607 maxime
1390 2576 1600 2607 laudabantur

937 2625 968 2656 in
984 2625 1162 2656 esculentis.
1191 2626 1289 2656 Immo
1305 2636 1341 2656 eo
1353 2623 1493 2667 pervenit
1507 2625 1599 2656 luxu-

937 2674 991 2711 ria,
1009 2681 1042 2705 ut
1057 2675 1151 2706 etiam
1174 2674 1283 2705 fictilia
1306 2674 1403 2716 pluris
1423 2680 1600 2705 constarent

937 2735 1030 2766 quam
1048 2723 1215 2755 murrhina.
