1760 3172
381 160 473 201 EX
506 160 717 201 PONTO
754 161 871 201 LIB.
906 161 996 202 ΙΙΙ.
1031 161 1222 202 EPIST.
1256 162 1319 202 ΙΙ.

1456 163 1540 203 449

154 272 264 321 Lux
289 275 438 322 etiam
464 276 642 339 coeptis
667 276 817 322 facito
844 277 975 323 bona
998 277 1180 323 talibus
1208 277 1353 333 adsit,

216 350 455 415 Horaque
479 353 794 407 conveniens,
823 353 1201 416 auspiciumque
1223 353 1409 400 favens.
1444 357 1534 401 160

151 427 253 475 Sed
277 429 412 492 prius
438 430 670 493 imposito
697 431 880 477 sanctis
906 431 1143 478 altaribus
1169 430 1287 492 igni,

216 504 348 552 Tura
370 506 441 553 fer
466 507 529 553 ad
553 524 759 569 magnos
781 508 993 571 vinaque
1019 523 1143 570 pura
1170 507 1320 554 Deos.

148 581 189 628 E
216 583 398 646 quibus
424 592 538 632 ante
563 601 735 633 omnes
762 584 1046 647 Augustum
1072 600 1256 631 numen
1283 584 1447 639 adora,

216 659 616 724 Progeniemque
641 662 790 725 piam,
818 655 1215 726 participemque
1240 661 1348 708 tori.

153 736 266 784 Sint
291 737 479 785 utinam
505 739 649 786 mites
676 739 819 786 solito
844 739 934 785 tibi
960 755 1110 793 more,
1138 745 1352 800 tuasque

1446 741 1534 785 165

219 813 334 861 Non
358 814 494 861 duris
518 816 765 878 lacrymas
792 816 1007 863 vultibus
1034 815 1330 878 adspiciant.

509 1011 602 1018 ——v-

566 1155 1001 1202 EPISTOLA
1054 1155 1121 1201 ΙΙ.

711 1278 976 1319 COTTAE*.

151 1367 325 1423 QUAM
350 1369 475 1431 legis
501 1385 530 1416 a
554 1369 695 1416 nobis
721 1368 923 1415 missam
948 1368 1055 1424 tibi,
1079 1368 1246 1423 Cotta,
1271 1369 1497 1423 salutem,

217 1445 379 1494 Missa
402 1446 468 1494 sit
490 1454 545 1494 ut
569 1463 697 1503 vere,
724 1447 1098 1511 perveniatque,
1126 1462 1314 1509 precor.

151 1524 385 1587 Namque
409 1515 532 1571 meis
559 1540 731 1588 sospes
757 1524 964 1570 multum
993 1523 1294 1570 cruciatibus
1321 1521 1498 1577 aufers,

218 1600 392 1664 thue
418 1601 483 1648 sit
507 1617 533 1648 e
558 1601 700 1648 nobis
726 1617 839 1665 pars
865 1601 995 1648 bona
1019 1601 1169 1656 salva,
1192 1599 1331 1646 facis.

148 1746 242 1777 serat,
260 1741 323 1771 Nec
344 1742 485 1782 lacrymis
503 1743 647 1772 dernenda
661 1753 741 1771 mora
757 1748 807 1772 est.

149 1791 340 1821 Scintluntur
352 1801 407 1832 pro
421 1792 598 1821 scindentur
613 1801 666 1821 sex
683 1790 787 1832 scripti
800 1803 806 1821 ε

149 1840 300 1881 posterior
314 1850 421 1872 versus
435 1850 473 1871 ex
488 1839 631 1881 Epistola
646 1840 807 1877 Briseidis,

153 1899 215 1920 ver.
240 1889 270 1919 4.
299 1889 469 1920 conflatus:
499 1889 555 1919 Sed
582 1896 680 1920 tamen
707 1896 735 1919 et
763 1890 807 1919 la-

149 1949 258 1979 crymae
278 1940 413 1978 pondera
440 1941 516 1969 vocis
541 1939 659 1969 habent.
692 1940 810 1969 mes.

154 1987 262 2018 Potuit
284 1993 392 2018 tamen
413 1987 481 2018 haec
505 1998 628 2029 quoque
651 1987 809 2029 scripsisse

150 2037 277 2073 Noster,
306 2047 408 2078 neque
435 2037 479 2068 sic
505 2037 551 2067 bis
574 2036 656 2067 idem
683 2037 808 2067 dixisse.

149 2087 337 2127 Lacrymare
351 2086 433 2116 enim
448 2085 543 2128 possit
558 2085 681 2127 aliquis,
702 2085 747 2116 ita
762 2091 808 2115 ta-

149 2145 222 2165 men
238 2140 271 2165 ut
286 2135 382 2165 verba
402 2145 440 2165 ne
459 2135 682 2176 interrumpat:
708 2145 807 2176 neque

150 2183 367 2220 omittendum,
382 2184 496 2225 fletum
516 2194 577 2214 non
600 2194 719 2226 semper
743 2194 808 2214 esse

151 2243 224 2264 cum
253 2234 404 2273 lacrymis,
434 2242 535 2273 neque
566 2243 637 2263 vero
670 2232 719 2262 hic
752 2239 808 2263 est.

151 2282 270 2313 Vocem
299 2292 411 2322 nempe
441 2281 579 2323 aliquam
608 2281 810 2322 lacrymantis

150 2331 184 2362 id
207 2332 336 2362 verbum
359 2331 534 2373 significat3
560 2331 650 2372 Virg.
671 2332 744 2361 AEn.
765 2331 808 2361 iii.

150 2392 214 2412 ver.
230 2382 293 2412 344
307 2394 313 2412 ι

198 2431 286 2461 Talia
304 2430 461 2472 fundebat
487 2431 667 2471 lacrymans,
696 2431 808 2472 longos-

238 2492 292 2521 que
307 2481 402 2511 ciebat

197 2529 348 2561 Incassum
354 2530 461 2571 fletus.

153 2578 277 2609 Phaedr.
293 2578 314 2608 i.
329 2579 391 2609 fab.
406 2579 448 2609 ix.
474 2579 578 2609 Fletus
599 2580 685 2609 edens
707 2589 812 2619 graves

153 2630 244 2668 lepus.
273 2628 350 2659 Val.
368 2627 474 2659 Flacc.
489 2627 522 2658 ii.
538 2638 604 2658 ver.
625 2629 684 2657 172
699 2639 704 2657 :
734 2628 810 2657 Can-

152 2677 349 2718 densoefletns
363 2684 490 2708 acuunt.
524 2676 634 2707 Cicero
648 2687 703 2718 pro
718 2676 812 2706 Plan-

153 2726 219 2756 cio:
246 2725 317 2756 Non
337 2728 420 2757 modo
442 2726 652 2767 lacrymulam,
668 2726 716 2755 sed
735 2725 813 2755 mul-

199 2775 300 2805 VOL.
315 2774 360 2804 ΙΙ.

877 1748 921 1772 tas
948 1743 1095 1782 lacrymas
1115 1747 1144 1771 et
1161 1741 1272 1781 fletum
1302 1751 1369 1770 cum
1397 1740 1536 1781 singultu

876 1793 975 1821 videre
995 1791 1128 1830 potuisti.
1174 1790 1288 1820 Noster
1306 1788 1441 1830 denique
1454 1789 1536 1819 Met.

876 1840 908 1871 ii.
924 1841 1004 1870 340:

922 1889 984 1919 Nec
1000 1891 1098 1919 minus
1114 1888 1257 1919 Heliades
1266 1888 1373 1929 fletus,
1386 1893 1414 1917 et
1431 1888 1536 1917 inania

962 1940 1051 1969 morli

923 1988 1065 2023 Munera,
1080 1990 1155 2018 dant
1172 1988 1328 2027 lacrymas.

1134 2036 1238 2066 Aucr.
1254 2036 1372 2066 ELECT.
1387 2035 1491 2065 ETON.

924 2087 995 2116 162.
1014 2087 1061 2116 Ad
1086 2098 1205 2127 magnos
1226 2084 1330 2124 Deos.]
1358 2084 1409 2114 Ad
1424 2084 1534 2125 Augu-

878 2140 959 2165 stum
975 2142 1005 2166 et
1022 2135 1151 2165 Liviam.

922 2234 940 2250 ἦ
970 2233 1113 2272 Corra]
1152 2233 1251 2263 Cottae
1279 2231 1463 2262 Messallino
1487 2232 1535 2262 Μ.

878 2281 995 2313 Valerii
1018 2282 1164 2312 Messalae
1190 2281 1326 2317 Corvini,
1349 2282 1477 2312 oratoris
1499 2282 1536 2312 il-

877 2331 937 2362 lius
954 2331 1076 2366 summi,
1092 2331 1166 2368 filio,
1177 2331 1230 2372 qui
1247 2331 1411 2372 adoptione
1423 2330 1454 2361 in
1468 2331 1535 2362 Au-

877 2380 984 2410 reliam
1014 2386 1139 2421 gentem
1170 2379 1364 2415 transiverat,
1396 2380 1479 2410 unde
1504 2386 1536 2411 et

878 2430 978 2460 Cottae
996 2440 1166 2470 cognomen
1181 2429 1237 2460 sibi
1255 2429 1396 2459 adscivit.
1432 2430 1533 2466 Quem

877 2485 1058 2514 memorant,
1075 2479 1159 2509 Pers.
1175 2479 1240 2508 Sat.
1254 2477 1285 2508 ii.
1302 2478 1362 2516 723
1385 2476 1534 2508 Juvenal.

877 2528 942 2558 Sat.
957 2528 1010 2559 vii.
1024 2530 1083 2567 753
1109 2528 1190 2558 Plin.
1206 2527 1262 2558 lib.
1279 2538 1308 2557 x.
1324 2537 1393 2568 cap.
1406 2528 1458 2557 20.

920 2579 951 2607 2.
969 2578 1059 2607 Missa
1076 2579 1113 2607 sit
1130 2584 1163 2607 ut
1178 2576 1271 2616 rerem]
1295 2576 1385 2606 Salus
1401 2585 1471 2605 vere
1487 2574 1535 2604 di-

878 2626 956 2657 citur
972 2625 1063 2662 mitti,
1080 2637 1177 2667 quum
1192 2625 1244 2656 ille
1260 2625 1298 2655 ad
1316 2635 1407 2665 quem
1427 2623 1534 2654 scribi-

880 2686 959 2711 mus,
984 2680 1066 2705 recte
1085 2675 1178 2707 valet.
1195 2673 1457 2716 quemadmodum
1479 2683 1533 2714 op—

879 2731 991 2756 tamus.

1010 2773 1036 2803 G
1056 2784 1074 2802 G
