1760 3172
250 185 335 227 176

564 182 567 185 ’
625 185 677 226 P.
712 183 928 226 OVIDII
961 184 1244 228 NASONIS

254 299 426 362 thue
452 299 541 346 tibi
568 307 776 363 prosunt
803 307 953 355 arteS‚
981 298 1212 356 facunde,
1241 294 1442 357 severae,

319 376 601 423 Dissimiles
628 375 723 422 illis
749 376 820 422 sic
847 391 1062 423 nocuere
1087 376 1224 424 mihi.

248 452 366 500 Vita
389 459 557 500 tamen
581 452 670 499 tibi
692 459 811 499 nota
834 467 947 498 mea
970 459 1074 499 est:
1116 453 1214 500 scis
1241 453 1431 500 artibus
1457 454 1554 501 illis

317 529 548 577 Auctoris
575 544 737 576 mores
763 529 1064 576 abstinuisse
1090 529 1195 586 sui;
1580 534 1644 578 60

251 605 362 653 Scis
382 613 523 654 vetus
543 607 636 653 hoc
657 605 827 668 juveni
854 606 1018 651 lusum
1045 605 1165 652 mihi
1191 621 1409 662 carmen,
1428 614 1480 654 et
1498 607 1638 663 istos,

317 683 388 731 Ut
412 701 509 731 non
532 683 825 738 laudandos,
853 683 924 729 sic
949 689 1118 730 tamen
1143 698 1254 730 esse
1275 684 1433 746 jocos.

249 759 400 823 Ergo,
429 767 484 807 ut
507 759 706 807 defendi
733 759 867 805 nullo
894 774 1006 806 mea
1030 775 1178 822 posse
1204 760 1385 816 colore,

318 837 402 884 Sic
427 836 655 884 excusari
681 835 887 882 crimina
909 851 1058 899 posse
1084 843 1221 899 puto.

249 913 362 969 Qua
385 921 545 978 potes,
569 929 783 970 excusa;
824 929 917 960 nec
944 913 1089 960 amici
1115 914 1289 961 desere
1314 929 1545 962 causam:
1575 916 1640 960 65

314 991 427 1046 Quo
452 992 580 1038 bene
605 989 817 1054 coepisti,
845 990 916 1037 sic
944 990 1073 1054 pede
1099 1005 1298 1054 semper
1323 1007 1425 1038 eas.

729 1311 1049 1360 ELEGIA.
1104 1313 1170 1361 x.
1228 1296 1233 1299 ’

249 1452 354 1500 EST
380 1452 728 1516 mihi‚sitque,
755 1468 947 1516 precor,
970 1452 1110 1500 flavae
1137 1453 1294 1501 tutela
1319 1453 1559 1502 Minervae

315 1529 498 1587 Navis;
539 1537 590 1577 et
614 1545 643 1577 a
667 1530 805 1594 picta
828 1530 1024 1577 casside
1050 1547 1232 1579 nomen
1258 1531 1426 1578 habet.

287 1695 341 1725 57.
357 1695 444 1724 Artes
453 1694 585 1735 sevena]
610 1693 671 1725 Vel
682 1692 910 1737 philosophiam

244 1744 332 1780 dicit,
349 1744 399 1775 vel
422 1743 573 1785 ingenuas
592 1743 774 1786 disciplinas
794 1749 826 1774 et
845 1748 910 1774 stu-

244 1793 298 1823 dia
313 1793 511 1834 eloquentiae.

288 1843 340 1873 58.
371 1842 537 1872 Dissimiles
561 1841 650 1882 illis.]
687 1840 773 1879 Quia
798 1846 909 1872 nostrae

243 1898 325 1923 artes
341 1902 401 1922 non
416 1897 488 1922 sunt
502 1901 629 1922 severae.

287 1941 340 1972 59.
378 1941 441 1971 Scis
469 1942 585 1971 artibus
615 1940 702 1980 illis.]
742 1939 843 1970 Libris
869 1939 908 1970 de

242 1989 321 2021 Arte
341 1989 479 2021 amandi.
526 1989 645 2020 Eodem
665 1989 757 2020 modo
779 1995 909 2020 excusat

243 2050 288 2075 se,
304 2039 358 2070 lib.
373 2039 405 2069 ii.
422 2039 461 2069 ad
477 2038 669 2080 Augustum,
688 2049 751 2069 ver.
768 2040 849 2070 353:

245 2088 341 2119 Crede
363 2089 446 2124 mihi,
472 2089 587 2119 distant
610 2099 700 2119 mores
728 2101 745 2118 a
774 2090 908 2119 carmine

329 2144 428 2168 nostro
436 2149 446 2174 ‚-

248 2186 315 2216 Vita
330 2188 497 2217 verecunda
511 2193 564 2222 est,
578 2197 660 2216 musa
667 2188 767 2226 jocosa
780 2198 841 2217 mea
854 2194 905 2217 est.

241 2235 293 2266 Sic
309 2241 342 2265 et
357 2235 502 2266 Catullus
517 2235 556 2266 ad
572 2234 680 2265 Aurel.
694 2235 767 2265 xvii.
780 2238 819 2266 5:

287 2284 367 2314 Nam
383 2290 495 2314 castum
513 2295 569 2314 esse
584 2286 665 2314 decet
679 2286 763 2323 pium
775 2291 891 2324 poetam

287 2332 399 2374 Ipsum,
416 2334 575 2364 versiculos
592 2334 668 2363 nihil
686 2345 797 2364 necesse
811 2341 863 2364 est.

285 2383 337 2413 66.
375 2383 441 2417 Quo
466 2384 536 2413 bene
559 2384 695 2424 cavisti]
733 2384 815 2414 Satis
840 2384 906 2415 haec

242 2430 319 2462 mihi
329 2431 482 2462 cohaerere
492 2431 637 2462 videntur
647 2433 766 2474 praeced
772 2433 905 2469 entibus,

242 2481 267 2510 si
283 2480 478 2522 transpositis
494 2480 597 2511 verbis
610 2481 676 2512 haec
690 2481 791 2523 elegia
806 2482 838 2512 in
853 2493 905 2513 vo-

242 2535 307 2560 tum
331 2528 370 2560 de
392 2539 536 2571 processu
554 2535 585 2559 et
602 2530 792 2561 incremento
811 2531 905 2562 hono-

242 2589 308 2609 rum
324 2577 416 2608 amici
431 2577 564 2615 desinat,
581 2584 612 2609 et
627 2579 768 2620 legatur:

264 2627 312 2657 Sic
327 2628 397 2657 bene
411 2628 522 2666 coepisti
537 2638 592 2668 quo
604 2629 689 2667 pede,
701 2639 811 2668 semper
819 2639 882 2659 eas:

243 2675 290 2706 vel
303 2687 310 2712 ;

263 2724 313 2755 Sic
325 2726 398 2764 pede
413 2726 523 2765 coepisti
538 2736 594 2765 quo
603 2726 684 2761 bene,
696 2736 805 2766 semper
815 2737 862 2756 eas
872 2737 882 2763 ,⁴

979 1699 1014 1725 ut
1033 1694 1115 1725 MSS
1137 1694 1264 1736 plurimi
1287 1694 1423 1738 positum
1443 1696 1510 1726 τῶν
1525 1695 1596 1725 bene
1610 1699 1641 1725 et

975 1745 1049 1783 pede
1064 1743 1198 1775 variant.
1244 1744 1361 1774 Burin.

1024 1843 1051 1872 1.
1076 1842 1250 1882 Miner-vm]
1278 1841 1430 1872 Minervae
1442 1840 1642 1873 simulacrum

977 1891 1066 1922 navis
1075 1891 1196 1933 insigne
1207 1897 1238 1922 et
1249 1891 1359 1922 tutela.
1397 1891 1548 1922 Solebant
1557 1891 1641 1922 enim

977 1941 1009 1971 in
1039 1941 1171 1972 navibus
1200 1940 1255 1971 Dii
1285 1939 1385 1982 pingi,
1416 1946 1452 1970 ut
1485 1940 1640 1975 Minerva,

976 1990 1103 2032 Apollo,
1119 1997 1150 2022 et
1169 1990 1233 2027 aJii,
1249 1990 1280 2020 in
1298 2000 1430 2032 quorum
1452 1989 1552 2020 tutela
1574 1999 1641 2020 esse

977 2050 1089 2071 navem
1102 2040 1260 2071 volebant.
1305 2039 1379 2070 Non
1395 2049 1461 2070 esse
1477 2038 1561 2070 idem
1577 2050 1640 2070 πα-

975 2089 1126 2130 ράσημον
1148 2095 1180 2120 et
1201 2088 1332 2120 tutelam
1355 2089 1454 2124 navis,
1470 2093 1502 2118 et
1525 2086 1557 2118 in
1580 2087 1639 2118 hac

976 2139 1134 2169 Ovidiana
1156 2138 1239 2173 navi,
1255 2137 1388 2169 tutelare
1412 2147 1528 2168 numen
1547 2137 1640 2168 fuisse

975 2187 1166 2222 Minervam,
1181 2198 1218 2217 ex
1230 2185 1454 2218 consuetudine
1470 2185 1566 2228 puppi
1582 2185 1641 2215 im-

975 2236 1108 2277 positam
1122 2238 1132 2266 7.
1155 2236 1279 2277 galeam
1296 2241 1401 2265 autem
1415 2235 1582 2270 Minervae,
1593 2234 1639 2265 in-

974 2284 1073 2326 signe,
1089 2295 1143 2316 seu
1162 2283 1362 2326 παράσημον
1378 2282 1478 2314 navis.
1533 2282 1641 2314 Tutela

979 2334 1133 2364 Minerrae.
1179 2333 1328 2364 Continet
1344 2333 1410 2363 haec
1426 2332 1536 2373 Elegia
1546 2332 1639 2363 breve

975 2383 1133 2425 quoddam
1157 2381 1403 2424 hodoiporicum‚
1425 2382 1490 2413 sive
1512 2381 1639 2413 itinera-

974 2432 1053 2463 rium
1067 2439 1180 2473 poetae,
1191 2442 1252 2462 non
1267 2431 1394 2473 quidem
1409 2431 1504 2462 totius
1517 2431 1638 2472 prosec-

974 2481 1066 2512 tionis
1092 2481 1159 2522 ejus
1185 2491 1203 2511 a
1229 2480 1331 2511 Roma
1354 2480 1386 2510 in
1415 2480 1561 2516 Pontum,
1583 2480 1637 2512 sed

973 2537 1126 2571 quantum
1149 2530 1215 2572 ejus
1241 2530 1280 2559 ab
1302 2529 1508 2570 Hellesponto
1534 2528 1574 2560 ad
1593 2528 1638 2559 lo-

973 2589 1045 2610 cum
1074 2578 1174 2610 exsilii
1203 2578 1359 2619 reliquum
1382 2578 1451 2609 fuit.
1509 2577 1639 2609 Orditur

973 2634 1079 2659 autem
1095 2638 1113 2658 a
1131 2627 1223 2659 laude
1239 2627 1327 2658 navis
1345 2627 1430 2669 ejus:
1455 2637 1491 2658 ac
1513 2625 1638 2658 Merula

972 2677 1004 2708 in
1029 2687 1066 2708 ea
1085 2676 1228 2719 opinione
1251 2683 1309 2714 est,
1325 2683 1360 2708 ut
1386 2682 1476 2718 putet
1497 2676 1537 2708 de
1560 2676 1637 2706 dua-

972 2728 1030 2758 bus
1053 2726 1292 2768 intelligendum
1315 2737 1402 2765 esse5
1426 2736 1485 2768 ego
1507 2726 1546 2757 de
1562 2735 1636 2761 una,
