1760 3172
165 177 250 218 280
562 173 612 214 Ρ.
646 171 860 214 OVIDII
894 170 1176 213 NASONIS

171 291 518 353 Supremoque
543 288 625 336 die
652 294 823 335 notum
851 285 1134 350 spectantia
1158 287 1339 334 coelum

235 366 506 414 Texissent
530 364 673 427 digiti
698 363 888 410 lumina
913 369 1084 409 nostra
1108 363 1180 409 tui
1201 363 1210 409 !

170 442 236 490 Et
261 443 384 490 cinis
411 443 457 488 in
485 442 676 489 tumulo
702 440 896 504 positus
915 440 1160 504 jacuisset
1185 441 1332 496 avito,

235 519 494 582 Tectaque
520 517 745 566 nascenti
772 532 952 580 corpus
977 516 1186 564 haberet
1209 517 1416 564 humus!

170 598 404 660 Denique
430 604 496 652 et,
523 603 579 643 ut
603 595 720 649 vixi,
751 595 857 641 sine
890 593 1096 641 crimine
1122 601 1347 641 mortuus
1373 594 1562 641 essem!

238 675 385 722 Nunc
411 690 523 721 mea
547 672 793 737 supplicio
818 671 919 718 vita
944 670 1181 734 pudenda
1205 687 1296 718 suo
1322 678 1415 718 est.

171 751 257 799 Me
283 752 536 806 miserum,
565 750 606 797 si
632 758 701 820 tu,
730 764 885 812 quum
912 748 1092 795 diceris
1119 748 1307 795 exsulis
1337 764 1474 804 uxor,

236 828 434 876 Avertis
460 821 662 905 vultuss'
672 834 723 874 et
749 825 884 873 subit
909 841 993 872 ora
1018 825 1192 872 rubor!

170 906 258 953 Me
284 907 537 961 miserum,
567 905 607 951 si
633 911 778 967 turpe
804 910 952 967 putas
978 902 1099 948 mihi
1125 909 1283 965 nupta
1306 901 1461 949 videri
1483 920 1494 960 3

239 983 326 1031 Me
352 983 606 1038 miserum,
635 982 675 1028 si
701 988 751 1029 te
771 982 875 1044 jam
903 979 1059 1043 pudet
1083 995 1194 1026 esse
1220 979 1409 1026 meam!

173 1061 395 1124 Tempus
421 1059 506 1106 ubi
533 1066 611 1106 est
636 1059 775 1114 illud,
804 1075 904 1122 quo
929 1074 1008 1104 me
1028 1058 1221 1120 jactare
1247 1057 1444 1104 solebas

239 1128 606 1200 Conjugejnec
632 1153 815 1184 nomen
840 1134 1154 1182 dissimulare
1179 1134 1302 1180 viri?

171 1215 392 1278 Tempus
412 1207 497 1260 ubi
522 1220 614 1269 est,
636 1230 736 1277 quo
759 1221 825 1267 te,
848 1212 941 1259 nisi
962 1213 1003 1259 si
1022 1211 1152 1273 fugis
1174 1211 1259 1258 illa
1278 1210 1474 1267 referre,
1503 1214 1566 1259 55

240 1292 306 1340 Et
330 1292 427 1339 dici
454 1292 674 1347 memini,
697 1291 826 1354 juvit
850 1298 901 1338 et
926 1306 1038 1338 esse
1063 1289 1259 1336 meam?

174 1369 345 1433 thue
379 1369 548 1432 probae
587 1369 794 1432 dignum
827 1375 919 1425 est,
948 1367 1083 1415 omni
1117 1366 1207 1414 tibi
1241 1367 1360 1414 dote
1398 1366 1565 1429 place-

239 1446 477 1494 Addebat
500 1446 628 1493 veris
654 1447 812 1494 multa
835 1446 1046 1494 faventis
1073 1460 1225 1494 amor.
1397 1443 1534 1506 [bam
1554 1461 1564 1491 ε

1497 443 1561 488 45

1503 828 1567 872 50

171 1589 262 1621 Bion.
287 1589 382 1631 myli.
403 1590 423 1620 i.
442 1591 494 1621 48.
519 1590 626 1632 ibique
656 1592 776 1623 Heskin
806 1598 849 1633 et-
863 1577 892 1634 ,Ῐκ
905 1592 1041 1635 optimus
1056 1590 1241 1622 Mediceus:

170 1639 347 1670 Schwebel.
364 1641 583 1671 Burmannum
603 1641 634 1671 ii.
652 1641 692 1672 ad
706 1641 838 1673 Anthol.
953 1642 1077 1680 Tempus
1092 1641 1142 1670 ubi
1158 1647 1212 1676 est,
1231 1652 1286 1681 quo
1309 1646 1348 1676 te,
1366 1641 1425 1670 ‘uisi
1443 1639 1570 1682 nonfu-

170 1689 245 1719 Vet.
263 1689 335 1719 Lat.
350 1688 394 1719 iii.
409 1689 468 1730 Ep.
480 1689 554 1720 219.
571 1701 601 1720 v.
615 1691 665 1721 15.
712 1691 759 1720 Ex
778 1691 837 1722 hoc
990 1691 1037 1731 gis
1051 1691 1106 1719 illa
1120 1690 1245 1731 referre.

171 1737 377 1768 humanitatis
392 1738 513 1768 ultimae
535 1738 619 1780 apud
633 1745 754 1770 veteres
769 1740 836 1770 offi-

172 1786 219 1816 cio
235 1785 328 1816 facile
342 1797 506 1827 possumus
521 1798 720 1827 cognoscere,
736 1799 838 1830 neque

171 1835 394 1866 correctionem
409 1835 616 1866 Heinsianam
627 1848 716 1876 prope
727 1844 767 1872 te,
782 1846 838 1867 nec

172 1883 398 1914 Burmanniam
419 1891 498 1914 cei-te
517 1895 583 1915 esse
601 1885 840 1916 admittendam.

173 1931 289 1963 Confer
304 1943 398 1974 supra
412 1932 456 1963 iii.
470 1934 500 1964 3.
513 1934 563 1965 40.
575 1944 646 1976 sqq.
662 1934 768 1976 ibique
785 1935 838 1966 ad-

173 1987 291 2012 notata.
324 1981 474 2013 HARLl-:s.

216 2031 268 2061 46.
298 2030 448 2070 Tectaque
487 2032 649 2072 nascenti]
692 2031 842 2063 Solebant

172 2078 319 2114 infantes,
344 2079 436 2110 simul
460 2090 496 2110 ac
521 2079 597 2111 editi
619 2087 731 2116 essent,
755 2081 841 2112 humi

172 2126 342 2169 deponere,
371 2134 404 2158 et
426 2129 529 2170 Opem
555 2129 658 2160 Deam
683 2130 840 2166 invocare,

173 2187 243 2218 quae
265 2177 468 2208 nascentibus
489 2188 579 2219 opem
603 2178 706 2209 ferret.
754 2180 842 2216 Quos

173 2231 280 2257 autem
311 2226 395 2257 alere
425 2226 640 2263 decreverant,
665 2239 718 2259 eos
746 2227 841 2259 humo

172 2274 339 2311 tollebant,
350 2275 401 2306 cui
417 2275 461 2306 rei
472 2276 576 2306 Deam
588 2276 746 2308 Levanam
762 2287 842 2319 prae-

171 2324 340 2355 ficiebant:
358 2335 427 2366 quae
444 2324 512 2356 scil.
525 2325 630 2367 pueris
645 2326 684 2357 de
702 2333 782 2357 terra
797 2325 842 2357 le-

173 2373 287 2405 vandis
303 2380 465 2415 praeesset.
499 2375 604 2406 PoxT.

217 2425 268 2455 55.
289 2423 414 2464 Tempus
433 2425 484 2454 ubi
503 2431 556 2460 est,
571 2437 627 2465 quo
644 2431 682 2461 te,
701 2426 759 2455 nisi
786 2436 843 2455 uon

174 2474 217 2503 vis
239 2473 295 2503 illa
317 2473 461 2513 referri]
500 2473 624 2504 Primus
648 2473 843 2505 Vaticanus:

221 2521 345 2562 Tempus
363 2524 415 2552 ubi
433 2528 474 2552 est
496 2524 586 2558 illud,
606 2535 662 2564 quo
682 2524 844 2566 nonfugz's

262 2573 318 2601 illa
337 2572 471 2613 referi-m

175 2620 292 2662 primus
311 2621 458 2652 Politiani
476 2628 507 2653 et
520 2622 638 2663 primus
654 2621 819 2653 Palatinus
833 2634 838 2651 :

221 2670 344 2710 Tempus
362 2671 412 2700 nbi
432 2677 473 2701 est
497 2672 588 2708 illud,
612 2683 678 2712 quo,
705 2673 735 2702 ni
750 2672 842 2712 sugis

263 2720 316 2749 illa
334 2719 467 2760 referre,-

907 1738 960 1770 alii
976 1739 1076 1775 aliter,
1093 1739 1147 1770 sed
1163 1738 1288 1780 longius
1304 1748 1322 1768 a
1338 1737 1479 1780 vestigiis
1491 1748 1571 1769 verae

906 1787 1078 1829 scripturae,
1095 1798 1190 1829 quam
1206 1798 1281 1818 ecce
1295 1801 1300 1818 ε

954 1837 1078 1876 Tempus
1094 1838 1144 1866 ubi
1164 1843 1218 1871 est,
1237 1848 1292 1876 quo
1309 1843 1336 1867 te
1351 1836 1426 1877 (uisi
1444 1836 1573 1878 sisugis

995 1887 1048 1915 illa
1067 1885 1198 1926 referre)
1333 1883 1335 1885 ¹

955 1935 993 1964 Et
1007 1936 1067 1965 dici
1084 1936 1309 1975 memini,juvit
1323 1941 1350 1964 et
1367 1946 1422 1965 esse
1439 1937 1551 1965 meam?

909 1984 946 2014 τὸ
968 1985 1025 2015 nisi
1043 1986 1066 2014 si
1086 1983 1200 2025 passim
1221 1989 1401 2025 corruptum
1421 1990 1467 2015 est
1488 1984 1572 2027 apud

910 2033 1007 2064 Ovid.
1043 2034 1170 2075 Referre
1188 2044 1243 2075 pro
1265 2033 1451 2069 meminisse,
1468 2044 1569 2065 recor-

910 2082 987 2113 dari.
1006 2082 1100 2124 Fugis
1113 2082 1236 2125 referre,
1247 2092 1302 2124 pro
1312 2082 1437 2112 metuis.
1453 2083 1572 2114 Ilmxs.

953 2132 1004 2162 57.
1025 2131 1122 2172 thue
1140 2132 1230 2171 proba
1255 2133 1381 2173 (liguum
1401 2131 1468 2172 est.]
1497 2132 1572 2162 Pro—

909 2182 949 2211 bzf
965 2180 1091 2222 plurimi
1102 2192 1138 2211 ex
1152 2180 1420 2222 castigatioribus;
1435 2181 1551 2221 optime
1564 2194 1570 2212 :

909 2230 989 2271 regit
1013 2230 1095 2261 enirn
1111 2240 1148 2260 ea
1164 2241 1222 2260 vox
1242 2240 1303 2260 non
1325 2229 1499 2261 secundum
1514 2230 1573 2261 mi-

909 2290 979 2315 nus,
1002 2290 1096 2320 quam
1119 2285 1243 2310 sextum
1268 2289 1386 2310 casum.
1431 2280 1575 2312 Adeatur

910 2328 1127 2360 exactissimus
1148 2328 1278 2359 Vossius
1304 2339 1395 2371 opere
1419 2339 1573 2370 gramma-

910 2376 983 2413 tico,
995 2377 1050 2408 lib.
1062 2377 1082 2407 i.
1097 2377 1135 2408 de
1147 2377 1398 2414 constructione,
1409 2388 1436 2408 c.
1448 2378 1489 2409 xi.
1502 2378 1573 2410 vide

910 2432 942 2457 et
958 2426 1097 2457 Nonium
1113 2426 1145 2457 in
1159 2436 1197 2457 ea
1212 2436 1307 2465 voce5
1324 2426 1413 2468 Virg.
1429 2427 1503 2458 AEn.
1515 2427 1572 2458 xii.

913 2476 987 2507 649.

954 2526 1008 2556 58.
1026 2525 1163 2555 Addebat
1182 2524 1286 2565 veris]
1315 2525 1355 2555 Et
1370 2534 1442 2556 vera
1461 2523 1500 2556 de
1522 2535 1572 2556 me

911 2574 1122 2615 praedicabas;
1147 2580 1177 2605 et
1194 2574 1272 2605 falsa
1285 2574 1379 2605 etiam
1396 2585 1457 2605 non
1472 2584 1573 2616 pauca

911 2623 991 2655 veris
1017 2623 1224 2666 adjungebas,
1251 2634 1313 2665 quo
1339 2629 1368 2655 te
1398 2624 1570 2655 beatiorem

911 2674 1039 2705 faceres.
1073 2674 1178 2705 Poxr.
