1760 3172
230 178 315 220 320
617 178 666 219 Ρ.
701 178 911 220 OVIDII
948 179 1224 221 NASONIS

231 293 360 340 Nam
385 293 518 356 quod
543 309 662 356 opes
688 300 854 340 teneat
879 294 1076 357 patrias,
1095 296 1231 358 quod
1251 296 1448 343 nomina
1466 297 1602 352 civis,

296 369 526 433 Denique
552 370 684 432 quod
709 370 856 426 vivat,
884 387 1061 418 munus
1087 372 1268 419 habere
1296 372 1406 420 Dei.

228 446 298 494 Te
323 454 505 502 tamen,
532 447 586 493 o!
626 446 666 493 si
693 446 813 509 quid
839 448 999 494 credis
1025 447 1143 494 mihi
1169 449 1340 504 carior,
1368 449 1465 506 ille,

296 523 556 578 OmnibuS‚
584 523 631 569 in
653 529 757 569 toto
783 530 983 586 pectore
1009 540 1204 588 semper
1228 525 1405 573 habet:

227 599 399 662 Teque
427 598 783 654 Menoetiaden,
811 607 859 646 te
886 600 971 662 qui
998 600 1249 648 comitavit
1275 601 1503 657 Oresten,
1543 606 1604 648 25

292 676 363 723 Te
387 683 530 723 vocat
555 675 781 738 AEgiden,
812 675 1188 740 Euryalumque
1215 693 1387 725 suum:

228 753 337 800 Nec
363 753 573 816 patriam
598 752 755 814 magis
781 752 862 800 ille
888 769 1028 800 suam
1053 744 1397 819 desiderans-fet
1421 771 1532 818 quae

291 829 514 876 Plurima
537 845 649 876 cum
676 829 834 892 patria
858 829 1010 876 sentit
1035 831 1210 877 abesse
1236 824 1353 888 sua3

228 907 390 962 Quam
414 907 595 963 vultus,
623 907 893 969 oculosque
918 914 1051 963 tuos,
1073 924 1100 954 o
1126 907 1318 954 dulcior
1343 908 1425 955 illo

293 984 626 1057 Mellersquod
652 984 701 1030 in
725 983 851 1030 ceris
878 971 1050 1031 Attica*
1072 984 1211 1048 ponit
1236 984 1369 1048 apis!
1544 988 1607 1032 30

229 1062 375 1126 Saepe
401 1055 566 1117 etiam,
593 1077 804 1108 moerens
829 1067 1027 1125 tempus
1053 1061 1383 1109 reminiscitur
1407 1062 1545 1118 illud,

294 1138 440 1193 Quod
467 1154 565 1184 non
590 1145 895 1201 praeventum
920 1145 1077 1185 morte
1101 1138 1254 1185 fuisse
1279 1138 1428 1185 dolet.

229 1215 497 1278 Quumque
522 1215 603 1262 alii
628 1215 855 1277 fugerent
879 1215 1055 1262 subitae
1082 1216 1312 1277 contagia
1335 1215 1506 1271 cladis,

294 1293 401 1340 Nec
427 1293 609 1340 vellent
633 1292 743 1339 ictae
768 1293 920 1340 limen
941 1293 1076 1340 adire
1101 1293 1305 1349 domus;

227 1369 298 1417 Te
324 1369 432 1425 sibi,
454 1385 566 1416 cum
592 1370 763 1433 paucis
788 1369 1013 1417 meminit
1038 1369 1280 1417 mansisse
1304 1369 1517 1426 fidelem,
1544 1373 1607 1417 35

296 1447 349 1493 Si
375 1463 559 1510 paucos
585 1447 762 1510 aliquis
788 1454 950 1495 tresve
975 1448 1160 1494 duosve
1184 1454 1343 1494 vocat.

228 1523 463 1578 Quamvis
489 1524 756 1579 adtonitus,
786 1524 942 1571 sensit
966 1531 1135 1572 tamen
1159 1524 1349 1581 omnia3
1390 1539 1480 1571 nec
1505 1531 1570 1580 te,

293 1602 359 1648 Se
385 1601 561 1656 minus,
588 1601 806 1649 adversis
832 1601 1103 1648 indoluisse
1129 1601 1247 1648 suis.

225 1678 392 1725 Verba
416 1678 557 1733 solet,
574 1679 868 1741 vultumque
888 1686 1045 1733 tuum,
1067 1678 1384 1740 gemitusque
1410 1676 1605 1733 referre,

295 1754 360 1802 Et
383 1761 432 1801 te
452 1754 620 1809 flente,
650 1771 766 1802 suos
793 1754 1075 1803 emaduisse
1102 1755 1268 1802 sinus:
1545 1758 1609 1802 40

226 1830 387 1885 Quam
412 1831 506 1878 sibi
529 1831 832 1894 praestiteris,
860 1849 960 1895 qua
984 1833 1265 1879 consolatus
1292 1832 1506 1880 amicum

296 1907 375 1954 Sis
400 1923 510 1971 ope,
538 1907 771 1954 solandus
798 1925 952 1971 quum
977 1909 1121 1955 simul
1147 1908 1255 1972 ipse
1279 1907 1425 1956 fores.

228 1984 327 2031 Pro
354 1984 536 2046 quibus
571 1983 799 2032 adfirmat
826 1974 927 2033 fore
964 2001 1017 2032 se
1053 2000 1423 2048 memoremque
1448 1985 1605 2049 pium-

294 2060 407 2108 Sive
432 2060 564 2108 diem
588 2061 769 2117 videat,
797 2062 898 2110 sive
923 2070 1117 2125 tegatur
1142 2063 1292 2109 humo
1313 2079 1324 2110 :
1465 2064 1603 2126 [que,

269 2237 321 2268 25.
347 2236 386 2267 Te
399 2238 449 2276 qui
469 2238 626 2267 comitatus
646 2237 798 2278 Orestem]
827 2237 880 2268 Co·
948 2238 1046 2280 gignit
1059 2238 1221 2281 optimum.
1267 2238 1415 2268 HAiiLEs.

226 2288 353 2316 mitatur
376 2285 532 2324 nonnulli3
555 2288 706 2317 comitavit
730 2286 883 2327 fragmen·
992 2289 1044 2318 33.
1083 2286 1257 2329 Coniugia]
1306 2286 1606 2317 Consternationem.

225 2341 291 2365 tum
303 2334 502 2365 Vaticanum.
528 2335 609 2365 Vide
623 2341 711 2365 notas
726 2334 818 2366 Trist.
829 2335 883 2365 lib.
949 2337 1059 2367 Subitae
1074 2337 1178 2366 cladis.
1224 2334 1325 2365 Subiti
1340 2334 1452 2366 exsilii.

226 2383 246 2414 i.
264 2384 351 2424 Eleg,
365 2383 429 2414 viii.
446 2394 508 2414 ver.
524 2385 575 2414 31.
607 2384 724 2414 Hnms.
772 2384 882 2415 Menae-
992 2386 1043 2416 40.
1090 2384 1308 2424 Immaduz'sse.]
1364 2383 1414 2414 Sic
1452 2383 1607 2425 rescripsit

228 2435 341 2463 tiaden.
386 2432 640 2471 Amicissimum;
662 2439 696 2464 ut
710 2433 883 2470 Patroclus,
950 2435 1057 2464 Burm.
1072 2445 1088 2464 e
1111 2439 1230 2475 septem
1255 2432 1350 2463 libris.
1400 2432 1548 2463 Heinsius
1569 2443 1606 2463 ex

227 2481 373 2512 Menoetii
389 2481 480 2517 filius,
495 2481 613 2512 Achilli
627 2482 696 2514 suit.
951 2489 1019 2514 octo
1035 2483 1163 2514 dederat
1178 2485 1349 2518 emaduisse,
1360 2481 1449 2523 cujus
1463 2482 1548 2512 verbi
1561 2488 1607 2512 ta—

269 2531 322 2560 26.
357 2531 517 2571 [Egiden]
554 2531 720 2568 Theseum,
755 2531 884 2563 Pirithoi
952 2544 1022 2563 men
1037 2532 1201 2563 auctoritas
1217 2533 1396 2562 Burmanno
1408 2531 1544 2562 nondum
1560 2541 1608 2561 sa-

228 2581 373 2614 amicum,
392 2580 483 2620 AEgei
504 2579 612 2611 filium.
660 2581 885 2621 Enryalmnque
952 2582 991 2612 tis
1013 2582 1101 2611 firma
1123 2586 1180 2612 est.
1210 2581 1249 2611 cs.
1266 2580 1310 2611 iii.
1327 2581 1357 2610 4.
1372 2580 1425 2610 37.
1445 2590 1491 2620 sq.
1517 2579 1607 2620 Eleg.

226 2638 322 2658 suum.
369 2628 438 2658 Nisi
454 2634 485 2659 et
500 2628 626 2669 Euryali
638 2639 723 2660 amor
733 2635 822 2660 notus
838 2637 884 2660 est
951 2633 980 2662 5.
1000 2632 1047 2662 ll.
1063 2641 1132 2672 sqq.
1177 2630 1326 2660 HAnLEs.

227 2677 364 2707 carmine
382 2676 564 2718 Virgiliauo.
993 2680 1044 2710 44.
1068 2679 1134 2709 Sive
1148 2680 1223 2709 diem
1238 2677 1365 2717 videan]
1389 2677 1462 2707 Sive
1478 2676 1574 2706 vivat.

271 2726 322 2755 30.
345 2725 458 2756 Attica:
491 2736 588 2762 mons,
613 2725 790 2767 Hymettus,
821 2728 881 2758 mel
