1760 3172
265 319 550 370 PUBLII
615 314 885 365 OVIDII
950 313 1306 361 NASONIS

563 476 1004 537 TRISTIUM

500 638 727 677 LIBER
776 636 1074 674 PRIMUS.

656 793 918 826 —-··⁴-—-

616 933 780 965 ELEGIA
803 931 962 964 PRIMA.

94 1013 361 1078 PARVE,
392 1037 484 1069 nec
514 1020 727 1076 invideo,
763 1021 869 1066 sine
902 1035 998 1075 me,
1029 1018 1169 1075 liber,
1206 1020 1300 1067 ibis
1330 1021 1378 1067 in
1409 1038 1487 1068 ur-

163 1099 259 1147 Hei
285 1099 431 1146 mihi!
471 1115 571 1162 quo
596 1097 797 1145 domino
823 1113 922 1144 non
948 1097 1067 1145 licet
1092 1097 1161 1145 ire
1187 1104 1289 1145 tuo.
1321 1100 1485 1160 [bem3

94 1176 252 1232 Vade,
281 1176 369 1224 sed
395 1175 632 1231 incultus,
660 1175 861 1238 qualem
888 1175 1037 1222 decet
1061 1175 1251 1222 exsulis
1278 1193 1418 1235 esse3

163 1253 362 1310 Infelix,
389 1253 617 1301 habitum
642 1252 881 1317 temporis
907 1252 1056 1316 hujus
1082 1253 1229 1300 habe.

98 1329 206 1378 Nec
233 1336 283 1377 te
309 1346 559 1394 purpureo
584 1330 752 1377 velent
779 1329 1003 1376 vaccinia
1027 1329 1169 1387 fuco;
1460 1333 1490 1376 5

166 1407 281 1454 Non
305 1413 385 1454 est
409 1407 710 1455 conveniens
736 1406 956 1454 luctibus
983 1407 1063 1454 ille
1090 1407 1241 1454 color.

98 1481 208 1530 Nec
235 1483 410 1531 titulus
435 1483 604 1539 minio,
632 1499 725 1531 nec
751 1483 902 1530 cedro
929 1484 1103 1531 charta
1127 1491 1353 1538 notetur;

165 1559 398 1608 Candida
422 1576 514 1608 nec
541 1561 683 1622 nigra
706 1575 893 1607 cornua
916 1559 1078 1608 fronte
1104 1576 1265 1623 geras.

139 1683 158 1700 ³
181 1682 220 1712 In
235 1681 381 1724 operibus
401 1693 471 1724 quae
493 1682 601 1714 Ovidii
622 1694 758 1725 sequun-

97 1735 145 1761 tur
160 1731 368 1767 excudendis,
384 1731 486 1763 visum
504 1737 553 1763 est
568 1732 676 1775 optimi
692 1738 759 1764 tex-

96 1780 145 1811 tus
159 1780 334 1811 Lemuriani
349 1780 443 1812 fidem
457 1781 556 1823 sequi.

138 1829 335 1870 Tam-mnu]
363 1830 447 1867 Quia
462 1841 481 1861 a
495 1831 575 1862 tristi
596 1837 690 1873 atque
706 1842 758 1862 ex-

97 1879 163 1910 sule
189 1885 283 1921 poeta
313 1879 499 1922 conscripti3
533 1880 758 1922 materiamque

96 1927 215 1959 habent
243 1928 383 1960 tristem:
424 1940 526 1972 neque
556 1930 588 1961 hi
618 1931 657 1961 ab
686 1931 759 1969 illis,

98 1988 176 2019 quos
207 1977 246 2009 de
273 1981 384 2014 Ponto,
415 1989 434 2010 a
466 1979 546 2016 loco,
576 1979 760 2021 appellavit,

98 2027 272 2069 quidquam
290 2027 452 2065 differunt,
470 2028 529 2060 nisi
552 2029 636 2071 quod
658 2030 691 2060 in
713 2030 762 2060 his

98 2076 268 2108 amicorum
285 2077 419 2119 praefixit
440 2079 578 2115 nomina,
594 2085 625 2110 et
646 2079 678 2110 in
698 2079 761 2110 illis

96 2125 250 2157 Tristibus
266 2137 326 2157 non
341 2128 520 2170 praeposuit.

146 2176 173 2206 l.
199 2175 297 2206 Par-re
322 2177 424 2217 libem]
462 2177 523 2209 Vel
553 2178 650 2209 solam
680 2177 761 2209 hanc

98 2223 244 2265 elegiam,
260 2224 310 2256 vel
322 2232 405 2256 certe
419 2231 519 2257 totum
534 2237 611 2269 opus
625 2226 664 2257 de
680 2227 761 2257 Tris-

99 2272 193 2310 tibus,
209 2279 274 2310 aut,
288 2274 373 2315 quod
388 2274 490 2316 magis
500 2275 605 2317 placet
621 2275 762 2312 Ciofano,

104 2321 245 2353 Pontano
267 2328 298 2353 et
320 2322 400 2359 aliis,
421 2323 556 2364 primum
579 2324 694 2355 librum
716 2324 762 2356 in-

100 2371 220 2413 tellige.
252 2372 315 2403 Nec
331 2374 459 2409 invideo,
478 2373 540 2411 vel,
558 2384 618 2405 non
631 2374 760 2411 obsisto,

100 2431 161 2451 non
176 2426 267 2452 veto:
293 2421 342 2453 vel
361 2422 475 2463 potius,
492 2433 554 2454 non
572 2423 664 2454 doleo
679 2424 763 2465 quod

99 2470 140 2501 sis
157 2471 298 2512 exiguus,
316 2470 391 2512 quia
406 2482 468 2502 non
484 2472 543 2503 eris
559 2472 697 2504 invidiae.

144 2521 177 2550 3.
205 2520 332 2554 Qualem
355 2522 438 2551 decet
460 2523 570 2553 exsulis
587 2523 672 2563 essa]
699 2523 763 2554 Ex-

101 2567 185 2599 sules
199 2568 283 2599 enim
299 2568 331 2599 in
346 2569 490 2610 squalore
505 2577 606 2602 erant.

145 2617 176 2647 4.
200 2617 305 2656 Hujus
324 2619 486 2659 temporis]
512 2619 595 2657 Quo,
617 2631 679 2650 non
698 2620 765 2651 sine

102 2664 191 2697 luctu
217 2666 365 2703 maximo,
390 2667 507 2704 Tomis,
537 2668 717 2711 longissime
748 2681 766 2702 a

103 2716 214 2757 patria,
246 2716 343 2749 vitam
373 2727 461 2748 suam
492 2719 580 2749 Naso
611 2719 765 2762 trahebat.

1462 1577 1534 1613 .-ἦ

873 1684 904 1714 5.
931 1683 1105 1723 Vae-einim]
1133 1681 1287 1713 Vaccinia
1307 1682 1405 1713 violas
1425 1693 1493 1714 esse

829 1732 977 1773 purpurei
991 1731 1113 1768 coloris,
1128 1731 1254 1762 Servius
1265 1731 1383 1762 scribit.
1428 1732 1495 1762 Pli-

830 1780 900 1812 nius
914 1792 987 1813 vero
1002 1781 1109 1812 scribit
1126 1781 1271 1812 fruticem
1284 1791 1351 1811 esse
1367 1781 1399 1811 in
1415 1782 1494 1812 Gal-

830 1830 873 1861 lia
880 1842 1082 1874 purpureum,
1090 1830 1237 1862 idoneum
1247 1830 1286 1861 ad
1297 1830 1495 1872 tingendum.

831 1879 920 1910 Illinc·
941 1891 1066 1922 quoque
1089 1882 1182 1911 minio
1202 1880 1300 1910 habes
1324 1880 1409 1921 apud
1428 1881 1495 1911 Pli-

829 1928 926 1966 nium,
936 1929 991 1960 lib.
1003 1929 1090 1960 xxiii.
1102 1940 1130 1960 c.
1146 1930 1162 1959 7
1175 1941 1180 1959 :
1203 1929 1370 1959 Enumerat
1382 1936 1496 1961 actores

834 1979 969 2015 Verrius,
987 1981 1092 2020 quibus
1107 1981 1228 2010 credere
1241 1981 1279 2009 sit
1302 1991 1424 2015 necesse,
1442 1980 1496 2011 Jo-

830 2030 872 2058 vz's
887 2030 977 2068 ipsius
993 2029 1276 2071 simulacrifaciem
1297 2030 1496 2070 diebztsjbstis

830 2080 921 2109 minio
954 2080 1036 2109 illini
1064 2080 1180 2109 solitam
1217 2079 1497 2120 triumphantiaque

830 2139 963 2168 corpora.
987 2133 1006 2145 “
1018 2129 1211 2159 Perunctum
1223 2127 1315 2159 cedro
1327 2127 1493 2159 libellum'’

830 2176 910 2208 dixit
922 2178 1020 2209 Mart.

875 2227 904 2257 7.
920 2227 984 2257 Nec
1001 2228 1112 2258 titulus
1127 2226 1245 2267 minim]
1273 2226 1496 2268 Inscriptiones

830 2281 862 2305 et
885 2275 969 2306 tituli
995 2275 1161 2317 elegantiae
1186 2286 1281 2306 causa
1304 2275 1422 2305 fiebant
1445 2286 1496 2306 ru-

831 2324 928 2360 brica,
953 2324 1011 2355 hoc
1036 2331 1092 2360 est,
1113 2323 1220 2360 minio,
1247 2331 1301 2355 aut
1323 2324 1496 2355 cinnabari.

832 2374 919 2405 Gall.
949 2374 1122 2405 Vermillon.
1140 2374 1177 2404 P.
1196 2374 1260 2404 Nec
1279 2375 1367 2404 cedro
1389 2375 1496 2404 charta

833 2430 966 2454 notetur.
1012 2423 1134 2454 Cedrus
1155 2423 1244 2454 arbor
1268 2428 1326 2458 est,
1349 2433 1418 2464 quae
1441 2433 1495 2454 ca-

832 2472 908 2503 riem
925 2478 956 2503 et
970 2478 1159 2504 vetustatem
1175 2483 1237 2503 non
1252 2472 1357 2503 sentit.
1404 2472 1497 2503 Mssn.

832 2522 944 2558 Succo,
971 2527 1026 2552 aut
1055 2522 1124 2553 oleo
1153 2521 1280 2552 cedrino
1316 2521 1498 2552 linebantur

833 2570 960 2607 chartae,
982 2570 1210 2606 diuturnitatis,
1235 2576 1267 2601 et
1288 2571 1497 2601 conservatio-

833 2621 881 2651 nis
896 2630 914 2650 a
928 2619 1022 2655 carie,
1038 2625 1069 2650 et
1091 2619 1194 2650 odoris
1213 2630 1296 2661 ergo.
1342 2618 1425 2650 Plin.
1441 2618 1496 2649 lib.

835 2669 897 2700 xvi.
913 2680 983 2711 cap.
999 2669 1053 2699 29.

878 2720 907 2751 8.
940 2719 1077 2749 Candida
1108 2717 1250 2758 cornum]
1294 2718 1413 2748 Cornua
1441 2727 1498 2758 ap-
