1760 3172
392 180 483 221 EX
517 180 727 221 PONTO
761 179 880 220 LIB.
914 180 977 221 II.
1010 180 1202 222 EPIST.
1237 180 1301 221 ΙΙ.

1455 180 1540 221 405

158 293 386 342 Praeterit
409 295 516 358 ipse
541 311 657 342 suos
683 295 846 342 animo
874 295 1202 342 Germanicus
1229 311 1401 351 annos,

226 370 274 417 N
278 387 335 419 ec
359 371 495 434 vigor
519 379 597 419 est
623 371 774 418 Drusi
799 372 1054 419 nobilitate
1079 371 1251 418 minor.

155 446 302 495 Adde
323 464 472 494 nurus
492 455 769 512 neptesque
788 448 912 511 piaS‚
930 455 1174 510 natosque
1193 455 1444 512 nepotum,
1473 450 1534 496 75

224 524 521 588 Caeteraque
546 525 785 588 Augustae
811 525 1032 571 membra
1054 525 1218 571 valere
1239 526 1414 571 domus
1437 542 1447 572 :

127 663 139 673 ἢ
155 599 300 648 Adde
325 602 653 665 triumphatos
679 603 826 649 modo
854 602 1078 659 Paeonas,
1107 602 1235 649 adde
1261 601 1416 664 quieti

225 678 437 726 Subdita
460 686 708 726 montanae
733 679 935 726 brachia
961 678 1240 726 Dalmatiae.

157 754 204 801 N
209 771 266 802 ec
292 756 559 819 dedignata
584 764 662 804 est
686 757 896 820 abjectis
925 757 1093 820 Illyris
1119 756 1267 803 armis

223 832 509 880 Caesareum
534 834 716 881 famulo
741 834 922 881 vertice
946 833 1071 880 ferre
1096 833 1293 896 pedem.

1471 833 1533 877 80

155 909 272 973 Ipse
296 927 445 974 super
468 927 681 967 currum,
709 911 903 974 placido
929 910 1214 975 spectabilis
1239 924 1338 963 ore,

220 987 468 1052 Tempora
491 988 715 1036 Phoebea
738 989 924 1051 virgine
949 1004 1078 1035 nexa
1101 987 1241 1034 tulit:

196 1153 247 1183 73.
266 1153 435 1195 Praeterit.]
462 1154 493 1185 h.
508 1166 536 1185 e.
563 1154 666 1186 fortior
693 1160 724 1185 et
745 1156 810 1186 ani-

153 1203 265 1234 mosior
279 1209 336 1240 est,
351 1215 443 1245 qnam
463 1215 517 1246 pro
534 1210 626 1235 aetate
648 1215 715 1235 sua.
761 1205 811 1235 De

154 1252 259 1283 sobole
287 1252 422 1294 Augusti
448 1253 566 1284 multus
592 1259 639 1284 est
662 1253 812 1296 Micyllus

153 1300 194 1332 ad
219 1301 250 1333 h.
264 1301 286 1332 l.
311 1303 382 1333 vide
410 1303 505 1333 etiam
527 1304 698 1334 Stemmata
721 1304 811 1334 editt.

154 1350 256 1381 Taciti
285 1357 317 1382 et
343 1352 481 1383 Suetonii
505 1353 544 1383 ab
574 1352 697 1383 Ernesti
721 1354 761 1385 V.
776 1354 813 1384 C.

154 1401 312 1432 adornatis
330 1403 507 1444 subjuncta.
545 1403 751 1434 Germanicus
767 1409 813 1435 est

153 1450 237 1482 filius
266 1452 373 1488 Drusi,
401 1452 502 1483 fratris
531 1452 657 1486 Tiberii.
685 1454 724 1484 ab
755 1453 811 1484 hoc

148 1501 238 1543 jussu
262 1500 398 1542 Augusti
427 1502 611 1544 adoptatus:
637 1513 707 1533 mox
730 1503 810 1534 Dru-

152 1561 205 1582 sus
233 1556 280 1581 est
305 1551 421 1581 Tiberii
452 1562 490 1582 ex
519 1551 692 1594 Agrippina
720 1552 811 1589 filius,

152 1600 240 1642 cujus
255 1611 331 1631 uxor
340 1600 430 1631 Livia
441 1601 509 1637 fuit,
524 1601 704 1632 Germanici
715 1612 810 1633 soror.

152 1650 301 1681 HARLEs.

195 1699 247 1730 75.
262 1699 633 1739 Nurum—neptunique]
648 1700 763 1731 Bavar.
779 1706 810 1731 et

152 1748 206 1780 alii
222 1748 292 1780 vide
316 1747 492 1784 Heinsium,
514 1747 578 1790 qui,
601 1749 645 1779 uti
669 1749 701 1779 in
723 1755 809 1781 textu

152 1803 212 1834 est,
230 1808 269 1828 ex
287 1798 418 1838 Argent.
434 1797 550 1838 Scalig.
565 1797 697 1839 aliisque
720 1809 808 1840 repo-

152 1847 224 1884 suit,
247 1852 278 1878 et
300 1847 427 1877 Sueton.
452 1857 480 1877 c.
496 1847 550 1877 64.
596 1846 716 1889 Neptes
738 1854 809 1878 sunt

151 1896 336 1939 Agrippina,
357 1896 537 1927 Germanici
558 1906 647 1931 uxor,
678 1896 743 1927 filia
764 1897 808 1927 A-

150 1946 268 1987 grippae
296 1956 334 1977 ex
366 1945 464 1981 JuHa,
493 1950 524 1975 et
561 1945 686 1981 Livilla,
714 1945 810 1976 Drusi

151 1995 232 2026 filia:
258 1994 315 2026 has
340 1993 418 2025 dicit
439 1996 516 2034 pias,
539 1994 570 2024 h.
583 2004 610 2024 e.
634 1994 726 2024 officii
747 2004 808 2025 ser-

150 2050 272 2080 vanteS‚
296 2054 394 2085 eoque
421 2043 559 2074 excludit
583 2043 701 2074 Juliam
726 2043 810 2085 juni-

151 2104 246 2129 orem,
262 2104 332 2134 quae
352 2093 390 2123 ob
412 2092 533 2134 flagitia
544 2091 578 2122 in
591 2091 724 2123 insulam
740 2092 808 2123 Tri-

151 2153 270 2174 merum
285 2141 425 2183 relegata
444 2141 515 2172 fuit.
532 2153 563 2171 v.
576 2140 676 2171 Tacit.
692 2141 808 2172 Annal.

150 2192 255 2223 iv.7l.
299 2191 465 2220 ΗΑΜῈΞ.4

197 2242 345 2280 Carosque
359 2240 502 2280 nepotes]
527 2238 650 2275 Caium,
666 2240 808 2276 Lucium,

153 2296 184 2322 et
198 2289 383 2331 Agrippam,
399 2289 419 2320 J
422 2289 492 2319 uliae
515 2294 547 2319 et
567 2288 715 2330 Agrippae
732 2289 810 2319 filios

151 2339 305 2380 intellige.
344 2338 403 2369 Vel
424 2336 604 2369 Germanici
623 2338 751 2379 junioris
772 2338 808 2368 li-

151 2390 242 2420 beros
257 2387 374 2428 accipe,
391 2388 448 2417 sub
466 2392 613 2428 nepotum
629 2386 764 2423 nomine,
776 2392 809 2417 ut

152 2439 258 2470 crebro
273 2437 406 2479 reperies
421 2436 504 2478 apud
520 2442 670 2467 auctores.

196 2487 247 2516 76.
278 2486 447 2526 Caeteraque
475 2486 617 2526 Augusta>
652 2486 806 2525 membra]

152 2537 212 2566 Per
226 2535 365 2565 membra
379 2534 488 2565 domus
503 2534 666 2574 Augustae,
685 2538 811 2564 caeteros

152 2584 341 2627 propinquos
377 2589 408 2614 et
440 2583 609 2614 familiares
651 2583 811 2624 intelligit.

155 2635 291 2665 Membra
306 2635 417 2663 domus.
439 2632 559 2664 Plinius
573 2632 668 2663 etiam
684 2632 810 2673 elegan-

153 2688 201 2714 ter
220 2684 347 2713 membra
366 2684 468 2713 domus
487 2681 624 2724 adpellat
638 2687 742 2723 partes
754 2680 808 2711 do-

155 2742 244 2770 mus;
259 2731 291 2762 ii.
306 2731 342 2762 Ε.
360 2731 398 2761 17
412 2743 420 2770 3
444 2731 567 2762 Colum.
582 2730 603 2760 i.
620 2731 652 2761 6.

921 1155 972 1185 77.
989 1153 1138 1194 Peranna]
1166 1152 1199 1183 h.
1223 1163 1250 1182 e.
1279 1150 1464 1184 Pannonios,
1488 1148 1534 1179 in-

875 1208 1008 1245 terprete
1037 1204 1199 1245 Verpoort.
1224 1201 1263 1231 de
1291 1210 1352 1241 quo
1381 1198 1534 1239 triumpho

877 1252 941 1293 agit
955 1253 1035 1294 eleg.
1051 1251 1186 1294 praeced.
1202 1262 1231 1281 v.
1251 1251 1278 1280 1.
1291 1250 1339 1280 19.
1354 1249 1405 1278 41.
1439 1248 1533 1278 Penos

877 1301 968 1333 codd.
995 1301 1110 1332 Erfurt.
1137 1306 1168 1332 et
1196 1301 1309 1331 Bavar.
1346 1298 1437 1330 Unde
1464 1307 1533 1327 vero

880 1352 1032 1382 Pannonii
1048 1351 1150 1382 vocati
1174 1350 1236 1380 sint
1257 1350 1385 1384 Pmnzes,
1408 1346 1530 1377 nescio:

881 1401 999 1432 Pseones
1026 1401 1058 1432 in
1086 1399 1276 1430 Macedonia
1305 1397 1369 1428 noti
1394 1403 1476 1427 sunt.
1501 1406 1532 1425 v.

880 1450 1007 1481 Cellarii
1030 1450 1118 1481 notit.
1138 1448 1220 1479 orbis
1244 1448 1277 1478 ii.
1293 1458 1320 1478 c.
1340 1447 1392 1477 13.
1412 1457 1442 1487 p.
1459 1445 1533 1476 830.

880 1500 950 1541 (ubi
974 1499 1102 1541 insignis
1122 1499 1207 1529 locus
1225 1497 1264 1528 de
1289 1496 1405 1536 origine
1423 1500 1454 1525 et
1471 1494 1533 1525 situ

882 1549 1008 1579 Paemzioe
1023 1560 1061 1579 ex
1074 1547 1230 1579 Pausania
1244 1558 1274 1577 v.
1285 1556 1355 1587 cap.
1370 1546 1397 1574 l.
1413 1555 1445 1585 p.
1461 1544 1534 1574 376.

880 1609 899 1630 a
919 1598 1055 1629 Cellario
1076 1596 1298 1640 praetermissus
1322 1593 1456 1625 adscribi
1478 1604 1533 1635 po-

878 1647 966 1688 test.)
999 1647 1131 1678 Salmas.
1151 1645 1291 1677 exercitt.
1312 1643 1393 1673 Plin.
1408 1654 1442 1684 p.
1462 1643 1533 1673 179.

877 1697 935 1727 Sec.
970 1696 989 1727 J
993 1706 1043 1726 am
1060 1705 1130 1726 vero
1143 1692 1273 1724 victoria
1285 1691 1402 1722 Tiberii
1422 1690 1534 1721 finibus

878 1745 1046 1776 Pannoniae
1062 1754 1124 1774 non
1135 1748 1200 1773 erat
1209 1739 1453 1782 circumscripta.
1473 1739 1533 1770 At-

877 1805 937 1836 que
953 1794 992 1825 de
1007 1793 1130 1835 populis
1149 1791 1189 1822 ad
1208 1790 1383 1832 Rhodopen
1397 1794 1534 1820 montem

877 1849 908 1875 et
931 1842 1153 1873 Macedoniam
1177 1839 1365 1870 maritimam
1389 1838 1532 1869 habitan—

875 1892 958 1923 tibus
967 1890 1114 1932 intelligit
1125 1890 1218 1921 etiam
1229 1889 1386 1920 Gesnerus
1396 1887 1428 1917 in
1439 1887 1534 1917 Thes.

876 1941 911 1971 L.
922 1942 960 1971 L.
978 1941 1034 1971 sub
1050 1940 1081 1970 h.
1096 1951 1128 1970 v.
1145 1944 1283 1969 nostrum
1297 1936 1403 1967 Ovidii
1418 1936 1532 1971 locum,

876 1996 910 2021 ut
924 1996 1031 2032 postea
1048 1988 1190 2020 vidimus.
1227 1986 1376 2017 HARLES.

919 2041 971 2070 79.
988 2039 1052 2069 Nec
1065 2040 1229 2079 dedignata
1248 2036 1317 2076 est.]
1344 2035 1443 2076 Illyrii
1458 2046 1534 2076 quo-

877 2100 938 2131 que
967 2089 1024 2119 sub
1054 2087 1187 2129 Alpibus
1218 2086 1363 2127 agebant,
1391 2084 1531 2126 imasque

878 2139 975 2169 valles
993 2148 1109 2173 earum,
1127 2143 1158 2167 et
1173 2135 1317 2177 quaedam
1339 2134 1427 2176 quasi
1447 2134 1532 2164 clau-

876 2192 938 2218 stra
967 2186 1193 2220 custodiebant,
1222 2183 1361 2225 abruptis
1392 2183 1532 2213 torrenti-

876 2237 934 2267 bus
958 2235 1112 2277 impliciti.
1156 2235 1195 2264 In
1220 2234 1276 2264 hos
1303 2231 1532 2274 expeditionem

877 2286 1014 2328 suscepit
1040 2285 1104 2326 ipse
1120 2284 1294 2324 Augustus,
1310 2281 1436 2322 fierique
1456 2292 1532 2322 pon-

878 2341 922 2366 tes
943 2333 1117 2375 imperavit.
1154 2332 1236 2362 Vide
1257 2331 1394 2366 Florum,
1415 2331 1469 2361 lib.
1491 2330 1532 2361 iv.

880 2385 928 2414 12.
960 2383 1011 2413 ubi
1042 2382 1158 2417 Caesar,
1183 2380 1306 2411 saucius
1329 2379 1473 2410 manibus
1502 2386 1533 2410 et

877 2433 1026 2467 cruribus,
1043 2442 1097 2461 sno
1118 2430 1268 2471 sanguine
1291 2428 1461 2470 speciosam
1486 2439 1533 2459 re-

876 2482 948 2513 tulit
963 2480 1132 2511 victoriam.

920 2533 972 2562 80.
1007 2531 1119 2560 Vei-tice.
1137 2528 1286 2571 jhmulo]
1319 2527 1431 2568 Capite
1461 2527 1534 2557 sub-

878 2581 961 2611 dito:
987 2579 1027 2610 ad
1048 2579 1141 2620 pedes
1156 2577 1271 2608 Tiberii
1293 2587 1325 2607 se
1343 2581 1533 2617 prosternere

879 2635 910 2661 et
924 2630 1041 2660 victum
1056 2627 1156 2658 fateri.

922 2680 974 2709 82.
989 2678 1114 2707 Phffbeoe
1127 2675 1221 2716 virg]
1248 2674 1278 2704 h.
1293 2684 1321 2704 e.
1337 2683 1450 2704 corona
1463 2673 1532 2704 lau-

879 2738 940 2759 rea.
963 2725 1098 2767 Daphne
1114 2725 1196 2755 enim
1213 2734 1231 2753 a
1246 2723 1368 2753 Phoebo
1384 2727 1488 2753 amata
1501 2721 1533 2752 in

1008 2776 1037 2805 D
1056 2786 1074 2805 D
1091 2776 1109 2804 3
