1760 3172
209 171 263 209 8-1
615 167 666 208 P.
705 166 919 208 OVIDII
954 166 1237 209 NASONIS

223 285 354 332 Nota
379 284 472 331 sibi
499 284 596 330 sint
622 298 866 347 quaeque:
908 284 1081 330 modos
1108 298 1136 329 a
1161 299 1367 347 corpore
1392 292 1554 332 certos

286 361 496 409 Sumite.
526 378 621 407 non
648 376 820 407 omnes
847 375 944 406 una
967 360 1126 422 figura
1149 360 1311 407 decet.

217 439 342 494 Quae
369 439 494 486 facie
520 438 779 503 praesignis
805 438 918 493 eriS‚
947 437 1181 500 resupina
1199 439 1395 500 Jaceto:

284 517 587 581 Spectentur
610 523 766 579 tergo,
794 517 905 578 quis
931 531 1022 562 sua
1046 522 1185 577 terga
1211 516 1426 578 placent.

218 593 461 640 Milanion
486 593 705 640 humeris
732 592 992 639 Atalantes
1019 608 1164 639 crura
1188 592 1406 640 ferebat:
1515 595 1610 639 775

287 671 339 717 Si
365 672 498 717 bona
523 677 653 725 sunt,
681 669 774 716 hoc
801 676 917 715 sunt
941 669 1236 732 accipienda
1261 670 1425 716 modo.

218 747 378 795 Parva
401 748 608 795 vehatur
633 763 792 809 equo:
835 746 969 808 quod
1003 753 1110 793 erat
1138 746 1441 808 longissima,
1470 763 1610 793 num-

282 824 500 873 Thebai‘s
527 824 777 872 Hectoreo
802 831 960 887 nupta
985 824 1170 871 resedit
1195 840 1342 887 equo.
1437 825 1611 887 [quam

219 902 387 951 Strata
411 909 605 967 premat
629 901 856 964 genibus,
885 902 1108 965 paullum
1134 902 1325 949 cervice
1352 902 1559 957 reflexa,

283 979 504 1036 Femina,
532 995 621 1043 per
644 979 847 1041 longum
874 978 1231 1042 conspicienda
1254 979 1401 1026 latus.
1514 983 1611 1026 780

218 1058 314 1105 Cui
340 1057 499 1105 femur
524 1063 602 1105 est
618 1056 855 1119 juvenile,
876 1062 1047 1103 carent
1072 1056 1152 1103 cui
1179 1063 1384 1120 pectora
1408 1057 1609 1112 menda,

287 1135 399 1182 Stet
422 1134 509 1190 vir,
537 1134 587 1181 in
611 1134 816 1197 obliquo
843 1133 952 1181 fusa
977 1133 1041 1181 sit
1066 1135 1175 1198 ipsa
1199 1141 1323 1182 toro.

221 1213 328 1260 Nec
355 1212 443 1260 tibi
469 1219 613 1276 turpe
639 1219 762 1276 puta
785 1212 988 1268 crinem,
1017 1219 1072 1259 ut
1096 1212 1330 1276 Phyllei'a
1354 1219 1527 1268 mater,

288 1291 518 1337 Solvere:
559 1297 609 1336 et
633 1289 803 1336 effusis
829 1289 957 1336 colla
980 1289 1183 1336 reflecte
1207 1288 1379 1335 comis.

218 1368 293 1415 Tu
321 1383 541 1431 quoque,
569 1367 649 1413 cui
676 1366 809 1429 rugis
836 1372 1033 1412 uterum
1060 1365 1249 1413 Lucina
1274 1367 1476 1423 notavit,
1517 1370 1612 1414 785

287 1446 358 1493 Ut
381 1445 514 1492 celer
539 1444 723 1492 aversis
749 1450 889 1492 utere
915 1443 1133 1491 Parthus
1160 1444 1321 1507 equis.

220 1522 361 1570 Mille
385 1522 518 1569 modi
546 1521 773 1569 Veneris.
797 1521 1011 1584 simplex
1037 1521 1331 1584 minimique
1356 1520 1557 1577 laboris,

285 1600 415 1647 Cum
435 1601 573 1663 jacet
598 1599 646 1645 in
672 1599 906 1646 dextrum
933 1597 1241 1662 semisupina
1262 1598 1408 1644 latus.
1628 1652 1638 1657 α

219 1678 320 1725 Sed
342 1693 506 1740 neque
527 1676 735 1724 Phoebei
762 1676 1000 1740 tripodes,
1019 1692 1111 1723 nec
1132 1675 1358 1738 corniger
1377 1675 1611 1731 Ammon,

282 1754 416 1802 Vera
439 1754 597 1816 magis
616 1754 772 1809 vobiS,
792 1769 943 1816 quam
964 1769 1076 1800 mea
1096 1752 1260 1809 Musa,
1279 1760 1476 1800 canent.
1517 1756 1614 1801 790

219 1831 272 1878 Si
299 1848 400 1894 qua
424 1831 547 1878 fides
574 1831 682 1886 arti,
712 1846 864 1893 quam
889 1831 1037 1893 longo
1062 1829 1271 1877 fecimus
1297 1846 1420 1887 usu3

284 1908 516 1956 Credite:
556 1908 868 1972 praestabunt
894 1908 1115 1955 carmina
1139 1914 1307 1954 nostra
1331 1907 1499 1956 fidem.

217 1986 414 2033 Sentiat
439 2002 501 2033 ex
528 1986 639 2033 imis
661 1985 911 2033 Venerem
936 1986 1156 2033 resoluta
1181 1984 1415 2032 medullis

285 2062 519 2110 Femina:
560 2070 610 2110 et
635 2079 697 2109 ex
723 2061 870 2126 aequo
898 2079 975 2110 res
995 2064 1138 2126 juvet
1162 2062 1246 2109 illa
1269 2062 1411 2109 duos.

218 2139 325 2186 Nec
351 2139 547 2187 blandae
573 2156 739 2195 voces,
751 2140 1082 2203 jucundaque
1109 2156 1363 2187 murmura
1386 2148 1611 2189 cessent:

285 2214 394 2264 Nec
419 2223 618 2264 taceant
642 2217 818 2264 mediis
846 2217 1071 2282 improba
1096 2218 1248 2265 verba
1264 2217 1412 2280 jocis.
1516 2221 1611 2266 796

256 2384 330 2415 777.
357 2384 492 2414 Vehatur
506 2384 606 2425 eelim]
636 2384 745 2415 Horat.
762 2384 793 2416 ii.
809 2385 877 2416 Sat.
948 2392 979 2416 ta
996 2385 1118 2427 propria}
1135 2385 1245 2427 magis,
1261 2395 1356 2427 quam
1373 2375 1482 2427 gentili
1496 2384 1614 2427 signifi—

213 2434 265 2465 vii.
282 2435 334 2466 50.
947 2435 1079 2470 catione.
1103 2446 1177 2465 voce
1204 2435 1347 2476 Phylle'ia
1370 2435 1428 2465 hoc
1451 2435 1520 2465 loco
1542 2445 1616 2466 usus

257 2484 407 2513 Clunibus
421 2489 475 2513 ant
491 2485 620 2524 agitavit
643 2495 748 2524 equum
766 2484 877 2514 lasciva
946 2493 1025 2519 esse,
1042 2483 1244 2524 fabulamque
1261 2483 1400 2525 aliquam
1416 2483 1613 2515 remotiorem

341 2533 493 2571 supinum.
946 2532 1129 2573 respexisse.
1157 2533 1206 2562 De
1218 2543 1280 2574 qua
1295 2532 1446 2574 quiaipse
1463 2532 1615 2564 hactenus

212 2582 307 2612 Mart.
324 2582 365 2612 xi.
385 2582 456 2612 105.
947 2581 1023 2611 nihil
1037 2581 1184 2623 comperi,
1199 2587 1253 2612 aut
1269 2581 1342 2623 legi,
1354 2582 1457 2612 locum
1473 2581 1566 2617 hunc,
1580 2589 1614 2613 ut

257 2632 403 2661 Hectoreo
418 2632 528 2671 quatias
541 2633 655 2661 sederat
675 2643 690 2660 ιι
701 2642 747 2661 wr
761 2642 841 2671 equo.
945 2631 1042 2666 est‚in
1051 2631 1154 2661 medio
1164 2631 1315 2672 relinquo.
1334 2632 1458 2662 Mlcxi„
1479 2631 1519 2661 Ut
1533 2632 1612 2672 Phy-

256 2681 329 2710 7853.
359 2680 418 2710 Nec
433 2683 487 2710 tihi
500 2688 587 2720 turpe
601 2687 687 2720 pum,
703 2682 826 2715 crinem,
844 2687 876 2710 ut
947 2682 1041 2711 [ιιι-εἶα
1068 2681 1289 2711 Borsmannus.
1314 2680 1369 2711 sed
1393 2680 1515 2711 frustra.
1542 2680 1613 2713 vide

216 2731 357 2770 Phylle‘ia
374 2737 478 2766 imiter,
489 2731 636 2770 Solvere]
659 2731 791 2761 Videtur
805 2731 878 2772 poe—
946 2731 1047 2760 Notas
1063 2729 1101 2760 ad
1119 2729 1219 2771 Epist.
1236 2728 1300 2760 xiii.
1317 2740 1397 2761 vers.
1415 2730 1467 2761 35.
1495 2730 1613 2761 Ηεικε.
