1760 3172
326 202 418 244 EX
450 201 662 243 PONTO
696 200 816 242 LIB.
851 200 934 241 IV.
967 200 1160 242 EPIST.
1195 201 1276 243 IV.
1411 202 1496 244 489

111 318 220 367 Nec
245 316 425 366 sterilis
449 317 588 364 locus
614 316 743 363 ullus
770 315 838 362 ita
862 322 956 370 est,
979 322 1033 361 ut
1057 332 1155 363 non
1181 317 1245 363 sit
1270 317 1319 363 in
1343 317 1428 364 illo

178 395 334 442 Mista
355 394 457 442 fere
482 393 617 440 duris
643 393 776 440 utilis
801 393 957 440 herba
980 393 1133 440 rubis.

113 472 198 520 Nil
224 473 347 520 adeo
371 471 570 519 fortuna
595 470 754 534 gravis
781 469 1061 517 miserabile
1085 469 1218 526 fecit,
1469 475 1497 518 5

184 550 253 597 Ut
276 551 502 597 minuant
526 549 662 595 nulla
686 547 868 610 gaudia
890 554 1031 611 parte
1055 548 1257 595 malum.

114 627 248 675 Ecce
269 628 433 683 domo,
454 627 717 690 patriaque
743 641 933 681 carens,
951 625 1212 691 oculisque
1237 641 1475 681 meorum,

182 703 464 766 Naufragus
490 704 540 750 in
567 703 730 750 Getici
758 702 912 749 litoris
939 708 1079 749 actus
1106 718 1292 765 aquas;

116 781 243 838 Qua,
270 788 439 861 tamen
463 781 644 837 inveni,
670 781 861 828 vultum
886 779 1181 834 diffundere,
1209 795 1427 835 causam,

181 858 641 916 Possem‚sfortunae
667 875 758 915 nec
785 857 1070 905 meminisse
1094 873 1234 905 meae.
1447 862 1502 905 lO

118 936 250 985 Nam
274 936 412 992 mihi,
441 952 596 999 quum
621 935 755 983 fulva
778 936 933 983 tristis
960 935 1201 999 spatiarer
1226 950 1388 993 arena,

182 1013 306 1061 Visa
329 1020 407 1060 est
431 1029 460 1060 a
481 1019 621 1075 tergo
646 1029 814 1077 penna
838 1012 1037 1060 dedisse
1056 1028 1255 1059 sonum.

119 1090 384 1154 Respicio:
425 1106 516 1137 nec
550 1106 728 1154 corpus
755 1097 861 1137 erat
886 1090 1021 1153 quod
1046 1105 1249 1136 cernere
1275 1106 1501 1152 possem:

186 1167 353 1216 Verba
376 1174 544 1214 tamen
569 1173 684 1214 sunt
708 1167 814 1214 haec
841 1182 958 1214 aure
983 1173 1186 1230 recepta
1209 1182 1348 1214 mea:

121 1244 199 1293 En
225 1261 317 1308 ego
341 1244 566 1292 laetarum
590 1244 733 1291 venio
758 1244 849 1291 tibi
875 1244 1049 1291 nuntia
1072 1259 1252 1300 rerum,
1449 1248 1506 1292 15

188 1322 342 1370 Fama
365 1337 455 1386 per
478 1321 748 1369 immensas
775 1337 886 1369 aere
910 1321 1052 1385 lapsa
1074 1321 1194 1368 vias.

123 1399 345 1448 Consule
369 1399 630 1463 Pompeio,
658 1415 757 1463 quo
782 1416 880 1447 non
905 1399 996 1446 tibi
1022 1398 1178 1445 carior
1204 1399 1340 1454 alter,

190 1477 449 1525 Candidus
474 1483 526 1524 et
549 1476 668 1524 felix
693 1477 950 1540 proximus
976 1491 1134 1523 annus
1160 1476 1267 1524 erit.

124 1553 294 1603 Dixit:
334 1561 401 1611 et,
431 1561 484 1602 ut
505 1555 620 1602 laeto
645 1554 863 1602 Pontum
890 1569 1083 1602 rumore
1108 1552 1330 1617 replevit,

189 1631 271 1680 Ad
296 1639 472 1696 gentes
499 1632 618 1680 alias
643 1632 757 1680 hinc
785 1632 894 1681 Dea
918 1631 1064 1679 vertit
1087 1631 1195 1677 iter.
1447 1634 1510 1676 20

124 1709 194 1757 At
215 1710 352 1766 mihi,
378 1709 585 1774 dilapsis
610 1709 738 1757 inter
763 1726 890 1758 nova
915 1708 1098 1772 gaudia
1122 1707 1269 1762 curis,

192 1786 398 1834 Excidit
421 1787 664 1851 asperitas
689 1787 837 1850 hujus
862 1786 1034 1849 iniqua
1056 1784 1168 1832 loci.

127 1864 261 1928 Ergo
283 1864 385 1921 ubi,
407 1863 437 1911 J
443 1880 536 1912 ane
559 1864 750 1928 biceps,
770 1865 972 1927 longum
993 1862 1287 1911 reseraveris
1310 1878 1509 1918 annum,

193 1942 377 1991 Pulsus
402 1948 454 1990 et
477 1958 507 1990 a
531 1958 671 1990 sacro
696 1959 868 1991 mense
893 1941 1159 1989 december
1183 1939 1303 1997 erit3

171 2067 202 2098 4.
221 2066 316 2098 Utilis
335 2066 452 2107 herba]
475 2066 585 2097 Herba
609 2066 712 2097 ferens
732 2066 790 2096 ali·
900 2065 952 2095 23.
972 2063 1111 2105 Longum
1132 2062 1274 2103 annum]
1300 2062 1439 2104 Longum
1460 2062 1514 2093 ad-

128 2126 224 2158 quam
240 2115 421 2147 utilitatem.
466 2116 563 2146 Duris
577 2116 670 2146 rubis.
694 2114 791 2146 Duris
857 2114 966 2156 pellat,
983 2123 1021 2145 ex
1043 2112 1159 2144 affectu
1178 2118 1292 2154 poetae,
1310 2111 1360 2142 cui
1382 2123 1445 2154 prae
1470 2112 1515 2143 ni-

128 2165 247 2208 spinis;
270 2170 306 2196 ut
321 2170 393 2196 sunt
407 2164 526 2201 cardui,
538 2165 598 2196 &c.
632 2165 683 2196 De
695 2175 790 2206 gene·
857 2164 919 2195 mio
940 2162 1093 2195 desiderio
1118 2162 1225 2193 tardus
1247 2167 1279 2193 et
1297 2160 1417 2202 longior
1431 2161 1518 2192 vide-

128 2214 215 2246 ribus
237 2214 424 2246 carduorum
438 2214 576 2245 Plinium
590 2213 688 2255 legito
703 2214 790 2245 xviii.
857 2218 907 2243 tur
930 2212 1077 2254 incipere.
1122 2211 1221 2247 Anni,
1245 2210 1401 2240 communi
1431 2210 1516 2240 Lati-

131 2264 184 2294 44.
199 2268 231 2295 et
246 2264 290 2295 al.
304 2269 337 2295 et
350 2263 531 2295 Palladium
543 2263 584 2294 iv.
596 2264 627 2294 9.
859 2273 966 2293 norum
982 2260 1148 2296 sententia,
1161 2265 1222 2290 tres
1233 2259 1446 2290 tantummodo
1461 2270 1518 2290 nu-

175 2314 205 2344 7.
229 2312 388 2354 oculisque
410 2312 568 2353 meorum]
594 2313 635 2343 Et
656 2323 789 2354 praesen-
858 2322 941 2343 mero
970 2310 1177 2353 reperiuntur.
1224 2310 1359 2340 Lunaris
1388 2308 1516 2350 quidem

131 2362 177 2393 tia
195 2361 376 2393 amicorum.
413 2362 464 2393 Sic
484 2361 552 2393 Cic.
570 2361 611 2392 ad
631 2361 790 2392 Familiar.
858 2361 986 2402 primus,
1002 2360 1140 2391 omnium
1162 2358 1374 2394 brevissimus,
1390 2359 1443 2400 qui
1464 2358 1516 2389 tri-

133 2411 243 2442 Oculos
262 2412 367 2442 saltem
394 2411 575 2453 effugiamus
603 2412 738 2447 illorum,
767 2412 792 2441 si
859 2410 946 2451 ginta
971 2409 1090 2440 dierum
1113 2408 1215 2449 spatio
1238 2418 1362 2438 cursum
1381 2408 1518 2449 perfecte

132 2471 221 2491 aures
234 2472 294 2491 ‘non
305 2471 471 2500 possumus.
858 2458 988 2501 peragit.
1038 2458 1162 2493 solaris,
1191 2456 1230 2487 de
1260 2467 1322 2498 quo
1349 2456 1517 2498 saepissirne

176 2509 209 2540 9.
240 2509 366 2540 Vultum
393 2509 592 2551 diffundere]
632 2508 792 2540 Gaudium
859 2514 956 2550 poetae
973 2508 1155 2548 loquuntur,
1172 2506 1226 2547 qui
1237 2516 1291 2548 per
1305 2515 1426 2536 menses
1438 2505 1516 2536 duo-

134 2558 283 2590 diffundit
304 2558 442 2601 spiritus,
459 2564 492 2590 et
510 2558 584 2590 hinc
607 2557 702 2589 etiam
723 2559 791 2589 vul·
860 2556 973 2587 decim.
1029 2557 1071 2586 Et
1098 2566 1235 2597 magnus,
1263 2556 1317 2596 qui
1353 2554 1518 2585 duodecim

135 2612 213 2638 tum.
244 2607 384 2645 Tristitia
403 2613 510 2638 contra
531 2606 656 2649 spiritus
674 2612 794 2638 contra·
861 2605 961 2635 millia
984 2615 1144 2640 annorum,
1165 2603 1351 2645 quingentos
1374 2609 1405 2634 et
1428 2603 1518 2645 quin—

135 2656 182 2687 hit
196 2667 268 2688 cum
283 2656 383 2688 vultu.
418 2657 519 2687 Poxr.
863 2654 1015 2695 quaginta
1030 2653 1180 2684 continet.

182 2706 232 2736 11.
254 2706 355 2736 Fulva
374 2705 496 2746 arena]
522 2705 561 2737 In
584 2705 674 2736 litore
690 2704 794 2736 Tomi·
905 2705 958 2734 24.
988 2704 1014 2733 A
1044 2714 1128 2733 sacro
1152 2701 1275 2741 mensa]
1301 2700 1331 2731 A
1358 2701 1519 2737 Januario,

138 2760 221 2786 tano.
864 2752 917 2794 qui
939 2762 1026 2783 sacer
1049 2757 1115 2782 erat
1140 2752 1221 2783 Jano
1235 2752 1315 2781 Deo.
1362 2750 1431 2780 Erit
1448 2752 1517 2789 pul-
