1760 3172
197 191 252 232 54
587 187 637 227 P.
672 184 885 227 OVIDII
921 183 1206 227 NASONIS

203 304 432 351 Annulus
458 308 513 348 ut
536 301 638 356 fiat,
666 301 824 364 primo
849 300 1098 347 colliditur
1123 314 1328 348 aurum:
1379 312 1383 313 ⁷

272 379 409 435 Quas
437 378 606 442 geritis
631 384 812 432 vestes,
840 376 1042 423 sordida
1065 376 1179 424 lana
1202 375 1309 423 fuit.

206 458 337 505 Cum
362 457 518 511 fieret,
546 455 674 519 lapis
701 470 847 518 asper
873 460 1006 511 erat;
1048 469 1180 500 nunc
1205 452 1371 500 nobile
1397 452 1594 515 signum

274 533 425 580 Nuda
449 532 621 580 Venus
646 531 874 578 madidas
901 530 1138 594 exprimit
1162 529 1320 578 imbre
1345 545 1533 577 comas.

207 610 284 658 Tu
311 626 513 674 quoque
538 610 657 656 dum
683 608 877 664 coleris,
905 624 994 655 nos
1020 615 1070 655 te
1095 607 1310 654 dormire
1337 614 1602 671 putemus;

272 687 454 751 Aptius
481 702 510 734 a
535 685 729 733 summa
753 685 1063 748 conspiciare
1089 699 1256 733 manu.

1506 686 1604 731 226

210 764 314 811 Cur
339 764 458 810 mihi
485 770 604 811 nota
627 769 713 810 tuo
739 778 918 810 caussa
942 769 1019 809 est
1043 761 1271 809 candoris
1298 761 1349 808 in
1374 761 1493 808 ore?

274 840 468 888 Claude
493 840 648 888 forem
673 840 895 896 thalami,
923 840 1045 903 quid
1071 840 1194 888 rude
1219 839 1388 903 prodis
1415 839 1578 903 opus?

211 916 378 964 Multa
402 917 530 964 viros
557 916 749 965 nescire
774 917 938 964 decet.
977 933 1092 981 pars
1117 917 1337 964 maxima
1360 932 1524 964 rerum

279 993 533 1049 Ostendat,
562 994 602 1041 si
628 1010 727 1041 non
752 994 987 1042 interiora
1010 1002 1168 1057 tegas.

1510 995 1609 1040 230

209 1071 378 1120 Aurea
402 1087 515 1135 quae
541 1072 762 1136 pendent
786 1079 959 1120 ornato
981 1072 1125 1135 signa
1148 1072 1371 1129 theatr03

278 1149 496 1214 Inspice,
525 1166 677 1213 quam
702 1150 866 1198 tenuis
892 1151 1097 1198 bractea
1120 1150 1257 1213 ligna
1279 1155 1433 1212 tegat.

213 1225 315 1275 Sed
341 1242 506 1290 neque
532 1226 595 1274 ad
620 1227 704 1274 illa
728 1227 846 1274 licet
870 1226 1073 1292 populo,
1100 1226 1195 1273 nisi
1220 1226 1368 1282 facta,
1393 1223 1563 1273 venire
1585 1240 1595 1272 :

281 1303 386 1351 Nec
412 1304 506 1350 nisi
533 1304 777 1352 submotis
803 1304 962 1352 forma
984 1305 1209 1368 paranda
1231 1304 1365 1351 viris.

212 1379 281 1428 At
303 1396 402 1429 non
427 1380 702 1444 pectendos
727 1396 895 1429 coram
919 1382 1145 1446 praebere
1169 1381 1394 1446 capillos,

1510 1380 1609 1427 235

273 1457 345 1505 Ut
362 1459 564 1521 jaceant
588 1457 683 1506 fusi
708 1475 798 1523 per
821 1466 909 1508 tua
931 1466 1089 1523 terga,
1116 1466 1298 1508 vetem.

211 1696 294 1729 Vide
311 1708 435 1740 quoque
451 1699 572 1730 Auson.
590 1699 696 1742 Epigr.
713 1700 779 1732 lvii.

255 1748 332 1778 224.
359 1748 455 1779 Nuda
474 1749 571 1779 Venus
587 1751 720 1781 madidas
739 1751 878 1790 exprimit

210 1798 304 1828 imbre
328 1798 455 1839 comus]
491 1798 626 1830 Videtur
655 1799 695 1830 ad
722 1800 877 1831 Venerem

212 1845 363 1881 alludere,
393 1857 488 1887 quam
518 1846 749 1889 ἀναδυομένην
773 1848 878 1879 Graeci

212 1901 337 1926 vocant.
361 1896 444 1936 quod
463 1896 605 1928 videatur
627 1896 737 1928 similis
761 1908 777 1928 e
802 1898 878 1928 mari

212 1944 352 1981 exeunti,
371 1945 474 1986 qualis
493 1956 512 1976 a
532 1946 639 1977 multis
661 1947 834 1978 artificibus
847 1953 880 1978 et

214 1993 302 2035 picta
328 1999 359 2025 et
388 1994 512 2036 sculpta
536 1994 607 2032 fuit,
634 2001 668 2026 ut
699 1996 783 2038 apud
812 1996 878 2026 Pli-

215 2041 302 2073 nium
323 2042 428 2074 videre
448 2049 507 2074 est.
537 2044 667 2075 MrcYL.
701 2045 817 2075 Noster
840 2045 880 2075 ad

215 2091 359 2122 Statuam
376 2091 516 2133 aliquam
536 2092 646 2123 Romae
662 2093 817 2124 celebrem
834 2104 880 2124 rc-

219 2140 326 2182 spicit,
349 2146 380 2171 et
395 2152 457 2182 quo
477 2142 571 2172 etiam
591 2141 698 2174 adludi
717 2143 789 2174 infr.
807 2144 880 2174 401.

218 2199 280 2219 non
304 2194 410 2220 tamen
439 2189 538 2226 illam,
565 2201 658 2232 quam
688 2192 826 2227 Merula,
850 2198 882 2223 et

218 2247 291 2268 eum
314 2244 439 2269 secutus
461 2238 526 2269 sine
549 2239 614 2270 ullo
635 2241 778 2271 examine
798 2241 882 2272 Cris-

215 2286 319 2328 pinus,
343 2297 380 2317 ex
404 2287 506 2318 Plinio
529 2287 616 2319 innui
641 2289 784 2326 credunt,
811 2300 881 2331 quae

217 2335 249 2366 in
276 2335 366 2367 Bruti
392 2336 524 2368 Callaici
549 2338 665 2379 templo
690 2339 747 2369 fuit
771 2338 881 2381 posita,

217 2395 312 2426 quam
335 2385 546 2418 Praxiteleam
569 2386 700 2419 faciunt.
725 2399 796 2420 cum
818 2389 882 2420 Pli-

219 2433 302 2470 nius,
325 2433 382 2465 lib.
411 2435 496 2466 xxvi.
520 2446 592 2478 cap.
624 2439 656 2468 5.
685 2437 764 2468 inter
788 2448 884 2480 opera

216 2482 324 2525 Scopae
346 2490 517 2521 recenseat,
542 2491 573 2515 et
595 2485 804 2517 Praxiteleam
828 2498 883 2519 an-

218 2531 363 2562 tecedere
379 2532 464 2563 dicat
479 2545 484 2563 :
511 2533 577 2564 haec
589 2534 672 2565 enim
687 2546 781 2577 prope
794 2536 881 2567 Mar-

218 2586 281 2610 tem
298 2582 381 2612 nuda
399 2582 499 2623 posita
516 2594 575 2613 non
589 2583 646 2613 suit
662 2583 882 2627 (ιίἀόυομέννν

219 2639 290 2660 nain
309 2641 368 2661 non
385 2632 488 2662 statim
508 2633 626 2670 Venus,
644 2640 676 2664 ut
690 2633 814 2665 emersit
829 2645 882 2677 pe-

217 2678 289 2719 lago
310 2680 405 2710 Marti
428 2681 485 2712 fuit
504 2681 626 2722 juncta.
646 2682 702 2713 sed
725 2693 797 2714 cum
814 2683 882 2724 jam

219 2728 360 2760 Vulcano
377 2729 430 2760 (liu
447 2730 551 2762 fuisset
567 2738 675 2772 nupta,
690 2737 723 2763 ut
736 2731 880 2763 omnibu>-

946 1706 1066 1733 notum.
1093 1706 1232 1732 ceterum
1248 1700 1299 1731 hic
1315 1701 1378 1732 sola
1395 1700 1492 1731 Venus
1513 1697 1612 1730 male-

944 1751 1000 1781 bat
1015 1749 1179 1781 Francius.
1227 1750 1346 1780 chr.

989 1799 1065 1830 231.
1093 1799 1166 1834 Quae
1187 1799 1350 1839 pendent]
1383 1798 1476 1828 Forte
1498 1795 1613 1828 melius

945 1848 1113 1890 legeretur,
1131 1850 1299 1888 splendent.
1324 1848 1387 1879 vid.
1409 1847 1430 1878 i.
1446 1847 1554 1877 Amor.
1577 1857 1612 1877 x.

947 1899 1001 1929 55.
1019 1897 1134 1929 Claud.
1150 1897 1173 1928 i.
1191 1897 1260 1928 Stil.
1275 1898 1352 1928 262.

991 1947 1156 1987 Splendeat
1166 1948 1287 1987 vipereae
1298 1957 1447 1988 squamosa
1455 1945 1532 1986 pelle
1539 1945 1615 1986 pha·

1039 2002 1137 2026 νεῖν-ιε.

949 2043 1012 2075 Ubi
1029 2051 1060 2075 et
1072 2047 1204 2084 pendent
1221 2044 1285 2075 alii.
1331 2044 1447 2074 Bmm.

991 2094 1067 2125 232.
1092 2094 1191 2128 Quum
1211 2096 1309 2124 tenuis
1328 2095 1447 2124 bractea
1470 2093 1555 2134 ligna
1570 2098 1614 2122 te-

947 2143 1030 2185 gam]
1069 2142 1164 2185 Tegat
1188 2143 1255 2185 jam
1281 2142 1441 2185 praecessit
1465 2141 1615 2184 superiori

948 2198 1153 2234 pentametro.
1178 2194 1255 2235 ligat
1271 2191 1492 2223 Farnesianus.
1533 2190 1616 2221 Scri-

949 2242 1000 2278 bo,
1012 2242 1100 2273 linat.
1120 2248 1155 2273 ut
1166 2242 1326 2273 alludatur
1338 2241 1378 2272 ad
1389 2239 1615 2272 derivationem

950 2291 1047 2321 vocis.
1071 2292 1189 2322 bractea
1209 2291 1292 2322 enim
1316 2301 1371 2322 seu
1392 2289 1525 2332 βρέκτια
1545 2289 1616 2321 ἀπὸ

950 2342 1007 2371 τοῦ
1041 2339 1173 2382 βρέχειν
1209 2340 1386 2377 deducitur,
1423 2350 1442 2370 a
1477 2338 1618 2370 linendo.

951 2389 1034 2420 Hinc
1048 2391 1221 2426 bractearii,
1242 2389 1473 2432 πεταλούργοι.
1488 2394 1520 2420 et
1531 2390 1618 2419 brac-

952 2446 1087 2475 teato›·es,
1105 2440 1332 2471 πεταλοποιοί.
1369 2440 1542 2480 Eleganter
1556 2439 1618 2470 Ar-

952 2487 1061 2518 nobius
1072 2489 1352 2535 bracteolisfucari.
1364 2488 1419 2519 lib.
1429 2488 1470 2519 iv.
1498 2488 1618 2520 Hiems.

993 2537 1070 2568 234.
1099 2537 1207 2568 Forma
1226 2537 1395 2579 paranda]
1424 2537 1618 2574 Hasniensis,

950 2588 1075 2624 pianda.
1101 2587 1184 2628 quod
1208 2587 1298 2624 sorte,
1324 2598 1380 2630 pro
1405 2586 1617 2624 concilianda,

953 2641 985 2665 ut
1006 2638 1091 2676 piare
1117 2644 1248 2668 mortem.
1271 2637 1372 2679 Epist.
1396 2636 1462 2668 xix.
1490 2637 1562 2668 194.
1584 2641 1616 2668 et

951 2686 1059 2716 (ἰιιηιιια
1081 2688 1167 2726 piare
1181 2698 1251 2729 sup.
1272 2687 1343 2718 160.
1392 2687 1511 2718 mes.
