<?xml version="1.0" encoding="UTF-8"?>
<!DOCTYPE html PUBLIC "-//W3C//DTD XHTML 1.0 Transitional//EN"
    "http://www.w3.org/TR/xhtml1/DTD/xhtml1-transitional.dtd">
<html xmlns="http://www.w3.org/1999/xhtml" xml:lang="en" lang="en">
 <head>
  <title>
</title>
<meta http-equiv="Content-Type" content="text/html;charset=utf-8" />
  <meta name='ocr-system' content='tesseract 3.04.00' />
  <meta name='ocr-capabilities' content='ocr_page ocr_carea ocr_par ocr_line ocrx_word'/>
</head>
<body>
  <div class='ocr_page' id='page_1' title='image "./povidiinasonisop02oviduoft_0391.png"; bbox 0 0 1760 3172; ppageno 0'>
   <div class='ocr_carea' id='block_1_1' title="bbox 361 191 1508 235">
    <p class='ocr_par' dir='ltr' id='par_1_1' title="bbox 361 191 1508 235">
     <span class='ocr_line' id='line_1_1' title="bbox 361 191 1508 235; baseline -0.001 0"><span class='ocrx_word' id='word_1_1' title='bbox 361 194 453 235; x_wconf 93' lang='lat' dir='ltr'>EX</span> <span class='ocrx_word' id='word_1_2' title='bbox 485 192 696 234; x_wconf 87' lang='lat' dir='ltr'>PONTO</span> <span class='ocrx_word' id='word_1_3' title='bbox 731 191 849 232; x_wconf 91' lang='lat' dir='ltr'><strong>LIB.</strong></span> <span class='ocrx_word' id='word_1_4' title='bbox 885 191 920 232; x_wconf 95' lang='grc' dir='ltr'>Ι.</span> <span class='ocrx_word' id='word_1_5' title='bbox 956 191 1147 233; x_wconf 89' lang='lat' dir='ltr'><strong>EPIST.</strong></span> <span class='ocrx_word' id='word_1_6' title='bbox 1181 191 1289 232; x_wconf 92' lang='lat' dir='ltr'>VII.</span> <span class='ocrx_word' id='word_1_7' title='bbox 1425 192 1508 234; x_wconf 82' lang='lat'>381</span> 
     </span>
    </p>
   </div>
   <div class='ocr_carea' id='block_1_2' title="bbox 130 306 1509 896">
    <p class='ocr_par' dir='ltr' id='par_1_2' title="bbox 130 306 1509 896">
     <span class='ocr_line' id='line_1_2' title="bbox 130 306 1327 370; baseline -0.003 -13"><span class='ocrx_word' id='word_1_8' title='bbox 130 310 227 365; x_wconf 85' lang='lat' dir='ltr'>Qui</span> <span class='ocrx_word' id='word_1_9' title='bbox 252 326 314 357; x_wconf 91' lang='lat' dir='ltr'>ne</span> <span class='ocrx_word' id='word_1_10' title='bbox 339 308 551 356; x_wconf 87' lang='lat' dir='ltr'>difficilis</span> <span class='ocrx_word' id='word_1_11' title='bbox 576 307 695 354; x_wconf 92' lang='lat' dir='ltr'>mihi</span> <span class='ocrx_word' id='word_1_12' title='bbox 720 307 799 362; x_wconf 92' lang='lat' dir='ltr'>sit,</span> <span class='ocrx_word' id='word_1_13' title='bbox 828 306 1073 362; x_wconf 86' lang='lat' dir='ltr'>Graecine,</span> <span class='ocrx_word' id='word_1_14' title='bbox 1101 323 1327 370; x_wconf 81' lang='lat' dir='ltr'>precare3</span> 
     </span>
     <span class='ocr_line' id='line_1_3' title="bbox 200 384 1422 446; baseline -0.002 -13"><span class='ocrx_word' id='word_1_15' title='bbox 200 386 384 434; x_wconf 79' lang='lat' dir='ltr'>Confer</span> <span class='ocrx_word' id='word_1_16' title='bbox 408 392 458 433; x_wconf 91' lang='lat' dir='ltr'>et</span> <span class='ocrx_word' id='word_1_17' title='bbox 481 385 531 431; x_wconf 92' lang='lat' dir='ltr'>in</span> <span class='ocrx_word' id='word_1_18' title='bbox 554 391 720 431; x_wconf 84' lang='lat' dir='ltr'>votum</span> <span class='ocrx_word' id='word_1_19' title='bbox 747 391 801 430; x_wconf 88' lang='lat' dir='ltr'>tu</span> <span class='ocrx_word' id='word_1_20' title='bbox 827 399 1026 446; x_wconf 91' lang='lat' dir='ltr'>quoque</span> <span class='ocrx_word' id='word_1_21' title='bbox 1052 384 1202 430; x_wconf 88' lang='lat' dir='ltr'>verba</span> <span class='ocrx_word' id='word_1_22' title='bbox 1225 400 1389 431; x_wconf 89' lang='lat' dir='ltr'>meum</span> <span class='ocrx_word' id='word_1_23' title='bbox 1412 402 1422 432; x_wconf 80' lang='lat' dir='ltr'>z</span> 
     </span>
     <span class='ocr_line' id='line_1_4' title="bbox 133 462 1279 527; baseline -0.002 -17"><span class='ocrx_word' id='word_1_24' title='bbox 133 464 293 527; x_wconf 80' lang='lat' dir='ltr'>Inque</span> <span class='ocrx_word' id='word_1_25' title='bbox 318 463 578 511; x_wconf 81' lang='lat' dir='ltr'>Tomitana</span> <span class='ocrx_word' id='word_1_26' title='bbox 597 464 792 525; x_wconf 78' lang='lat' dir='ltr'>Jaceam</span> <span class='ocrx_word' id='word_1_27' title='bbox 817 462 1090 508; x_wconf 88' lang='lat' dir='ltr'>tumulatus</span> <span class='ocrx_word' id='word_1_28' title='bbox 1117 476 1279 517; x_wconf 88' lang='lat' dir='ltr'>arena,</span> 
     </span>
     <span class='ocr_line' id='line_1_5' title="bbox 201 538 1509 600; baseline -0.005 -11"><span class='ocrx_word' id='word_1_29' title='bbox 201 542 254 588; x_wconf 85' lang='lat' dir='ltr'>Si</span> <span class='ocrx_word' id='word_1_30' title='bbox 279 549 328 589; x_wconf 87' lang='lat' dir='ltr'>te</span> <span class='ocrx_word' id='word_1_31' title='bbox 353 558 450 589; x_wconf 91' lang='lat' dir='ltr'>non</span> <span class='ocrx_word' id='word_1_32' title='bbox 474 541 616 587; x_wconf 89' lang='lat' dir='ltr'>nobis</span> <span class='ocrx_word' id='word_1_33' title='bbox 642 540 738 587; x_wconf 91' lang='lat' dir='ltr'>ista</span> <span class='ocrx_word' id='word_1_34' title='bbox 760 554 936 586; x_wconf 89' lang='lat' dir='ltr'>vovere</span> <span class='ocrx_word' id='word_1_35' title='bbox 960 538 1135 600; x_wconf 89' lang='lat' dir='ltr'>liquet.</span> <span class='ocrx_word' id='word_1_36' title='bbox 1446 540 1509 584; x_wconf 90' lang='lat'>50</span> 
     </span>
     <span class='ocr_line' id='line_1_6' title="bbox 133 614 1333 682; baseline -0.004 -18"><span class='ocrx_word' id='word_1_37' title='bbox 133 616 262 666; x_wconf 91' lang='lat' dir='ltr'>Nam</span> <span class='ocrx_word' id='word_1_38' title='bbox 286 618 422 682; x_wconf 88' lang='lat' dir='ltr'>prius</span> <span class='ocrx_word' id='word_1_39' title='bbox 447 617 686 680; x_wconf 83' lang='lat' dir='ltr'>incipiant</span> <span class='ocrx_word' id='word_1_40' title='bbox 711 624 870 663; x_wconf 92' lang='lat' dir='ltr'>turres</span> <span class='ocrx_word' id='word_1_41' title='bbox 894 615 1049 661; x_wconf 86' lang='lat' dir='ltr'>vitare</span> <span class='ocrx_word' id='word_1_42' title='bbox 1075 614 1333 669; x_wconf 83' lang='lat' dir='ltr'>columbae,</span> 
     </span>
     <span class='ocr_line' id='line_1_7' title="bbox 197 691 1439 757; baseline -0.005 -15"><span class='ocrx_word' id='word_1_43' title='bbox 197 694 354 742; x_wconf 81' lang='lat' dir='ltr'>Antra</span> <span class='ocrx_word' id='word_1_44' title='bbox 376 695 507 750; x_wconf 79' lang='lat' dir='ltr'>ferae,</span> <span class='ocrx_word' id='word_1_45' title='bbox 536 693 755 757; x_wconf 88' lang='lat' dir='ltr'>pecudes</span> <span class='ocrx_word' id='word_1_46' title='bbox 782 691 1016 754; x_wconf 81' lang='lat' dir='ltr'>gramina,</span> <span class='ocrx_word' id='word_1_47' title='bbox 1043 707 1241 753; x_wconf 81' lang='lat' dir='ltr'>mergus</span> <span class='ocrx_word' id='word_1_48' title='bbox 1268 706 1439 752; x_wconf 87' lang='lat' dir='ltr'>aquas,</span> 
     </span>
     <span class='ocr_line' id='line_1_8' title="bbox 130 767 1420 834; baseline -0.003 -15"><span class='ocrx_word' id='word_1_49' title='bbox 130 771 292 826; x_wconf 82' lang='lat' dir='ltr'>Quam</span> <span class='ocrx_word' id='word_1_50' title='bbox 317 773 446 818; x_wconf 86' lang='lat' dir='ltr'>male</span> <span class='ocrx_word' id='word_1_51' title='bbox 471 788 525 818; x_wconf 92' lang='lat' dir='ltr'>se</span> <span class='ocrx_word' id='word_1_52' title='bbox 545 777 749 834; x_wconf 79' lang='lat' dir='ltr'>praestet</span> <span class='ocrx_word' id='word_1_53' title='bbox 771 769 924 817; x_wconf 86' lang='lat' dir='ltr'>veteri</span> <span class='ocrx_word' id='word_1_54' title='bbox 953 768 1209 815; x_wconf 78' lang='lat' dir='ltr'>Graecinus</span> <span class='ocrx_word' id='word_1_55' title='bbox 1236 767 1420 815; x_wconf 89' lang='lat' dir='ltr'>amico:</span> 
     </span>
     <span class='ocr_line' id='line_1_9' title="bbox 198 844 1201 896; baseline -0.005 0"><span class='ocrx_word' id='word_1_56' title='bbox 198 848 312 896; x_wconf 91' lang='lat' dir='ltr'>Non</span> <span class='ocrx_word' id='word_1_57' title='bbox 336 849 406 895; x_wconf 87' lang='lat' dir='ltr'>ita</span> <span class='ocrx_word' id='word_1_58' title='bbox 431 855 547 894; x_wconf 90' lang='lat' dir='ltr'>sunt</span> <span class='ocrx_word' id='word_1_59' title='bbox 571 846 683 894; x_wconf 87' lang='lat' dir='ltr'>fatis</span> <span class='ocrx_word' id='word_1_60' title='bbox 710 846 875 893; x_wconf 84' lang='lat' dir='ltr'>omnia</span> <span class='ocrx_word' id='word_1_61' title='bbox 897 861 1038 892; x_wconf 88' lang='lat' dir='ltr'>versa</span> <span class='ocrx_word' id='word_1_62' title='bbox 1062 844 1201 892; x_wconf 89' lang='lat' dir='ltr'>meis.</span> 
     </span>
    </p>
   </div>
   <div class='ocr_carea' id='block_1_3' title="bbox 518 1210 1120 1261">
    <p class='ocr_par' dir='ltr' id='par_1_3' title="bbox 518 1210 1120 1261">
     <span class='ocr_line' id='line_1_10' title="bbox 518 1210 1120 1261; baseline -0.008 0"><span class='ocrx_word' id='word_1_63' title='bbox 518 1211 950 1261; x_wconf 86' lang='lat' dir='ltr'>EPISTOLA</span> <span class='ocrx_word' id='word_1_64' title='bbox 1000 1210 1120 1257; x_wconf 88' lang='lat' dir='ltr'><strong>VII.</strong></span> 
     </span>
    </p>
   </div>
   <div class='ocr_carea' id='block_1_4' title="bbox 606 1340 1023 1383">
    <p class='ocr_par' dir='ltr' id='par_1_4' title="bbox 606 1340 1023 1383">
     <span class='ocr_line' id='line_1_11' title="bbox 606 1340 1023 1383; baseline -0.002 0"><span class='ocrx_word' id='word_1_65' title='bbox 606 1340 1023 1383; x_wconf 88' lang='lat' dir='ltr'><strong>MESSALLINO.</strong></span> 
     </span>
    </p>
   </div>
   <div class='ocr_carea' id='block_1_5' title="bbox 126 1462 1499 1914">
    <p class='ocr_par' dir='ltr' id='par_1_5' title="bbox 128 1462 1361 1605">
     <span class='ocr_line' id='line_1_12' title="bbox 128 1462 1361 1530; baseline -0.006 -16"><span class='ocrx_word' id='word_1_66' title='bbox 128 1468 339 1515; x_wconf 79' lang='lat' dir='ltr'><strong>LITERA</strong></span> <span class='ocrx_word' id='word_1_67' title='bbox 368 1482 456 1530; x_wconf 90' lang='lat' dir='ltr'>pro</span> <span class='ocrx_word' id='word_1_68' title='bbox 480 1465 640 1513; x_wconf 87' lang='lat' dir='ltr'>verbis</span> <span class='ocrx_word' id='word_1_69' title='bbox 666 1464 773 1518; x_wconf 87' lang='lat' dir='ltr'>tibi,</span> <span class='ocrx_word' id='word_1_70' title='bbox 803 1462 1108 1517; x_wconf 82' lang='lat' dir='ltr'>Messalline‚</span> <span class='ocrx_word' id='word_1_71' title='bbox 1137 1463 1361 1516; x_wconf 84' lang='lat' dir='ltr'>salutem,</span> 
     </span>
     <span class='ocr_line' id='line_1_13' title="bbox 193 1540 1316 1605; baseline -0.005 -14"><span class='ocrx_word' id='word_1_72' title='bbox 193 1544 354 1598; x_wconf 81' lang='lat' dir='ltr'>Quam</span> <span class='ocrx_word' id='word_1_73' title='bbox 380 1543 520 1605; x_wconf 85' lang='lat' dir='ltr'>legis,</span> <span class='ocrx_word' id='word_1_74' title='bbox 549 1558 577 1589; x_wconf 85' lang='lat' dir='ltr'>a</span> <span class='ocrx_word' id='word_1_75' title='bbox 602 1541 742 1589; x_wconf 75' lang='lat' dir='ltr'>saevis</span> <span class='ocrx_word' id='word_1_76' title='bbox 769 1540 947 1588; x_wconf 85' lang='lat' dir='ltr'>adtulit</span> <span class='ocrx_word' id='word_1_77' title='bbox 971 1557 1129 1602; x_wconf 88' lang='lat' dir='ltr'>usque</span> <span class='ocrx_word' id='word_1_78' title='bbox 1158 1540 1316 1587; x_wconf 83' lang='lat' dir='ltr'>Getis.</span> 
     </span>
    </p>

    <p class='ocr_par' dir='ltr' id='par_1_6' title="bbox 127 1617 1421 1749">
     <span class='ocr_line' id='line_1_14' title="bbox 127 1617 1421 1672; baseline -0.005 -4"><span class='ocrx_word' id='word_1_79' title='bbox 127 1621 323 1668; x_wconf 87' lang='lat' dir='ltr'>Indicat</span> <span class='ocrx_word' id='word_1_80' title='bbox 347 1626 597 1667; x_wconf 82' lang='lat' dir='ltr'>auctorem</span> <span class='ocrx_word' id='word_1_81' title='bbox 619 1619 790 1665; x_wconf 77' lang='lat' dir='ltr'>locus?</span> <span class='ocrx_word' id='word_1_82' title='bbox 828 1635 905 1672; x_wconf 87' lang='lat' dir='ltr'>an,</span> <span class='ocrx_word' id='word_1_83' title='bbox 933 1618 1025 1664; x_wconf 84' lang='lat' dir='ltr'>nisi</span> <span class='ocrx_word' id='word_1_84' title='bbox 1052 1617 1247 1664; x_wconf 85' lang='lat' dir='ltr'>nornine</span> <span class='ocrx_word' id='word_1_85' title='bbox 1275 1618 1421 1670; x_wconf 81' lang='lat' dir='ltr'>lecto,</span> 
     </span>
     <span class='ocr_line' id='line_1_15' title="bbox 193 1694 1311 1749; baseline -0.004 -5"><span class='ocrx_word' id='word_1_86' title='bbox 193 1697 315 1744; x_wconf 84' lang='lat' dir='ltr'>Haec</span> <span class='ocrx_word' id='word_1_87' title='bbox 340 1713 419 1744; x_wconf 87' lang='lat' dir='ltr'>me</span> <span class='ocrx_word' id='word_1_88' title='bbox 447 1696 699 1743; x_wconf 81' lang='lat' dir='ltr'>Nasonem</span> <span class='ocrx_word' id='word_1_89' title='bbox 727 1695 940 1742; x_wconf 83' lang='lat' dir='ltr'>scribere</span> <span class='ocrx_word' id='word_1_90' title='bbox 965 1695 1129 1749; x_wconf 87' lang='lat' dir='ltr'>verba,</span> <span class='ocrx_word' id='word_1_91' title='bbox 1157 1694 1311 1740; x_wconf 76' lang='lat' dir='ltr'>latet?</span> 
     </span>
    </p>

    <p class='ocr_par' dir='ltr' id='par_1_7' title="bbox 126 1771 1499 1914">
     <span class='ocr_line' id='line_1_16' title="bbox 126 1771 1499 1838; baseline -0.006 -16"><span class='ocrx_word' id='word_1_92' title='bbox 126 1774 312 1838; x_wconf 89' lang='lat' dir='ltr'>Ecquis</span> <span class='ocrx_word' id='word_1_93' title='bbox 338 1775 388 1820; x_wconf 91' lang='lat' dir='ltr'>in</span> <span class='ocrx_word' id='word_1_94' title='bbox 413 1780 635 1821; x_wconf 81' lang='lat' dir='ltr'>extremo</span> <span class='ocrx_word' id='word_1_95' title='bbox 660 1773 849 1836; x_wconf 84' lang='lat' dir='ltr'>positus</span> <span class='ocrx_word' id='word_1_96' title='bbox 865 1774 1001 1835; x_wconf 87' lang='lat' dir='ltr'>jacet</span> <span class='ocrx_word' id='word_1_97' title='bbox 1026 1772 1143 1818; x_wconf 91' lang='lat' dir='ltr'>orbe</span> <span class='ocrx_word' id='word_1_98' title='bbox 1168 1779 1380 1824; x_wconf 80' lang='lat' dir='ltr'>tuorum,</span> <span class='ocrx_word' id='word_1_99' title='bbox 1471 1771 1499 1815; x_wconf 80' lang='lat'><strong><em>5</em></strong></span> 
     </span>
     <span class='ocr_line' id='line_1_17' title="bbox 191 1847 1343 1914; baseline -0.004 -16"><span class='ocrx_word' id='word_1_100' title='bbox 191 1851 278 1899; x_wconf 88' lang='lat' dir='ltr'>Me</span> <span class='ocrx_word' id='word_1_101' title='bbox 302 1859 469 1898; x_wconf 87' lang='lat' dir='ltr'>tamen</span> <span class='ocrx_word' id='word_1_102' title='bbox 493 1858 721 1914; x_wconf 86' lang='lat' dir='ltr'>excepto,</span> <span class='ocrx_word' id='word_1_103' title='bbox 750 1851 834 1913; x_wconf 90' lang='lat' dir='ltr'>qui</span> <span class='ocrx_word' id='word_1_104' title='bbox 860 1866 1033 1914; x_wconf 84' lang='lat' dir='ltr'>precor</span> <span class='ocrx_word' id='word_1_105' title='bbox 1059 1865 1168 1896; x_wconf 83' lang='lat' dir='ltr'>esse</span> <span class='ocrx_word' id='word_1_106' title='bbox 1194 1847 1343 1895; x_wconf 76' lang='lat' dir='ltr'>tuus?</span> 
     </span>
    </p>
   </div>
   <div class='ocr_carea' id='block_1_6' title="bbox 122 2047 1502 2284">
    <p class='ocr_par' dir='ltr' id='par_1_8' title="bbox 122 2047 1502 2226">
     <span class='ocr_line' id='line_1_18' title="bbox 167 2047 1106 2089; baseline -0.002 -11"><span class='ocrx_word' id='word_1_107' title='bbox 167 2049 220 2079; x_wconf 89' lang='lat'>47.</span> <span class='ocrx_word' id='word_1_108' title='bbox 244 2048 304 2083; x_wconf 81' lang='lat' dir='ltr'>Qui</span> <span class='ocrx_word' id='word_1_109' title='bbox 327 2059 364 2079; x_wconf 75' lang='lat' dir='ltr'>ne</span> <span class='ocrx_word' id='word_1_110' title='bbox 387 2048 521 2089; x_wconf 68' lang='lat' dir='ltr'>difficilis</span> <span class='ocrx_word' id='word_1_111' title='bbox 543 2049 616 2079; x_wconf 76' lang='lat' dir='ltr'>mihi</span> <span class='ocrx_word' id='word_1_112' title='bbox 635 2048 704 2088; x_wconf 80' lang='lat' dir='ltr'>sit.]</span> <span class='ocrx_word' id='word_1_113' title='bbox 732 2048 782 2078; x_wconf 83' lang='lat' dir='ltr'>Ita</span> <span class='ocrx_word' id='word_1_114' title='bbox 849 2053 946 2078; x_wconf 85' lang='lat' dir='ltr'>cetur.</span> <span class='ocrx_word' id='word_1_115' title='bbox 991 2047 1106 2077; x_wconf 63' lang='lat' dir='ltr'>Burm-</span> 
     </span>
     <span class='ocr_line' id='line_1_19' title="bbox 122 2093 1502 2138; baseline -0.004 -10"><span class='ocrx_word' id='word_1_116' title='bbox 122 2102 170 2129; x_wconf 87' lang='lat' dir='ltr'>est</span> <span class='ocrx_word' id='word_1_117' title='bbox 187 2096 359 2127; x_wconf 84' lang='lat' dir='ltr'>misericors</span> <span class='ocrx_word' id='word_1_118' title='bbox 378 2098 494 2133; x_wconf 82' lang='lat' dir='ltr'>Caesar,</span> <span class='ocrx_word' id='word_1_119' title='bbox 509 2102 543 2127; x_wconf 90' lang='lat' dir='ltr'>ut</span> <span class='ocrx_word' id='word_1_120' title='bbox 557 2102 662 2127; x_wconf 82' lang='lat' dir='ltr'>tamen</span> <span class='ocrx_word' id='word_1_121' title='bbox 682 2097 780 2138; x_wconf 82' lang='lat' dir='ltr'>rogari</span> <span class='ocrx_word' id='word_1_122' title='bbox 891 2098 942 2128; x_wconf 89' lang='lat'>50.</span> <span class='ocrx_word' id='word_1_123' title='bbox 967 2096 998 2126; x_wconf 76' lang='lat' dir='ltr'>Si</span> <span class='ocrx_word' id='word_1_124' title='bbox 1014 2108 1072 2126; x_wconf 78' lang='lat' dir='ltr'>non</span> <span class='ocrx_word' id='word_1_125' title='bbox 1094 2094 1214 2135; x_wconf 61' lang='lat' dir='ltr'>liquet]</span> <span class='ocrx_word' id='word_1_126' title='bbox 1241 2093 1273 2124; x_wconf 78' lang='lat' dir='ltr'>Si</span> <span class='ocrx_word' id='word_1_127' title='bbox 1293 2103 1354 2123; x_wconf 88' lang='lat' dir='ltr'>non</span> <span class='ocrx_word' id='word_1_128' title='bbox 1373 2097 1420 2123; x_wconf 83' lang='lat' dir='ltr'>est</span> <span class='ocrx_word' id='word_1_129' title='bbox 1438 2102 1502 2123; x_wconf 84' lang='lat' dir='ltr'>ma-</span> 
     </span>
     <span class='ocr_line' id='line_1_20' title="bbox 124 2141 1502 2187; baseline -0.004 -11"><span class='ocrx_word' id='word_1_130' title='bbox 124 2146 208 2177; x_wconf 84' lang='lat' dir='ltr'>velit.</span> <span class='ocrx_word' id='word_1_131' title='bbox 253 2147 334 2187; x_wconf 91' lang='lat' dir='ltr'>Ergo</span> <span class='ocrx_word' id='word_1_132' title='bbox 363 2156 437 2187; x_wconf 81' lang='lat' dir='ltr'>roga</span> <span class='ocrx_word' id='word_1_133' title='bbox 462 2156 531 2176; x_wconf 81' lang='lat' dir='ltr'>eum</span> <span class='ocrx_word' id='word_1_134' title='bbox 556 2156 611 2187; x_wconf 89' lang='lat' dir='ltr'>pro</span> <span class='ocrx_word' id='word_1_135' title='bbox 634 2156 694 2181; x_wconf 86' lang='lat' dir='ltr'>me,</span> <span class='ocrx_word' id='word_1_136' title='bbox 719 2146 779 2176; x_wconf 64' lang='grc' dir='ltr'>ἃς.</span> <span class='ocrx_word' id='word_1_137' title='bbox 849 2145 1006 2176; x_wconf 84' lang='lat' dir='ltr'>nifestum.</span> <span class='ocrx_word' id='word_1_138' title='bbox 1056 2144 1175 2174; x_wconf 76' lang='lat' dir='ltr'>Vovere.</span> <span class='ocrx_word' id='word_1_139' title='bbox 1212 2141 1365 2173; x_wconf 84' lang='lat' dir='ltr'>Vovendo</span> <span class='ocrx_word' id='word_1_140' title='bbox 1382 2147 1502 2182; x_wconf 81' lang='lat' dir='ltr'>optare.</span> 
     </span>
     <span class='ocr_line' id='line_1_21' title="bbox 127 2195 230 2226; baseline 0.019 -2"><span class='ocrx_word' id='word_1_141' title='bbox 127 2195 230 2226; x_wconf 65' lang='lat' dir='ltr'>Pom.</span> 
     </span>
    </p>

    <p class='ocr_par' dir='ltr' id='par_1_9' title="bbox 165 2239 1500 2284">
     <span class='ocr_line' id='line_1_22' title="bbox 165 2239 1500 2284; baseline -0.005 -9"><span class='ocrx_word' id='word_1_142' title='bbox 165 2245 217 2275; x_wconf 86' lang='lat'>49.</span> <span class='ocrx_word' id='word_1_143' title='bbox 242 2242 336 2283; x_wconf 81' lang='lat' dir='ltr'>Inque</span> <span class='ocrx_word' id='word_1_144' title='bbox 357 2243 541 2283; x_wconf 63' lang='lat' dir='ltr'>Tomitana]</span> <span class='ocrx_word' id='word_1_145' title='bbox 571 2244 685 2274; x_wconf 84' lang='lat' dir='ltr'>Sensus</span> <span class='ocrx_word' id='word_1_146' title='bbox 712 2250 775 2274; x_wconf 84' lang='lat' dir='ltr'>est:</span> <span class='ocrx_word' id='word_1_147' title='bbox 888 2246 918 2275; x_wconf 87' lang='grc'>5.</span> <span class='ocrx_word' id='word_1_148' title='bbox 944 2244 1051 2284; x_wconf 76' lang='lat' dir='ltr'>Ecquis</span> <span class='ocrx_word' id='word_1_149' title='bbox 1079 2240 1226 2280; x_wconf 64' lang='lat' dir='ltr'>tuorum]</span> <span class='ocrx_word' id='word_1_150' title='bbox 1260 2239 1415 2280; x_wconf 83' lang='lat' dir='ltr'>Numquis</span> <span class='ocrx_word' id='word_1_151' title='bbox 1434 2244 1500 2269; x_wconf 84' lang='lat' dir='ltr'>tuo-</span> 
     </span>
    </p>
   </div>
   <div class='ocr_carea' id='block_1_7' title="bbox 122 2287 1503 2530">
    <p class='ocr_par' dir='ltr' id='par_1_10' title="bbox 122 2287 1503 2530">
     <span class='ocr_line' id='line_1_23' title="bbox 123 2287 1503 2334; baseline -0.004 -11"><span class='ocrx_word' id='word_1_152' title='bbox 123 2298 155 2324; x_wconf 87' lang='lat' dir='ltr'>et</span> <span class='ocrx_word' id='word_1_153' title='bbox 178 2303 337 2334; x_wconf 82' lang='lat' dir='ltr'>nunquam</span> <span class='ocrx_word' id='word_1_154' title='bbox 359 2292 492 2323; x_wconf 78' lang='lat' dir='ltr'>reditum</span> <span class='ocrx_word' id='word_1_155' title='bbox 516 2292 547 2322; x_wconf 90' lang='lat' dir='ltr'>in</span> <span class='ocrx_word' id='word_1_156' title='bbox 571 2292 701 2334; x_wconf 81' lang='lat' dir='ltr'>patriam</span> <span class='ocrx_word' id='word_1_157' title='bbox 722 2292 778 2322; x_wconf 88' lang='lat' dir='ltr'>im·</span> <span class='ocrx_word' id='word_1_158' title='bbox 846 2304 912 2323; x_wconf 86' lang='lat' dir='ltr'>rum</span> <span class='ocrx_word' id='word_1_159' title='bbox 929 2292 1107 2327; x_wconf 82' lang='lat' dir='ltr'>amicorum,</span> <span class='ocrx_word' id='word_1_160' title='bbox 1125 2295 1178 2321; x_wconf 76' lang='lat' dir='ltr'>aut</span> <span class='ocrx_word' id='word_1_161' title='bbox 1191 2289 1350 2319; x_wconf 84' lang='lat' dir='ltr'>clientum.</span> <span class='ocrx_word' id='word_1_162' title='bbox 1384 2287 1503 2327; x_wconf 72' lang='lat' dir='ltr'>Ecquis</span> 
     </span>
     <span class='ocr_line' id='line_1_24' title="bbox 122 2335 1500 2384; baseline -0.005 -12"><span class='ocrx_word' id='word_1_163' title='bbox 122 2348 250 2384; x_wconf 84' lang='lat' dir='ltr'>petrem,</span> <span class='ocrx_word' id='word_1_164' title='bbox 276 2341 330 2372; x_wconf 86' lang='lat' dir='ltr'>sed</span> <span class='ocrx_word' id='word_1_165' title='bbox 352 2341 463 2372; x_wconf 83' lang='lat' dir='ltr'>moriar</span> <span class='ocrx_word' id='word_1_166' title='bbox 486 2341 519 2372; x_wconf 88' lang='lat' dir='ltr'>in</span> <span class='ocrx_word' id='word_1_167' title='bbox 544 2341 652 2372; x_wconf 84' lang='lat' dir='ltr'>exsilio</span> <span class='ocrx_word' id='word_1_168' title='bbox 676 2342 778 2372; x_wconf 88' lang='lat' dir='ltr'>Tomi-</span> <span class='ocrx_word' id='word_1_169' title='bbox 847 2341 1006 2379; x_wconf 78' lang='lat' dir='ltr'>nonnulli3</span> <span class='ocrx_word' id='word_1_170' title='bbox 1032 2341 1080 2370; x_wconf 72' lang='lat' dir='ltr'>En</span> <span class='ocrx_word' id='word_1_171' title='bbox 1107 2341 1172 2380; x_wconf 63' lang='lat' dir='ltr'>queis</span> <span class='ocrx_word' id='word_1_172' title='bbox 1197 2339 1234 2367; x_wconf 90' lang='lat' dir='ltr'>P.</span> <span class='ocrx_word' id='word_1_173' title='bbox 1259 2338 1343 2367; x_wconf 81' lang='lat' dir='ltr'>Dan.</span> <span class='ocrx_word' id='word_1_174' title='bbox 1389 2335 1428 2366; x_wconf 82' lang='grc' dir='ltr'>1η</span> <span class='ocrx_word' id='word_1_175' title='bbox 1451 2346 1500 2366; x_wconf 56' lang='grc' dir='ltr'>επ-</span> 
     </span>
     <span class='ocr_line' id='line_1_25' title="bbox 124 2385 1502 2432; baseline -0.004 -11"><span class='ocrx_word' id='word_1_176' title='bbox 124 2396 207 2427; x_wconf 82' lang='lat' dir='ltr'>tano,</span> <span class='ocrx_word' id='word_1_177' title='bbox 228 2392 253 2421; x_wconf 85' lang='lat' dir='ltr'>si</span> <span class='ocrx_word' id='word_1_178' title='bbox 276 2401 336 2421; x_wconf 91' lang='lat' dir='ltr'>non</span> <span class='ocrx_word' id='word_1_179' title='bbox 359 2396 405 2421; x_wconf 86' lang='lat' dir='ltr'>est</span> <span class='ocrx_word' id='word_1_180' title='bbox 426 2390 500 2420; x_wconf 86' lang='lat' dir='ltr'>mihi</span> <span class='ocrx_word' id='word_1_181' title='bbox 521 2391 725 2432; x_wconf 81' lang='lat' dir='ltr'>exploratum,</span> <span class='ocrx_word' id='word_1_182' title='bbox 750 2398 778 2421; x_wconf 86' lang='lat' dir='ltr'>te</span> <span class='ocrx_word' id='word_1_183' title='bbox 848 2398 938 2421; x_wconf 82' lang='lat' dir='ltr'>tremo</span> <span class='ocrx_word' id='word_1_184' title='bbox 963 2392 1039 2420; x_wconf 75' lang='lat' dir='ltr'>orbe.</span> <span class='ocrx_word' id='word_1_185' title='bbox 1073 2390 1110 2419; x_wconf 87' lang='lat' dir='ltr'>In</span> <span class='ocrx_word' id='word_1_186' title='bbox 1139 2386 1249 2418; x_wconf 79' lang='lat' dir='ltr'>ultima</span> <span class='ocrx_word' id='word_1_187' title='bbox 1276 2385 1502 2428; x_wconf 84' lang='lat' dir='ltr'>septemtrionis</span> 
     </span>
     <span class='ocr_line' id='line_1_26' title="bbox 122 2435 1502 2482; baseline -0.007 -11"><span class='ocrx_word' id='word_1_188' title='bbox 122 2440 297 2471; x_wconf 81' lang='lat' dir='ltr'>desiderate</span> <span class='ocrx_word' id='word_1_189' title='bbox 336 2440 468 2471; x_wconf 87' lang='lat' dir='ltr'>reditum</span> <span class='ocrx_word' id='word_1_190' title='bbox 507 2451 621 2470; x_wconf 91' lang='lat' dir='ltr'>meum.</span> <span class='ocrx_word' id='word_1_191' title='bbox 683 2440 776 2471; x_wconf 80' lang='lat' dir='ltr'>CIOF.</span> <span class='ocrx_word' id='word_1_192' title='bbox 846 2440 949 2482; x_wconf 79' lang='lat' dir='ltr'>plaga.</span> <span class='ocrx_word' id='word_1_193' title='bbox 994 2439 1091 2468; x_wconf 66' lang='grc' dir='ltr'>λιιι-εί.</span> <span class='ocrx_word' id='word_1_194' title='bbox 1116 2437 1181 2467; x_wconf 84' lang='lat' dir='ltr'>Aut</span> <span class='ocrx_word' id='word_1_195' title='bbox 1201 2435 1345 2472; x_wconf 76' lang='lat' dir='ltr'>habitat3</span> <span class='ocrx_word' id='word_1_196' title='bbox 1376 2438 1430 2464; x_wconf 85' lang='lat' dir='ltr'>aut</span> <span class='ocrx_word' id='word_1_197' title='bbox 1455 2444 1502 2464; x_wconf 86' lang='lat' dir='ltr'>re-</span> 
     </span>
     <span class='ocr_line' id='line_1_27' title="bbox 124 2487 1502 2530; baseline -0.004 -10"><span class='ocrx_word' id='word_1_198' title='bbox 124 2490 222 2520; x_wconf 82' lang='lat' dir='ltr'>Nulla</span> <span class='ocrx_word' id='word_1_199' title='bbox 243 2489 411 2520; x_wconf 78' lang='lat' dir='ltr'>difficultas</span> <span class='ocrx_word' id='word_1_200' title='bbox 432 2489 464 2519; x_wconf 92' lang='lat' dir='ltr'>in</span> <span class='ocrx_word' id='word_1_201' title='bbox 483 2489 530 2520; x_wconf 87' lang='lat' dir='ltr'>his</span> <span class='ocrx_word' id='word_1_202' title='bbox 545 2489 663 2520; x_wconf 85' lang='lat' dir='ltr'>verbis:</span> <span class='ocrx_word' id='word_1_203' title='bbox 685 2489 779 2530; x_wconf 85' lang='lat' dir='ltr'>juris·</span> <span class='ocrx_word' id='word_1_204' title='bbox 845 2499 918 2519; x_wconf 78' lang='lat' dir='ltr'>vera</span> <span class='ocrx_word' id='word_1_205' title='bbox 941 2494 1088 2528; x_wconf 81' lang='lat' dir='ltr'>tanquam</span> <span class='ocrx_word' id='word_1_206' title='bbox 1112 2490 1249 2516; x_wconf 81' lang='lat' dir='ltr'>mortuus</span> <span class='ocrx_word' id='word_1_207' title='bbox 1274 2489 1304 2513; x_wconf 86' lang='lat' dir='ltr'>et</span> <span class='ocrx_word' id='word_1_208' title='bbox 1332 2487 1502 2524; x_wconf 82' lang='lat' dir='ltr'>prostratus</span> 
     </span>
    </p>
   </div>
   <div class='ocr_carea' id='block_1_8' title="bbox 118 2531 1499 2776">
    <p class='ocr_par' dir='ltr' id='par_1_11' title="bbox 118 2531 1499 2624">
     <span class='ocr_line' id='line_1_28' title="bbox 118 2531 1499 2580; baseline -0.007 -11"><span class='ocrx_word' id='word_1_209' title='bbox 118 2536 246 2580; x_wconf 83' lang='lat' dir='ltr'>jurandi</span> <span class='ocrx_word' id='word_1_210' title='bbox 276 2538 358 2569; x_wconf 89' lang='lat' dir='ltr'>enim</span> <span class='ocrx_word' id='word_1_211' title='bbox 386 2543 417 2568; x_wconf 90' lang='lat' dir='ltr'>et</span> <span class='ocrx_word' id='word_1_212' title='bbox 444 2538 616 2569; x_wconf 86' lang='lat' dir='ltr'>devotionis</span> <span class='ocrx_word' id='word_1_213' title='bbox 644 2544 690 2569; x_wconf 86' lang='lat' dir='ltr'>est</span> <span class='ocrx_word' id='word_1_214' title='bbox 720 2539 778 2568; x_wconf 82' lang='lat' dir='ltr'>for·</span> <span class='ocrx_word' id='word_1_215' title='bbox 841 2538 935 2577; x_wconf 76' lang='lat' dir='ltr'>jacet.</span> <span class='ocrx_word' id='word_1_216' title='bbox 970 2536 1037 2566; x_wconf 92' lang='lat' dir='ltr'>Hoc</span> <span class='ocrx_word' id='word_1_217' title='bbox 1051 2541 1154 2566; x_wconf 71' lang='lat' dir='ltr'>autem</span> <span class='ocrx_word' id='word_1_218' title='bbox 1168 2532 1244 2563; x_wconf 83' lang='lat' dir='ltr'>dicit</span> <span class='ocrx_word' id='word_1_219' title='bbox 1257 2542 1317 2562; x_wconf 88' lang='lat' dir='ltr'>non</span> <span class='ocrx_word' id='word_1_220' title='bbox 1330 2531 1396 2561; x_wconf 84' lang='lat' dir='ltr'>sine</span> <span class='ocrx_word' id='word_1_221' title='bbox 1411 2541 1499 2572; x_wconf 84' lang='lat' dir='ltr'>mag-</span> 
     </span>
     <span class='ocr_line' id='line_1_29' title="bbox 122 2585 1016 2624; baseline -0.003 -7"><span class='ocrx_word' id='word_1_222' title='bbox 122 2587 224 2617; x_wconf 82' lang='lat' dir='ltr'>mula:</span> <span class='ocrx_word' id='word_1_223' title='bbox 251 2587 326 2617; x_wconf 88' lang='lat' dir='ltr'>mori</span> <span class='ocrx_word' id='word_1_224' title='bbox 349 2587 398 2617; x_wconf 88' lang='lat' dir='ltr'>hic</span> <span class='ocrx_word' id='word_1_225' title='bbox 418 2592 449 2618; x_wconf 87' lang='lat' dir='ltr'>et</span> <span class='ocrx_word' id='word_1_226' title='bbox 467 2588 613 2618; x_wconf 81' lang='lat' dir='ltr'>tumulari</span> <span class='ocrx_word' id='word_1_227' title='bbox 627 2598 735 2624; x_wconf 90' lang='lat' dir='ltr'>voveo,</span> <span class='ocrx_word' id='word_1_228' title='bbox 753 2588 777 2618; x_wconf 87' lang='lat' dir='ltr'>si</span> <span class='ocrx_word' id='word_1_229' title='bbox 846 2596 884 2615; x_wconf 89' lang='lat' dir='ltr'>no</span> <span class='ocrx_word' id='word_1_230' title='bbox 901 2585 1016 2615; x_wconf 79' lang='lat' dir='ltr'>dolore.</span> 
     </span>
    </p>

    <p class='ocr_par' dir='ltr' id='par_1_12' title="bbox 122 2628 1499 2776">
     <span class='ocr_line' id='line_1_30' title="bbox 122 2628 1499 2672; baseline -0.005 -7"><span class='ocrx_word' id='word_1_231' title='bbox 122 2645 184 2666; x_wconf 90' lang='lat' dir='ltr'>non</span> <span class='ocrx_word' id='word_1_232' title='bbox 209 2635 332 2666; x_wconf 87' lang='lat' dir='ltr'>credam</span> <span class='ocrx_word' id='word_1_233' title='bbox 355 2641 385 2666; x_wconf 92' lang='lat' dir='ltr'>te</span> <span class='ocrx_word' id='word_1_234' title='bbox 406 2635 481 2665; x_wconf 81' lang='lat' dir='ltr'>mihi</span> <span class='ocrx_word' id='word_1_235' title='bbox 504 2635 637 2666; x_wconf 82' lang='lat' dir='ltr'>reditum</span> <span class='ocrx_word' id='word_1_236' title='bbox 657 2646 778 2667; x_wconf 90' lang='lat' dir='ltr'>vovere.</span> <span class='ocrx_word' id='word_1_237' title='bbox 889 2634 919 2664; x_wconf 91' lang='grc'>6.</span> <span class='ocrx_word' id='word_1_238' title='bbox 945 2633 1005 2667; x_wconf 69' lang='lat' dir='ltr'>Qui</span> <span class='ocrx_word' id='word_1_239' title='bbox 1022 2643 1126 2672; x_wconf 80' lang='lat' dir='ltr'>precor</span> <span class='ocrx_word' id='word_1_240' title='bbox 1145 2643 1201 2662; x_wconf 84' lang='lat' dir='ltr'>esse</span> <span class='ocrx_word' id='word_1_241' title='bbox 1224 2629 1319 2669; x_wconf 50' lang='lat' dir='ltr'>tuus]</span> <span class='ocrx_word' id='word_1_242' title='bbox 1344 2628 1407 2666; x_wconf 85' lang='lat' dir='ltr'>Qui</span> <span class='ocrx_word' id='word_1_243' title='bbox 1424 2629 1499 2659; x_wconf 91' lang='lat' dir='ltr'>Ovi-</span> 
     </span>
     <span class='ocr_line' id='line_1_31' title="bbox 123 2677 1499 2725; baseline -0.004 -11"><span class='ocrx_word' id='word_1_244' title='bbox 123 2684 237 2715; x_wconf 87' lang='lat' dir='ltr'>Malim</span> <span class='ocrx_word' id='word_1_245' title='bbox 261 2689 377 2721; x_wconf 77' lang='lat' dir='ltr'>tamen,</span> <span class='ocrx_word' id='word_1_246' title='bbox 400 2685 525 2725; x_wconf 77' lang='lat' dir='ltr'>Jamque</span> <span class='ocrx_word' id='word_1_247' title='bbox 556 2685 723 2722; x_wconf 74' lang='lat' dir='ltr'>Tomitana,</span> <span class='ocrx_word' id='word_1_248' title='bbox 745 2691 779 2716; x_wconf 91' lang='lat' dir='ltr'>ut</span> <span class='ocrx_word' id='word_1_249' title='bbox 847 2683 916 2713; x_wconf 83' lang='lat' dir='ltr'>dius</span> <span class='ocrx_word' id='word_1_250' title='bbox 933 2681 1022 2723; x_wconf 88' lang='lat' dir='ltr'>cupio</span> <span class='ocrx_word' id='word_1_251' title='bbox 1037 2688 1071 2712; x_wconf 88' lang='lat' dir='ltr'>ut</span> <span class='ocrx_word' id='word_1_252' title='bbox 1086 2680 1145 2711; x_wconf 84' lang='lat' dir='ltr'>sim</span> <span class='ocrx_word' id='word_1_253' title='bbox 1160 2687 1241 2715; x_wconf 87' lang='lat' dir='ltr'>tuus,</span> <span class='ocrx_word' id='word_1_254' title='bbox 1254 2689 1310 2710; x_wconf 83' lang='lat' dir='ltr'>nee</span> <span class='ocrx_word' id='word_1_255' title='bbox 1327 2689 1345 2709; x_wconf 82' lang='lat' dir='ltr'>a</span> <span class='ocrx_word' id='word_1_256' title='bbox 1360 2683 1390 2709; x_wconf 85' lang='lat' dir='ltr'>te</span> <span class='ocrx_word' id='word_1_257' title='bbox 1406 2677 1499 2709; x_wconf 83' lang='lat' dir='ltr'>desti-</span> 
     </span>
     <span class='ocr_line' id='line_1_32' title="bbox 123 2732 1060 2776; baseline -0.004 -13"><span class='ocrx_word' id='word_1_258' title='bbox 123 2733 229 2764; x_wconf 73' lang='lat' dir='ltr'>stntim</span> <span class='ocrx_word' id='word_1_259' title='bbox 243 2733 301 2764; x_wconf 84' lang='lat' dir='ltr'>sibi</span> <span class='ocrx_word' id='word_1_260' title='bbox 323 2740 451 2776; x_wconf 78' lang='lat' dir='ltr'>mortem</span> <span class='ocrx_word' id='word_1_261' title='bbox 466 2739 651 2775; x_wconf 65' lang='lat' dir='ltr'>praesentem</span> <span class='ocrx_word' id='word_1_262' title='bbox 666 2734 777 2775; x_wconf 87' lang='lat' dir='ltr'>impre—</span> <span class='ocrx_word' id='word_1_263' title='bbox 847 2740 924 2762; x_wconf 79' lang='lat' dir='ltr'>tuar.</span> <span class='ocrx_word' id='word_1_264' title='bbox 969 2732 1060 2760; x_wconf 59' lang='lat' dir='ltr'>Mun.</span> 
     </span>
    </p>
   </div>
  </div>
 </body>
</html>
