1760 3172
415 151 725 194 TRISTIUM
759 150 878 192 LIB.
912 150 968 192 V.
1004 151 1184 194 ELEG.
1220 152 1312 194 IX.

1477 153 1563 195 333

167 267 240 315 Te
265 267 426 314 solum
451 267 613 314 meriti
638 282 868 314 canerem
893 281 1109 323 memor;
1150 266 1303 330 inque
1329 268 1513 315 libellis

235 344 490 392 Crevisset
513 344 619 391 sine
645 351 695 391 te
720 343 904 407 pagina
928 344 1066 390 nulla
1095 343 1236 390 meis.

168 420 302 475 Quid
326 421 418 467 tibi
442 421 679 468 deberem
706 427 811 467 tota
835 419 1046 467 sciretur
1071 419 1121 465 in
1147 420 1288 476 urbe,
1535 424 1564 468 5

236 497 397 544 Exsul
423 498 472 543 in
498 497 683 544 amissa
708 497 748 544 si
775 503 945 544 tamen
972 496 1094 543 urbe
1119 497 1274 558 legor.

168 574 239 622 Te
265 590 487 638 praesens
513 575 701 630 mitem,
728 581 779 621 te
804 581 977 621 nosset
1004 574 1158 620 serior
1184 581 1322 630 aetas,

237 652 439 715 Scripta
463 658 763 699 vetustatem
790 651 830 698 si
855 651 1014 698 modo
1030 658 1200 698 nostra
1225 651 1403 699 ferent.

168 727 216 774 N
221 744 278 776 ec
303 728 393 776 tibi
419 734 641 776 cessaret
666 728 845 774 doctus
872 728 1000 774 bene
1026 727 1196 775 dicere
1223 728 1406 785 lector;

234 804 332 852 Hie
356 804 447 852 tibi
473 811 667 852 servato
690 811 803 852 vate
829 811 1054 851 maneret
1079 804 1254 851 honor.
1507 808 1565 852 10

169 883 384 930 Caesaris
409 890 488 931 est
506 883 719 947 primum
745 898 942 937 munus,
967 881 1104 945 quod
1130 881 1360 928 ducimus
1387 897 1562 930 auras:

235 960 410 1008 Gratia
433 967 549 1024 post
573 976 780 1022 magnos
807 966 885 1006 est
909 958 999 1006 tibi
1025 959 1258 1005 habenda
1284 958 1438 1006 Deos.

167 1036 260 1085 Ille
286 1036 426 1084 dedit
448 1036 630 1094 vitam3
671 1043 742 1093 tu,
770 1052 922 1099 quarn
948 1035 1087 1082 dedit
1111 1035 1212 1091 ille,
1239 1035 1411 1092 tueris,

235 1113 302 1161 Et
325 1113 448 1161 facis
474 1120 684 1177 accepto
709 1130 914 1161 munere
940 1129 1090 1177 posse
1116 1112 1227 1159 frui.

168 1189 439 1254 Quumque
455 1186 789 1254 perhorruerit
804 1205 950 1237 casus
966 1205 1080 1254 pars
1103 1188 1323 1237 maxima
1338 1196 1559 1248 nostros3

233 1266 360 1314 Pars
386 1267 538 1314 etiam
564 1266 699 1313 credi
725 1266 1043 1329 pertimuisse
1069 1266 1202 1321 velit,
1505 1269 1563 1314 16

168 1343 216 1390 N
221 1343 602 1407 aufragiumque
626 1359 792 1390 meum
818 1344 1010 1390 tumulo
1036 1343 1277 1407 spectarit
1301 1343 1363 1390 ab
1388 1343 1505 1400 alto,

234 1419 344 1467 Nec
369 1420 563 1467 dederit
588 1419 725 1466 nanti
752 1435 841 1482 per
866 1418 990 1467 freta
1015 1435 1147 1466 saeva
1171 1435 1403 1476 manum3

167 1496 484 1545 Seminecem
512 1496 691 1561 Stygia
716 1496 961 1544 revocasti
988 1497 1125 1543 solus
1152 1497 1214 1544 ab
1239 1496 1389 1543 unda.

231 1573 342 1621 Hoc
391 1589 594 1637 quoque
643 1574 778 1637 quod
826 1589 1072 1620 memores
1121 1589 1388 1636 possumus
1432 1590 1561 1629 esse,

362 1658 505 1697 tuum
531 1657 622 1698 est.

1463 1654 1562 1697 720

166 1727 231 1774 Di
255 1726 345 1774 tibi
371 1742 424 1774 se
449 1727 672 1774 tribuant
696 1742 811 1773 cum
839 1726 1041 1773 Caesare
1069 1742 1266 1790 semper
1292 1726 1507 1774 amicos:

228 1804 344 1852 Non
369 1803 534 1868 potuit
557 1810 726 1852 votum
752 1803 947 1868 plenius
974 1820 1085 1851 esse
1111 1820 1295 1851 meum.

204 1960 235 1990 4.
260 1958 403 1989 Crevisset
421 1961 485 1990 sine
506 1960 562 2000 te.]
591 1958 747 1991 Omnibus
768 1970 824 2002 pa-

162 2007 244 2049 ginis
258 2014 288 2038 'te
304 2007 525 2039 celebrassem.

204 2059 237 2088 8.
257 2057 367 2088 Ferent
380 2064 555 2089 vetustatem
567 2064 670 2089 nostra
684 2058 825 2099 scripta]

158 2106 238 2137 Sunt
253 2105 294 2137 ad
307 2111 447 2148 posteros
461 2112 660 2148 perventura.

204 2157 254 2187 12.
272 2156 342 2186 Post
358 2167 480 2198 magnos
495 2157 600 2197 Deos.]
628 2157 703 2187 Post
714 2157 826 2187 Jovem

158 2211 190 2236 et
207 2205 386 2246 Augustum
402 2217 408 2235 z
436 2205 487 2236 vel
502 2206 589 2236 Deos
603 2205 742 2247 adpellat
758 2206 824 2236 Au-

157 2259 284 2296 gustum
301 2258 332 2284 et
345 2253 411 2295 ejus
426 2254 550 2285 liberos.
595 2255 691 2284 MER.

215 2303 265 2333 16.
299 2302 522 2343 Pertimuit-sa]
558 2303 669 2333 Burm.
698 2303 825 2344 conjicit

154 2352 350 2392 praetimuisse
371 2351 444 2382 h.e.
465 2351 595 2393 quidam
615 2352 710 2383 etiam
730 2362 824 2389 nunc,

157 2411 256 2442 quum
269 2399 375 2431 vident
388 2411 438 2431 me
449 2401 603 2437 exsulem,
616 2407 651 2432 ut
662 2407 824 2438 excusent,

159 2449 243 2491 quod
255 2449 374 2479 nullam
384 2459 476 2491 opem
486 2451 614 2481 tulerint
622 2450 711 2486 mihi,
726 2449 824 2486 aiunt,

157 2508 190 2529 se
206 2497 260 2528 diu
271 2497 479 2538 praetimuisse
490 2498 571 2529 hanc
581 2509 684 2529 meam
696 2509 825 2540 poenam

156 2552 189 2578 et
204 2557 295 2578 casus
309 2546 472 2585 infelices3
496 2548 572 2589 quia
586 2558 669 2590 saepe
682 2548 826 2578 viderant

156 2606 206 2626 me
227 2594 306 2626 talia
329 2595 507 2632 admittere,
536 2596 651 2637 quibus
679 2596 825 2627 exsilium

156 2652 300 2673 mererer.
353 2643 398 2674 At
425 2645 509 2676 enim
536 2647 725 2685 pertimuisse
747 2646 824 2676 forte

156 2693 271 2723 servari
287 2698 410 2735 potest:
436 2704 508 2736 pars
524 2694 651 2735 quidem
671 2705 731 2725 non
755 2705 824 2735 per-

896 1960 1014 1991 horruit
1024 1960 1091 2001 ejus
1107 1970 1210 1995 casus,
1223 1964 1266 1996 at,
1279 1970 1341 2000 quo
1355 1959 1458 1991 minus
1474 1959 1563 1990 auxi-

895 2009 971 2040 lium
987 2009 1089 2045 ferret‚
1108 2007 1280 2050 pertimuit,
1298 2014 1351 2039 aut
1366 2008 1562 2050 pertimuisse

895 2059 979 2089 credi
996 2058 1106 2094 voluit,
1131 2068 1169 2088 ne
1185 2058 1348 2099 Augustus
1367 2058 1563 2089 irasceretur.

897 2106 1002 2148 Atque
1020 2107 1214 2148 Verpoorten
1234 2107 1315 2137 bene
1341 2106 1483 2137 laudavit
1508 2106 1562 2138 Ci-

894 2166 998 2186 ceron.
1025 2156 1064 2186 ad
1088 2155 1201 2186 divers.
1226 2154 1246 2185 i.
1271 2155 1360 2197 epist.
1384 2156 1414 2186 9.
1439 2166 1484 2185 nr.
1509 2157 1562 2186 30.

895 2205 927 2234 Si
942 2207 1110 2236 adcusamli
1120 2211 1203 2239 sunt,
1220 2206 1244 2234 si
1256 2206 1307 2244 qni
1317 2206 1561 2243 pertimuerunt,-

892 2256 988 2295 magis
1007 2255 1097 2284 etiam
1114 2254 1362 2291 reprehendendi,
1377 2254 1401 2282 εἰ
1415 2255 1505 2293 quise
1521 2255 1559 2283 ti-

893 2314 970 2333 mere
983 2304 1179 2333 simularunt.
1225 2302 1376 2332 HARLES.

941 2352 988 2381 19.
1014 2349 1220 2389 Seminecem.]
1248 2349 1338 2380 Solus
1351 2354 1420 2391 post
1432 2349 1560 2390 Augus-

893 2405 959 2430 tum
978 2397 1107 2429 servasti
1128 2408 1192 2428 me.
1238 2398 1342 2428 Pom.
1388 2397 1497 2439 Stygia
1513 2409 1559 2428 re-

894 2450 1004 2479 vocasti
1027 2448 1105 2477 solus
1124 2448 1159 2476 ab
1184 2449 1278 2477 unda.
1324 2447 1373 2477 Sic
1396 2446 1449 2477 ille
1474 2447 1557 2488 apud

893 2497 1055 2527 Comicum
1071 2508 1076 2525 :
1103 2495 1189 2525 Solus
1202 2497 1239 2525 ab
1257 2495 1332 2525 Orco
1347 2502 1498 2526 mortuum
1514 2506 1559 2526 me

893 2548 1029 2576 reducem
1047 2547 1078 2575 in
1096 2544 1321 2585 lucemfecerz's.

936 2597 988 2626 22.
1020 2595 1148 2624 Plenius
1174 2594 1262 2634 esse.]
1295 2594 1400 2630 Quam
1423 2595 1557 2634 precari,

893 2649 928 2674 ut
944 2644 998 2674 Dii
1014 2654 1085 2674 cum
1107 2642 1232 2674 Caesare
1251 2641 1307 2673 tibi
1328 2641 1390 2672 sint
1411 2641 1504 2673 amici
1526 2648 1557 2674 et

893 2693 1028 2735 propitii.
