1760 3172
361 186 672 229 TRISTIUM
705 186 832 228 LIB.
867 186 958 227 ΙΙΙ.
992 186 1174 228 ELEG.
1208 187 1301 229 XI.

1448 188 1534 229 255

138 301 197 349 In
222 319 374 350 causa
398 302 528 349 facili
555 302 713 349 cuivis
738 302 858 348 licet
884 317 994 348 esse
1021 301 1238 359 diserto;

205 378 270 426 Et
294 380 510 426 niiniinae
536 379 663 425 vires
689 378 915 440 frangere
943 393 1129 440 quassa
1152 380 1336 426 valent.

137 455 389 504 Subruere
415 462 492 503 est
517 471 656 503 arces
683 462 734 503 et
759 455 945 502 stantia
969 455 1153 501 rnoenia
1175 455 1360 514 virtus;

203 532 493 588 Quamlibet
517 533 681 596 ignavi
707 532 1022 596 praecipitata
1044 539 1296 595 premunt.

138 609 252 658 Non
274 627 385 658 sum
404 627 513 673 ego,
537 611 672 674 quod
698 610 888 657 fueram
907 626 917 657 :
959 609 1082 672 quid
1102 609 1301 656 inanem
1322 604 1534 673 proteris

340 689 567 735 umbram
589 688 607 734 ἲ

1471 690 1534 735 25

205 763 339 818 Quid
365 764 582 811 cinerem
609 763 743 811 saxis
769 763 1021 827 bustaque
1047 769 1215 810 nostra
1240 763 1460 827 premis?

140 839 329 887 Hector
354 847 461 888 erat
485 847 605 887 tunc
632 856 788 903 quum
814 840 947 887 bello
973 840 1226 897 certabat3
1269 847 1321 887 at
1346 841 1479 888 idem

204 916 416 964 Vinctus
442 917 505 964 ad
533 916 823 964 Haemonios
850 934 948 965 non
976 925 1082 965 erat
1108 917 1300 965 Hector
1325 935 1500 981 equos.

139 993 226 1041 Me
252 1010 471 1057 quoque,
500 1011 652 1058 quem
677 1011 823 1042 noras
845 995 979 1051 olim,
1005 1011 1105 1042 non
1127 1011 1237 1042 esse
1259 1003 1532 1051 memento;

207 1070 286 1118 Ex
312 1071 395 1118 illo
421 1079 660 1135 superant
685 1073 792 1119 haec
820 1072 1086 1119 simulacra
1109 1073 1228 1119 viro.

1473 1076 1538 1120 3O

138 1147 272 1202 Quid
299 1148 578 1205 simulacra,
606 1149 763 1206 ferox,
791 1149 940 1198 dictis
967 1149 1175 1196 incessis
1203 1149 1381 1196 amaris
1404 1149 1422 1196 ?

204 1225 380 1282 Parce,
407 1243 599 1290 precor,
626 1243 800 1275 manes
828 1227 1095 1275 sollicitare
1121 1243 1288 1274 meos:

178 1349 230 1379 21.
255 1348 294 1379 In
309 1348 531 1391 causafacz'li.]
558 1349 597 1380 In
623 1360 720 1381 causa
739 1361 800 1382 non

136 1397 257 1428 difficili
271 1397 311 1429 ad
326 1398 534 1440 probandum.

179 1447 233 1477 24.
257 1447 453 1486 Praecipitata
471 1448 645 1488 premunt]
672 1448 746 1478 Duo
765 1447 802 1478 li-

136 1495 183 1526 bri
204 1502 322 1526 rnunt:
347 1496 518 1537 eleganter,
534 1497 685 1538 probante
701 1496 802 1527 Hein-

136 1545 192 1580 sio,
220 1556 287 1587 pro,
319 1551 480 1587 proruunt,
510 1545 690 1587 dejiciunt3
730 1546 802 1576 vide

136 1595 270 1626 RIetam.
295 1595 349 1626 xii.
378 1596 448 1626 134.
477 1596 659 1636 Ceclentique
683 1606 802 1636 sequens

136 1647 241 1680 instat,
269 1645 428 1685 turbatque
460 1646 601 1685 ruitq1oe5
635 1650 730 1686 atque
757 1644 802 1675 ita

136 1694 252 1736 passim
272 1693 347 1732 alii3
371 1700 402 1724 et
423 1694 482 1724 hoc
508 1694 621 1725 melius
636 1695 682 1735 τῷ
694 1696 795 1734 ρνιεσί-

133 1745 233 1783 pitata
254 1742 410 1778 convenit,
432 1753 502 1784 quae
523 1754 584 1774 non
604 1748 800 1785 premuntur,

137 1792 191 1823 sed
207 1797 349 1823 ruuntur.
396 1793 512 1823 Burni.

180 1842 233 1872 25.
265 1841 429 1881 Proteris]
455 1840 643 1876 Conculcas‚
669 1841 803 1883 pedibus

137 1890 222 1922 teris.
248 1889 373 1921 Inanem
388 1891 534 1921 umbram.
570 1890 723 1921 Umbram
738 1890 805 1921 sine

137 1949 276 1981 corpore,
307 1939 339 1970 id
375 1944 432 1975 est,
469 1950 520 1971 me
554 1939 621 1970 sine
654 1939 727 1970 ullis
758 1941 804 1970 vi-

141 1988 237 2019 ribus.

181 2038 234 2068 26.
259 2037 403 2079 Premis]
435 2037 486 2068 Sic
509 2048 563 2079 pro
587 2036 708 2078 vulgari
731 2040 806 2077 petis

138 2086 295 2130 rescripsit
315 2088 424 2118 Burm.
440 2098 457 2118 e
476 2087 583 2117 multis
604 2086 695 2118 codd.
714 2092 808 2128 poeta

139 2136 222 2167 enim
242 2136 369 2178 respicit
384 2136 424 2167 ad
445 2141 560 2167 terram
581 2136 695 2172 levem,
712 2147 807 2177 quam

138 2185 291 2227 optabant
325 2185 466 2227 sepultis,
496 2196 558 2215 non
590 2190 626 2215 ut
658 2195 804 2215 saxorum

139 2233 275 2275 pondere
291 2244 399 2264 manes
414 2239 639 2275 premerentur.
675 2233 804 2263 Bustum

138 2292 223 2318 vero,
248 2287 283 2313 ut
299 2282 343 2313 ait
363 2283 473 2313 Festus
495 2282 552 2313 sub
578 2281 608 2311 h.
625 2293 654 2312 v.
680 2282 804 2323 proprie

139 2331 254 2362 dicitur
266 2331 366 2367 locus,
381 2332 413 2362 in
429 2342 490 2373 quo
506 2337 645 2362 mortuus
661 2336 707 2362 est
720 2341 804 2362 com-

139 2381 250 2411 bustus
265 2380 442 2421 diciturque
462 2381 602 2416 bustum,
620 2379 709 2422 quasi
724 2381 804 2411 bene

140 2434 257 2459 ustum.
313 2429 377 2460 Ubi
409 2440 482 2460 vero
518 2430 698 2460 combustus
736 2429 805 2471 quis

142 2483 263 2508 tantum
278 2478 380 2514 modo,
397 2477 474 2509 alibi
489 2489 561 2509 vero
584 2484 631 2510 est
652 2478 804 2520 sepultus,

140 2526 167 2557 is
192 2528 280 2558 locus
305 2528 344 2558 ab
371 2527 489 2558 urendo
517 2530 637 2558 ustrina
666 2534 805 2559 vocatur.

141 2575 204 2606 Sed
221 2576 312 2607 modo
331 2577 460 2607 bustum
475 2587 522 2612 eo,
539 2577 622 2618 quod
645 2576 804 2618 sepelitur,

140 2627 277 2665 sepulcra
294 2636 450 2656 vocamus.
496 2625 589 2656 Adde
607 2625 748 2657 Servium
765 2625 805 2656 ad

143 2674 231 2715 Virg.
251 2676 324 2705 AEn.
341 2674 383 2705 xi.
404 2676 474 2705 185.
525 2675 670 2705 HAnLEs.

186 2724 238 2753 27.
275 2724 387 2754 Hector
416 2730 481 2754 erat
513 2730 585 2754 tunc
615 2736 705 2764 quum
734 2725 807 2753 bella

142 2773 304 2814 certabat]
332 2774 403 2810 Quo
420 2779 512 2815 paeto
524 2783 604 2804 caeso
618 2771 745 2804 Hectori
761 2772 807 2803 in-

869 1350 1015 1382 sultarint
1053 1350 1169 1385 Graeci,
1208 1349 1349 1380 invenies
1386 1348 1468 1379 Iliad
1506 1361 1536 1380 x.

870 1400 944 1434 372,
961 1410 1038 1440 sqq:

905 1448 947 1480 τΩ
965 1446 997 1478 δε
1015 1446 1045 1478 δὲ
1062 1459 1109 1484 τις
1125 1447 1274 1478 εἴπεσκεν
1295 1445 1373 1478 ἰδὼν
1395 1447 1426 1484 ἐς
1448 1449 1535 1486 πλη-

956 1497 1028 1528 σίον
1044 1498 1161 1533 ἄλλον,

907 1546 947 1578 Ὦ
965 1546 1079 1581 πόποι,
1098 1546 1118 1583 ἦ
1140 1545 1230 1587 μάλα
1253 1545 1292 1584 δὴ
1310 1546 1537 1588 μαλακώτερος

957 1596 1193 1638 ἀμφαφάασθαι

906 1646 1043 1687 ’Έκτωμ
1065 1647 1082 1684 ὴ
1100 1645 1152 1677 ὅτε
1172 1648 1255 1684 νῆας
1271 1644 1450 1688 ἐνέπρησεν
1462 1646 1540 1688 πυρὶ

958 1694 1074 1735 κηλέῳ.

916 1744 963 1774 Ne
989 1750 1083 1774 strato
1114 1745 1238 1779 illudas,
1269 1744 1399 1785 ignobile
1430 1746 1538 1786 vulgas

1001 1793 1148 1822 Achivum
1163 1804 1171 1821 ,-

958 1841 1242 1883 Egregiefunctum
1255 1842 1292 1871 sit
1305 1842 1417 1872 violare
1427 1844 1537 1881 pudor.

918 1890 987 1920 Non
1002 1892 1044 1920 ita
1057 1891 1221 1929 spirantem
1230 1891 1385 1931 quisquam
1399 1893 1540 1933 tetigisset

1002 1950 1034 1969 ιη
1050 1949 1143 1969 urmzs
1156 1951 1166 1976 ,-

961 1988 1054 2018 Nunc
1083 1989 1202 2027 impune
1228 1989 1297 2018 licet
1319 1999 1425 2028 corpus
1450 1990 1540 2019 inane

1000 2048 1128 2077 premas.

917 2086 964 2117 Οὐ
993 2087 1054 2128 γὰρ
1080 2086 1180 2117 ἐσθλὰ
1207 2086 1406 2118 κατθανοῦσι
1431 2098 1540 2128 κερτο-

960 2137 1034 2177 μεῖν
1050 2134 1099 2165 ἐπ’
1118 2134 1267 2177 ἀνδράσι.

874 2184 998 2216 Servius
1014 2184 1118 2221 tradit,
1133 2184 1225 2215 moris
1244 2184 1340 2215 fuisse
1355 2183 1539 2225 antiquitus,

872 2239 907 2265 ut
935 2234 1117 2265 interemtos
1145 2233 1281 2263 hostium
1311 2232 1408 2263 duces
1440 2231 1540 2263 omnis

872 2289 1050 2325 percuteret
1065 2283 1233 2314 exercitus.
1250 2283 1326 2312 ffEn.
1342 2281 1384 2312 xi.
1400 2283 1430 2312 9.

916 2334 970 2364 30.
998 2333 1070 2363 Herc
1103 2331 1293 2371 simulacra]
1327 2331 1397 2361 Hoc
1428 2341 1541 2372 corpus

873 2381 938 2412 sine
954 2382 1083 2417 viribus,
1096 2387 1128 2412 et
1143 2380 1223 2411 hanc
1237 2381 1342 2411 fictam
1359 2379 1540 2421 imaginem.

873 2431 1047 2461 Simulacra
1066 2430 1150 2461 euim
1169 2429 1291 2472 proprie
1311 2433 1383 2459 sunt
1403 2433 1540 2459 mortuo-

874 2490 941 2510 rum
964 2479 1128 2520 imagines,
1146 2489 1215 2520 quae
1235 2489 1272 2509 ex
1289 2477 1445 2508 desiderio
1460 2488 1540 2508 mor-

875 2534 997 2560 tuorum
1012 2535 1086 2559 ortae
1103 2534 1194 2566 sunt3
1217 2534 1252 2558 ut
1267 2527 1321 2569 qui
1333 2527 1400 2568 jam
1415 2527 1541 2558 defece-

873 2584 953 2613 rant,
980 2578 1084 2608 vivere
1113 2577 1302 2607 viderentur.
1348 2576 1407 2606 His
1436 2582 1541 2606 autern

874 2627 976 2657 verbis
1002 2633 1095 2668 poeta
1121 2636 1154 2656 se
1179 2625 1268 2666 quasi
1294 2630 1449 2655 mortuum
1475 2636 1541 2656 esse

875 2674 1030 2717 designat,
1049 2685 1105 2705 nec
1122 2673 1295 2715 quidquam
1311 2678 1421 2714 praeter
1441 2674 1537 2705 simu-

876 2724 995 2754 lacrum
1012 2728 1127 2754 restare
1145 2722 1314 2764 signifieat.

921 2773 972 2804 32.
998 2771 1200 2811 Sollicitare]
1230 2770 1422 2812 Inquietare.
1461 2770 1541 2801 Meos
