1760 3172
205 177 293 220 206

600 175 650 216 P.
685 173 796 216 OVI
806 173 902 216 DII
935 173 1217 216 NASONIS

209 291 351 347 Quis,
370 291 465 338 nisi
493 289 789 345 Maeonides,
808 289 1055 337 Venerem
1082 288 1402 352 Martemque
1426 289 1606 352 ligatos

275 368 321 414 N
328 365 551 435 arrat,.;ssln
578 367 814 414 obscoeno
840 381 1050 429 corpora
1074 381 1257 428 prensa
1282 366 1423 413 toro?

211 445 375 501 Unde,
405 438 497 492 nisi
523 444 706 490 indicio
734 442 900 504 magni
927 442 1168 489 sciremus
1196 442 1418 499 Homeri,

277 521 506 586 Hospitis
533 522 648 584 igne
674 521 798 567 duas
824 520 1094 566 incaluisse
1122 519 1292 566 Deas?

1509 523 1607 567 380

210 598 375 647 Omne
401 615 559 661 genus
586 597 757 661 scripti
785 596 1029 659 gravitate
1053 596 1298 658 tragoedia
1321 596 1503 644 vincit:

277 674 400 723 Haec
427 690 631 738 quoque
657 673 917 720 materiam
944 687 1143 736 semper
1169 674 1350 721 amoris
1376 674 1545 721 habet.

211 753 343 800 Nam
371 752 493 816 quid
519 752 568 798 in
597 749 1007 814 Hippolyto,.nisi
1034 765 1182 796 caecae
1210 751 1411 798 flamma
1435 766 1606 798 nover-

277 829 473 876 Nobilis
500 835 578 876 est
605 827 807 874 Canace
832 825 998 873 fratris
1025 842 1192 874 amore
1218 828 1311 875 sui.

1476 828 1607 890 [cae?

211 907 380 962 Quid?
418 922 518 953 non
544 904 851 959 Tantalide&
880 903 1104 966 agitante
1130 905 1368 969 cupidine
1394 922 1584 960 currus,

277 984 494 1031 Pisaeam
519 983 754 1047 Phrygiis
780 981 919 1028 vexit
943 982 1161 1029 eburnus
1188 982 1367 1045 equis?

92 1098 111 1131 -3
134 1108 152 1124 J
209 1061 450 1124 Tingeret
474 1067 530 1107 ut
554 1059 738 1107 ferrum
764 1066 996 1106 natorum
1022 1060 1265 1122 sanguine
1290 1068 1464 1117 mater,

1511 985 1607 1030 386

279 1138 526 1186 Concitus
552 1154 581 1184 a
604 1137 724 1183 laeso
749 1135 868 1183 fecit
893 1152 1060 1183 amore
1086 1137 1253 1185 dolor:

215 1215 357 1263 Fecit
377 1231 515 1262 amor
541 1214 733 1261 subitas
758 1213 986 1260 volucres
1012 1229 1126 1260 cum
1152 1214 1331 1277 pellice
1356 1230 1541 1277 regem,

279 1293 507 1356 Quaeque
534 1308 680 1339 suum
706 1292 846 1353 luget
870 1306 1002 1337 nunc
1023 1306 1226 1355 quoque
1252 1298 1412 1339 mater
1438 1290 1572 1355 Ityn.

253 1444 327 1474 377.
358 1442 497 1473 Venerem
525 1442 712 1482 Martemque
737 1441 870 1484 ligatos]

211 1492 397 1529 Athenaeus,
420 1492 475 1524 lib.
497 1492 519 1523 i.
543 1502 612 1534 cap.
637 1493 694 1530 123
718 1492 803 1527 item,
820 1491 875 1522 lib.

210 1542 264 1572 xii.
287 1542 318 1572 in
344 1542 508 1584 principio,
533 1541 610 1572 satis
637 1541 767 1571 honeste
793 1540 874 1571 hanc

211 1591 349 1623 fabulam
371 1592 614 1633 interpretatur,
637 1596 807 1625 cantorem,
827 1591 874 1621 in-

211 1641 333 1683 quiens,
344 1640 428 1683 apud
437 1642 532 1672 Hom.
544 1640 660 1682 odyss·
674 1643 711 1676 Θ,
723 1639 876 1670 Phaeacas

210 1691 366 1722 dehortari
396 1690 529 1722 voluisse
559 1701 577 1721 a
607 1690 698 1721 malis
727 1689 875 1726 moribus,

211 1741 325 1782 quibus
354 1740 551 1771 laborabant.
609 1739 703 1777 Quod
742 1744 773 1770 et
810 1738 877 1780 ipse

211 1796 319 1820 auctor
334 1789 449 1820 fabulae
460 1789 584 1820 videtur
599 1789 774 1830 significare
789 1798 878 1829 egre-

211 1839 262 1880 gio
293 1838 350 1869 hoc
381 1838 639 1880 epiphonemate:
671 1837 738 1868 Οὐκ
769 1837 879 1879 ἀρετᾷ

211 1888 293 1918 κακὰ
309 1887 399 1929 ἔργα.
437 1886 501 1917 Adi
518 1891 550 1917 et
565 1885 727 1918 Plutarch.
751 1886 789 1917 de
805 1896 878 1928 poe-

210 1938 249 1968 tis
265 1937 440 1968 audiendis.

254 1988 328 2018 380.
347 1987 433 2017 Dicas
450 1985 554 2025 Deus]
580 1985 719 2027 Calypso
732 1984 877 2016 etCirce.

255 2038 328 2068 383.
355 2037 434 2066 Nam
454 2037 526 2076 quid
546 2037 579 2065 in
606 2035 799 2075 Hippolyta]
826 2036 877 2066 De

211 2096 274 2128 quo
296 2087 370 2117 Eur.
394 2091 424 2116 et
447 2086 520 2115 Seu.
537 2083 723 2126 tragoediam
746 2084 878 2126 scripse-

211 2142 294 2167 runt.

255 2185 329 2215 384.
356 2183 470 2214 Nobilis
496 2189 537 2214 est
569 2182 714 2223 Canace]
748 2183 876 2214 Canace

211 2245 248 2265 ex
264 2234 356 2264 fratre
372 2234 522 2264 Macareo
538 2233 636 2263 filium
652 2232 789 2275 peperit:
815 2243 876 2274 quo

211 2283 328 2314 scelere
345 2288 513 2324 comperto,
529 2282 663 2324 seipsam
675 2282 766 2323 jussu
781 2282 877 2323 patris

210 2332 378 2364 interfecit.
434 2334 605 2363 Macareus
634 2342 706 2362 vero
734 2331 766 2361 in
796 2337 875 2362 tem-

210 2382 298 2424 plum
315 2381 472 2425 Apollinis
489 2379 639 2423 Delphici
655 2381 807 2422 confugit.

255 2432 329 2462 385.
369 2431 474 2466 Quid?
501 2442 559 2461 non
594 2430 798 2470 Tantalides]
839 2431 878 2461 In

212 2480 421 2523 Peloponnesi
436 2479 576 2515 civitate,
588 2480 676 2510 Mars
692 2489 730 2509 ex
747 2479 878 2520 Aigina,

212 2530 310 2572 Asopi
340 2530 415 2566 filia,
439 2528 550 2571 genuit
579 2529 786 2560 OEnomaum:
826 2528 876 2560 hic

213 2579 337 2610 unicam
354 2579 451 2610 filiam
475 2578 720 2620 Hippodamiam
744 2578 876 2617 habuit;

213 2629 305 2659 finem
322 2628 392 2659 vitae
414 2629 453 2659 ab
476 2628 602 2659 oraculo
624 2627 806 2664 sciscitanti,
827 2638 876 2659 re-

213 2688 360 2719 sponsum
383 2683 442 2714 est,
458 2683 533 2708 tunc
556 2676 627 2708 fatis
642 2676 732 2708 illum
748 2687 877 2708 conces-

212 2737 328 2763 surum,
341 2737 436 2768 quum
448 2726 514 2758 filia
528 2725 742 2768 Hippodamia
756 2726 878 2768 nupsis-

943 1448 991 1472 set
1005 1453 1013 1480 ;
1037 1442 1108 1473 vide
1125 1442 1189 1473 sab.
1204 1442 1288 1485 apud
1304 1441 1398 1473 ovid.
1422 1441 1561 1473 Servium
1578 1447 1610 1472 et

944 1489 1031 1522 alios.
1077 1491 1164 1522 Inter
1180 1491 1344 1534 Sophoclis
1356 1490 1527 1532 tragoedias
1541 1500 1612 1532 per-

943 1540 1035 1576 ditas,
1052 1541 1263 1583 Hippodamia
1278 1547 1308 1572 et
1324 1542 1495 1572 OEnomaus
1511 1541 1611 1572 citan-

943 1595 1003 1625 tur,
1017 1600 1087 1631 quae
1104 1590 1181 1621 forte
1206 1601 1269 1621 una
1288 1590 1478 1632 eademque,
1497 1596 1528 1620 et
1549 1589 1611 1620 huc

943 1645 1084 1681 spectare
1092 1640 1225 1671 videtur.
1242 1639 1400 1681 Euripidis
1410 1639 1504 1670 etiam
1514 1640 1613 1670 (Eno-

944 1698 1033 1719 maus
1046 1699 1064 1719 a
1074 1688 1217 1720 Fabricio
1232 1699 1293 1720 non
1306 1688 1471 1719 omittitur.
1495 1688 1611 1718 Bunnr.

988 1738 1062 1769 386.
1100 1737 1251 1778 Pisa-am]
1290 1737 1536 1780 Hippodamiam
1573 1747 1612 1768 ex

945 1786 1029 1823 Pisa,
1038 1787 1165 1818 civitate
1177 1787 1334 1819 Arcadiae.
1366 1787 1512 1828 Phrygiis
1522 1788 1614 1827 equis.

945 1836 1044 1867 Psilla
1067 1842 1098 1867 et
1122 1836 1274 1878 Harpina,
1292 1847 1368 1878 quos
1385 1846 1482 1877 equos
1496 1835 1614 1877 Pelops

947 1896 963 1916 e
978 1885 1118 1927 Phrygia
1128 1886 1255 1917 veniens
1267 1896 1373 1916 secum
1387 1884 1488 1916 duxit.
1513 1884 1613 1915 Ebur-

949 1947 1014 1966 nus.
1044 1936 1191 1966 Eburnus
1202 1933 1318 1977 Pelops
1329 1940 1458 1965 vocatur
1473 1944 1492 1965 a
1502 1933 1614 1976 poetis,

947 1987 1095 2026 quoniam
1125 1985 1279 2016 Tantalus
1307 1985 1374 2027 ejus
1397 1992 1485 2026 pater
1506 1983 1615 2015 volens

947 2036 1088 2065 Deorum
1110 2041 1232 2066 tentare
1248 2033 1457 2069 divinitatem,
1475 2033 1519 2064 eis
1534 2032 1615 2063 invi-

946 2085 1019 2116 tatis
1031 2084 1129 2116 filium
1144 2095 1234 2116 suum
1246 2084 1439 2126 epulandum
1452 2082 1595 2125 adposuit
1607 2095 1615 2121 3

946 2145 964 2165 a
975 2145 1037 2175 quo
1053 2144 1160 2165 omnes
1173 2133 1226 2165 Dii
1240 2132 1469 2168 abstinuerunt,
1481 2137 1614 2174 excepta

945 2185 1069 2220 Cerere,
1081 2194 1150 2224 quae
1167 2183 1333 2214 brachium
1349 2182 1416 2224 ejus
1431 2182 1614 2213 consumsit.

944 2235 1059 2264 Postea
1088 2233 1154 2269 Dii,
1184 2238 1311 2275 petente
1338 2231 1485 2267 Tantalo,
1515 2241 1613 2272 quum

944 2283 1113 2313 voluissent
1126 2283 1193 2324 ejus
1209 2281 1307 2312 filium
1320 2290 1467 2312 revocare
1481 2280 1520 2311 ab
1536 2279 1614 2311 infe-

943 2332 997 2367 ris,
1013 2332 1109 2363 Ceres
1121 2331 1149 2362 ei
1165 2332 1336 2361 eburneum
1348 2329 1508 2360 brachium
1526 2328 1614 2360 resti-

943 2381 1014 2413 tuit.
1059 2380 1151 2418 Quod
1175 2379 1246 2410 ideo
1262 2378 1400 2420 fingitur,
1418 2378 1494 2420 quia
1517 2379 1614 2410 Ceres

944 2431 1012 2473 ipsa
1034 2436 1081 2461 est
1103 2436 1194 2465 terra,
1219 2439 1289 2470 quae
1312 2438 1441 2471 corpora
1467 2427 1614 2459 universa

945 2485 1109 2515 consumit,
1126 2489 1195 2510 ossa
1209 2484 1332 2509 tantum
1348 2488 1520 2508 reservans.

989 2530 1064 2560 388.
1080 2529 1105 2559 A
1122 2529 1185 2558 Iccso
1195 2527 1321 2568 amora]
1350 2527 1402 2557 Ab
1419 2536 1524 2558 amore
1540 2527 1612 2557 Me-

945 2579 1013 2610 deae
1030 2579 1069 2609 ab
1085 2579 1202 2609 Jasone
1217 2576 1343 2607 violato.

988 2628 1061 2658 389.
1097 2626 1183 2657 Fecit
1205 2636 1288 2656 amor
1311 2626 1425 2656 subitas
1447 2623 1610 2664 volucres.]

945 2677 1035 2708 Terei
1056 2674 1244 2716 tragoediam
1260 2672 1420 2714 intelligit.
1466 2673 1552 2704 Nota
1565 2678 1614 2704 est

947 2725 1054 2757 fabula
1069 2724 1164 2756 ovid.
1181 2722 1393 2765 Metamorph.
1410 2721 1466 2753 lib.
1478 2722 1518 2753 vi.
