1760 3172
381 182 691 224 TRISTIUM
724 182 844 224 LIB.
880 181 943 223 II.
978 183 1069 224 EL.
1101 183 1321 227 UNICA.

1467 187 1551 228 193

154 298 306 346 Nulla
330 298 535 362 quidem
562 315 681 346 sano
707 298 900 361 gravior
924 299 1210 363 mentisque
1234 303 1425 364 potenti

213 375 372 422 Poena
395 382 487 432 est,
515 392 666 439 quam
691 381 829 422 tanto
856 375 1174 438 displicuisse
1199 377 1318 425 viro.

1447 381 1540 425 14O

153 453 255 501 Sed
281 454 409 500 solet
432 453 684 500 interdum
708 452 813 499 fieri
840 452 1088 515 placabile
1114 469 1326 501 numen:

216 529 367 578 Nube
392 531 519 578 solet
544 531 692 594 pulsa
715 530 959 577 candidus
985 530 1056 577 ire
1081 530 1206 578 dies.

148 606 264 654 Vidi
290 623 383 669 ego
408 607 688 671 pampineis
715 613 972 654 oneratam
997 607 1182 654 vitibus
1209 608 1413 665 ulmum,

217 684 343 740 Quae
368 684 527 733 fuerat
552 701 683 732 saevo
707 685 914 732 fulmine
939 692 1076 732 tacta
1099 684 1129 730 J
1134 685 1255 732 ovis.

150 761 268 826 Ipse
293 762 411 810 licet
435 778 635 826 sperare
658 766 815 818 vetes,
845 761 1158 826 sperabimus
1186 778 1358 826 aeque3

1455 766 1546 811 145

215 838 326 887 Hoc
352 856 506 886 unum
531 839 653 895 fieri,
680 846 730 887 te
755 839 1071 903 prohibente,
1100 846 1283 903 potest.

151 916 279 980 Spes
304 916 426 964 mihi
451 933 633 979 magna
659 917 809 973 subit,
837 933 994 980 quum
1020 923 1087 972 te,
1115 917 1379 965 mitissime
1412 918 1544 982 prin-

347 1010 497 1058 ceps;

215 1071 344 1135 Spes
368 1072 505 1128 mihi,
532 1071 744 1135 respicio
771 1086 927 1134 quum
953 1087 1065 1119 mea
1087 1071 1206 1128 fata,
1234 1072 1385 1120 cadit.

116 1207 122 1213 ι
145 1147 221 1196 Ac
245 1149 399 1196 veluti
423 1149 586 1197 ventis
613 1149 919 1212 agitantibus
946 1165 1164 1213 aequora,
1190 1166 1290 1197 non
1316 1157 1395 1198 est

213 1226 442 1289 AEqualis
468 1227 647 1281 rabies,
675 1226 1047 1290 continuusque
1071 1226 1228 1284 furor;

150 1302 252 1351 Sed
277 1305 424 1351 modo
450 1303 732 1359 subsidunt,
761 1304 1136 1367 intermissique
1163 1304 1421 1361 silescunt,

213 1380 430 1445 Vimque
455 1388 603 1445 putes
629 1380 739 1428 illos
764 1381 1060 1445 deposuisse
1087 1396 1258 1438 suam3

149 1458 233 1506 Sic
260 1460 463 1515 abeunt,
490 1460 804 1522 redeuntque
824 1459 939 1514 mei,
966 1459 1263 1522 variantque
1287 1458 1521 1516 timores3

214 1535 282 1584 Et
305 1552 446 1601 spem
471 1537 704 1601 placandi
730 1538 956 1601 dantque
982 1544 1269 1600 negantque
1294 1536 1383 1583 tui.

145 1701 198 1742 (ut
204 1700 434 1743 jurisconsultis
444 1701 567 1743 placet)
580 1712 597 1733 a
607 1701 809 1743 relegatione,

145 1751 229 1793 quod
244 1752 379 1782 exsilium
395 1758 443 1782 est
454 1757 650 1794 perpetuum,
667 1753 811 1793 relegatio

145 1802 179 1832 fit
206 1801 246 1832 ad
277 1806 411 1843 tempus.
459 1802 529 1832 Non
556 1802 638 1833 estsul
665 1803 749 1832 dicor
774 1804 811 1833 ab

144 1853 218 1882 urbe
232 1862 278 1893 pr.
294 1851 398 1882 Palat.

192 1901 262 1931 138.
286 1900 472 1941 Parcaque]
498 1899 564 1930 Alii
584 1899 676 1931 codd.
694 1911 809 1940 pauca-

144 1961 209 1991 que,
233 1956 288 1982 aut
309 1961 462 1991 parvaque
484 1949 627 1981 sollemni
650 1956 808 1992 permuta-

144 1999 237 2032 tione.
252 2012 281 2031 v.
302 2000 411 2030 Burm.
434 2000 475 2030 ad
498 2000 617 2031 Lucan.
632 2011 663 2031 v.
680 2001 753 2031 505.
776 2006 808 2032 et

144 2050 304 2081 Drakenb.
321 2050 361 2080 ad
376 2049 432 2081 Sil.
448 2050 549 2093 Ital5j.
565 2050 639 2080 680.
651 2049 719 2081 loco
734 2052 808 2081 data

144 2098 198 2139 alii
211 2100 250 2129 ibi
267 2103 321 2130 aut
336 2100 401 2135 tibi,
413 2109 450 2130 ac
465 2100 554 2130 verba
566 2101 650 2135 ‹im-e,
661 2099 744 2140 quod
760 2104 807 2130 est

143 2148 261 2185 fallere,
277 2148 434 2190 decipere,
449 2148 510 2179 hoc
531 2148 599 2179 loco
623 2149 655 2179 in
678 2158 806 2179 censum

142 2198 248 2229 venire
268 2202 441 2239 nequeunt,
455 2202 490 2229 ut
506 2197 574 2239 jam
588 2198 670 2228 bene
686 2198 807 2228 monuit

143 2248 252 2278 Burm.
267 2245 403 2288 quivero
415 2257 528 2277 novam
543 2245 672 2288 protulit
685 2247 808 2288 conjec-

143 2302 264 2334 turam3
287 2306 389 2337 neque
400 2306 473 2327 vero
487 2295 546 2326 sibi
556 2295 623 2337 ipse
638 2295 806 2327 satisfecit:

147 2346 224 2376 Pars
246 2356 357 2386 quoque
369 2345 509 2387 fortunae
535 2351 606 2375 sunt
635 2350 689 2375 tua
719 2346 808 2376 verba

146 2395 195 2436 [n.
207 2395 263 2425 illa
278 2394 378 2430 mitia,
396 2405 446 2425 me
462 2404 528 2425 esse
549 2399 671 2425 tantum
687 2394 807 2436 relega-

141 2444 225 2484 tum]
239 2454 319 2474 meae.
366 2444 531 2474 Enimvero
544 2443 631 2480 mihi,
643 2443 807 2485 antiquam

142 2493 282 2524 deserere
304 2491 482 2528 lectionem,
499 2503 560 2523 non
581 2503 659 2534 opus
677 2503 743 2524 esse
759 2493 805 2523 vi-

144 2541 244 2573 detur.
289 2541 471 2571 Retinerem
492 2541 587 2582 igitur
601 2543 642 2572 ibi
656 2547 687 2572 et
700 2551 805 2581 parca,

144 2590 173 2622 h.
186 2601 213 2621 e.
227 2589 326 2626 mitia,
337 2589 431 2626 lenia,
446 2595 481 2620 ut
495 2589 551 2621 Sil.
562 2590 635 2621 Ital.
651 2590 716 2621 xvi.
736 2592 807 2622 111.

140 2651 232 2680 parco
261 2639 292 2669 h.
311 2650 339 2670 e.
363 2639 424 2670 levi
451 2640 576 2670 vulnere
603 2641 728 2676 violare,
753 2644 807 2670 aut

144 2689 266 2730 plenius
288 2687 371 2719 idem
394 2687 449 2719 ille
472 2687 526 2718 xii.
542 2688 616 2718 424.
629 2687 715 2719 canit
730 2689 809 2718 nihil

145 2739 246 2774 levior,
258 2748 311 2768 nec
325 2739 445 2777 parcior
459 2738 522 2768 ἱνα.
552 2736 618 2768 Aut
633 2736 658 2768 si
673 2747 810 2768 commo-

189 2792 286 2823 VOL.
312 2792 357 2822 11.
382 2820 384 2822 ,

1454 1539 1545 1584 154

879 1701 945 1733 dior
965 1702 1122 1733 videretur
1143 1702 1322 1733 emendatio
1346 1702 1455 1733 Burm.
1477 1713 1549 1741 pars

878 1763 1002 1792 quoque,
1020 1751 1088 1781 loco
1111 1757 1217 1782 tamen
1239 1761 1295 1782 suo
1311 1752 1352 1781 ibi
1366 1762 1427 1782 non
1443 1762 1547 1782 move-

877 1810 952 1832 rem.
977 1801 1108 1831 Sensus:
1126 1801 1206 1837 Quae
1222 1800 1320 1831 inillo
1332 1800 1436 1831 edicto
1447 1800 1485 1831 de
1497 1810 1547 1831 me

878 1860 1011 1891 meaque
1039 1849 1162 1880 fortuna
1188 1849 1307 1886 dixisti,
1334 1855 1406 1881 sunt
1436 1850 1475 1881 ab
1501 1850 1548 1881 ira

878 1899 1001 1938 aliena3
1025 1904 1090 1935 aut,
1107 1899 1189 1941 quod
1212 1900 1251 1930 de
1273 1910 1322 1930 me
1343 1899 1449 1930 dixisti
1464 1899 1546 1930 adeo

876 1948 1000 1986 leniter,
1011 1948 1044 1979 in
1059 1949 1200 1991 partibus
1216 1960 1292 1980 meae
1306 1960 1387 1991 pono
1403 1949 1546 1980 fortunae.

876 1998 1027 2030 HARLns.

923 2049 994 2079 139.
1028 2048 1196 2088 Mentisque
1219 2047 1365 2088 potenti]
1399 2047 1544 2089 Compoti

875 2098 1005 2128 mentis:
1031 2097 1121 2139 cujus
1146 2107 1234 2127 mens
1251 2096 1290 2127 de
1314 2102 1467 2138 potestate
1489 2106 1546 2127 sua

875 2157 937 2177 non
953 2147 1040 2177 exiit.

920 2197 992 2227 145.
1016 2197 1223 2236 Sperabimus:
1246 2202 1337 2235 atque
1361 2195 1426 2225 Hoc
1450 2206 1545 2224 unum

863 2245 951 2286 fieri.
976 2247 1072 2287 Lege,
1098 2246 1287 2285 Sperabimns
1305 2256 1404 2285 oeque3
1429 2244 1542 2274 nihilo-

874 2295 977 2325 minus
1014 2295 1230 2337 sperabimus:
1277 2299 1390 2336 praeter
1427 2302 1543 2323 morem

874 2344 981 2375 Ovidii
1006 2344 1038 2374 in
1062 2344 1173 2375 ultimo
1189 2354 1280 2374 versu
1301 2353 1383 2373 nova
1397 2342 1543 2383 periodus

872 2393 993 2436 incipit.
1039 2394 1151 2424 Posset
1166 2394 1260 2424 etiam
1281 2392 1342 2434 legi
1363 2394 1543 2431 sperabimus

872 2454 975 2483 nsque·

917 2491 1132 2532 Spei-abimus]
1161 2491 1265 2521 Multo
1290 2490 1400 2520 fortius
1422 2488 1542 2518 dictum

873 2541 930 2571 hoc
946 2541 1070 2571 videtur
1088 2540 1213 2570 unicum
1230 2539 1429 2572 vocabulum,
1447 2547 1542 2578 quam

872 2589 1051 2621 emendatio
1075 2587 1260 2623 Heinsiana,
1283 2597 1352 2628 quae
1377 2586 1469 2617 valde
1491 2586 1542 2616 fri-

873 2644 943 2680 get:
984 2649 1002 2669 a
1025 2636 1252 2679 Verpoortenio
1281 2641 1386 2666 tamen
1413 2640 1542 2676 recepta

874 2690 1055 2728 sperabimus
1069 2698 1159 2727 mque,
1177 2691 1232 2717 aut
1246 2696 1348 2726 usque.
1395 2685 1544 2716 limus.

997 2794 1024 2821 ί)

1452 1230 1545 1275 150
1678 1266 1695 1270 ..
1744 1255 1748 1257 Α
