1760 3172
330 179 422 219 EX
455 176 665 219 PONTO
702 175 821 216 LIB.
854 174 945 216 ΙΙΙ.
980 175 1172 217 EPIST.
1206 176 1287 217 IV.

116 293 249 356 Ergo
275 293 357 341 alii
382 299 595 340 noceant
618 291 825 347 miseris,
853 298 1129 355 optentque
1154 291 1332 347 timeri,

1418 177 1501 218 461

1410 295 1500 339 105

183 371 461 434 Tinctaque
488 370 707 417 mordaci
735 368 925 432 spicula
949 368 1063 415 felle
1090 376 1280 430 gerant.

117 447 186 495 At
210 455 297 495 tua
320 448 630 512 supplicibus
656 447 834 493 domus
860 452 935 492 est
962 445 1170 492 adsueta
1188 446 1450 508 juvandis:

184 524 243 571 In
270 541 480 588 quorum
506 517 711 571 numero
738 539 816 570 me
842 539 1017 586 precor
1042 539 1152 570 esse
1176 523 1313 570 velis.

532 738 965 786 EPISTOLA
1013 738 1100 785 IV.

685 836 949 878 RUFINO.

122 912 253 960 HAEC
279 913 369 960 tibi
395 929 493 959 non
510 928 688 959 vanam
714 911 964 975 portantia
988 912 1138 959 verba
1164 913 1392 969 salutem,

190 991 328 1038 Naso
349 990 612 1037 Tomitana
635 990 790 1036 mittit
815 990 876 1036 ab
903 990 1024 1036 urbe
1050 997 1192 1047 tuus3

124 1068 296 1132 thue
322 1084 411 1115 suo
436 1067 600 1115 faveas
626 1067 844 1122 mandat,
874 1066 1073 1122 Rufine,
1094 1067 1371 1132 triumpho;

190 1145 251 1192 In
275 1151 464 1192 vestras
489 1144 624 1191 venit
648 1143 688 1190 si
713 1150 880 1191 tamen
905 1144 987 1190 ille
1012 1161 1205 1191 manus.

126 1222 219 1270 Est
242 1239 366 1286 opus
392 1221 646 1283 exiguum,
673 1221 930 1284 vastisque
955 1223 1210 1286 paratibus
1236 1223 1408 1287 impar,
1480 1228 1509 1272 5

192 1299 352 1354 Quale
377 1306 545 1346 tamen
565 1315 781 1363 cumque
806 1307 897 1356 est,
921 1307 976 1347 ut
997 1307 1166 1348 tueare
1190 1317 1325 1363 rogo.

127 1377 293 1425 Firma
318 1377 484 1425 valent
518 1393 608 1440 per
636 1393 705 1433 se,
736 1377 1027 1441 nullumque
1063 1377 1344 1426 Machaona
1377 1395 1512 1441 quae-

192 1455 272 1502 Ad
288 1455 532 1502 medicam
549 1455 731 1501 dubius
748 1454 969 1517 confugit
984 1472 1114 1518 aeger
1130 1472 1292 1519 opem.
1347 1457 1482 1518 [runt
1500 1474 1510 1504 :

130 1532 243 1580 Non
275 1550 400 1597 opus
426 1540 502 1580 est
526 1533 719 1596 magnis
744 1534 941 1597 placido
967 1535 1150 1581 lectore
1176 1534 1364 1597 poetis:

195 1609 482 1664 Quamlibet
503 1610 709 1657 invitum
735 1611 1086 1674 difficilemque
1110 1618 1298 1659 tenent.
1456 1614 1515 1658 lo

129 1687 252 1744 Nos,
280 1687 462 1751 quibus
488 1687 740 1750 ingenium
766 1688 899 1750 longi
926 1688 1147 1735 minuere
1173 1689 1384 1742 labores,

195 1764 298 1811 Aut
322 1764 471 1811 etiam
496 1765 688 1810 nullum
712 1764 916 1811 forsitan
945 1772 1059 1812 ante
1085 1765 1192 1822 fuit,

131 1841 332 1888 Viribus
358 1841 553 1899 infirmi,
580 1849 744 1889 vestro
767 1844 980 1891 candore
1002 1844 1224 1891 valemus
1244 1860 1253 1891 :

199 1919 362 1974 Quem
386 1919 507 1967 mihi
534 1920 575 1984 si
600 1920 789 1977 demas,
818 1922 982 1968 omnia
1006 1928 1146 1985 rapta
1170 1927 1357 1984 putem.

179 2051 251 2082 106.
267 2049 358 2082 Alios
376 2049 469 2082 dictis
487 2051 606 2082 acerbis
622 2051 795 2083 mordeant.

133 2100 249 2131 Confer
272 2100 323 2130 Tr.
346 2099 379 2130 ii.
403 2102 477 2132 563.
497 2102 570 2132 565.
607 2101 731 2132 Alludit
756 2102 796 2132 ad

134 2149 290 2180 feritatem
313 2149 512 2190 Scytharum,
533 2150 662 2191 sagittas
678 2162 797 2182 veneno

133 2198 357 2240 tinguentium.
395 2200 544 2230 HARLES.

182 2298 211 2327 1.
230 2297 299 2327 Non
322 2308 428 2327 vanam
450 2298 605 2338 salutem]
633 2299 681 2328 Ex
697 2297 798 2328 animo

136 2345 194 2377 tibi
214 2351 355 2389 optatam
367 2358 376 2385 3
400 2346 474 2388 quia
492 2358 601 2389 precor
622 2354 657 2378 ut
678 2346 719 2378 sis
737 2347 797 2377 sal-

136 2407 204 2433 vus,
220 2403 255 2427 ut
270 2407 315 2427 es.

180 2448 212 2477 3.
229 2446 418 2487 Triumpho]
440 2447 489 2477 De
506 2446 633 2487 Illyrico
645 2445 800 2486 triumpho

137 2502 169 2527 et
194 2496 262 2527 haec
288 2501 320 2526 et
345 2495 501 2537 superiora
525 2496 581 2526 illa
607 2494 801 2536 accipienda.

138 2547 304 2587 Nusquam
321 2545 404 2576 enim
424 2545 499 2576 alibi
520 2545 651 2587 reperio,
667 2544 706 2575 de
723 2545 801 2575 Ger-

139 2594 240 2625 manis
255 2594 462 2636 triumphasse
477 2594 638 2625 Tiberium
653 2606 658 2622 :
677 2593 731 2623 sed
747 2592 802 2622 de-

139 2643 230 2675 victis
250 2643 376 2685 Illyriis,
392 2643 579 2684 decretoque
602 2642 648 2673 illi
669 2653 738 2672 eam
763 2643 802 2672 ob

140 2703 205 2722 rem
219 2692 385 2734 triumpho,
399 2692 431 2723 in
446 2703 582 2735 praesens
595 2691 721 2733 quidem
737 2696 803 2720 tum

139 2742 178 2772 ob
200 2747 345 2773 moestam
359 2741 499 2772 Variana
518 2741 607 2772 clade
632 2740 803 2775 civitatem,

863 2058 1019 2088 ovantem,
1046 2053 1101 2084 sed
1131 2053 1304 2083 laureatum
1327 2057 1444 2088 tamen,
1472 2063 1521 2083 ur-

862 2104 933 2134 bem
960 2114 1026 2134 esse
1050 2103 1239 2144 ingressum:
1264 2101 1467 2143 triumphavit
1489 2111 1522 2133 e-

865 2153 927 2183 nim
942 2152 1083 2183 Tiberius
1099 2163 1185 2194 prox.
1201 2162 1281 2182 anno
1302 2156 1373 2181 ante
1393 2156 1523 2181 mortem

866 2202 1013 2243 Augusti,
1032 2213 1093 2243 quo
1113 2207 1252 2242 tempore
1269 2206 1299 2230 et
1316 2200 1382 2230 haec
1398 2210 1416 2230 a
1432 2207 1524 2241 poeta

866 2252 982 2293 scripta
1003 2251 1157 2286 videntur,
1174 2260 1271 2290 quum
1289 2249 1355 2290 jam
1378 2254 1523 2289 quartum

865 2295 898 2325 in
917 2295 1016 2324 Ponto
1032 2304 1147 2324 annum
1163 2292 1309 2333 degisset.
1346 2293 1471 2322 M1cx‘L.

910 2344 941 2373 7.
960 2343 1063 2372 Firma
1080 2343 1179 2372 valent
1195 2352 1246 2379 per·
1260 2352 1299 2376 se,
1316 2341 1391 2380 &c.]
1411 2341 1526 2370 Sensus

867 2398 933 2423 est:
960 2392 1096 2433 Corpora
1121 2391 1209 2420 firma
1233 2400 1268 2420 ac
1289 2389 1393 2419 valida
1416 2400 1470 2430 per
1493 2400 1526 2420 se

869 2441 1052 2476 consistunt,
1084 2450 1184 2480 neque
1220 2450 1297 2480 opus
1323 2438 1443 2468 medico
1472 2438 1526 2468 ha-

867 2492 954 2526 bent,
978 2489 1030 2531 qui
1057 2500 1095 2520 ea
1121 2494 1300 2519 conservet:
1328 2488 1371 2518 sie
1397 2493 1426 2518 et
1452 2486 1526 2517 boni

871 2550 906 2570 ac
939 2544 1121 2581 praestantes
1157 2543 1267 2579 poetae,
1297 2548 1356 2567 non
1385 2536 1529 2577 indigent

871 2590 973 2619 favore
1000 2587 1134 2621 lectoris,
1156 2586 1281 2627 quando
1302 2586 1435 2626 ipsorum
1460 2595 1528 2615 car-

871 2637 954 2667 mina
969 2647 1023 2678 per
1037 2647 1070 2666 se
1086 2633 1347 2666 commendabilia
1360 2639 1442 2664 sunt.

915 2690 945 2717 9.
975 2687 1043 2716 Non
1069 2696 1139 2724 opus
1166 2691 1206 2715 est
1235 2686 1351 2726 mugnis
1376 2682 1525 2723 placido]

873 2736 978 2767 Poetis
998 2734 1224 2766 excellentibus
1245 2744 1305 2764 non
1328 2739 1375 2764 est
1396 2743 1473 2774 opus
1496 2736 1532 2762 ut
