1760 3172
210 192 226 231 l
237 192 293 230 00

598 189 647 231 P.
682 189 896 231 OVIDII
932 190 1212 233 NASONIS

210 305 335 360 Quis
362 305 485 353 serat
509 304 886 355 Andromaches
920 314 1241 371 peragentem
1268 306 1461 355 Thaida
1495 324 1604 372 par-

412 391 488 430 tes
505 383 523 429 ’.Ι

278 459 482 516 Peccat,
510 461 558 507 in
583 459 933 508 Andromache
959 460 1152 508 Thaida
1176 461 1216 508 si
1243 461 1356 524 quis
1383 469 1514 524 agat.

209 536 361 584 Thais
388 538 437 584 in
463 537 585 585 Arte
610 538 744 586 mea:
778 537 982 585 lascivia
1005 537 1163 586 libera
1182 546 1351 586 nostra
1375 547 1468 586 est.
1507 541 1604 587 385

279 615 363 661 Nil
389 615 508 662 mihi
534 632 648 662 eum
673 615 824 663 vitta:
865 615 1018 662 Thais
1044 615 1095 663 in
1121 615 1244 663 Arte
1268 617 1384 664 mea
1409 623 1502 664 est.

211 692 265 740 Si
291 708 402 740 mea
425 693 643 740 materiae
670 693 942 756 respondet
967 691 1118 740 Musa
1131 694 1335 756 jocosae,

276 769 517 826 Vicimus,
541 778 592 818 et
615 770 724 818 falsi
751 769 971 817 criminis
999 777 1111 817 acta
1135 787 1219 818 rea
1243 778 1334 818 est.

211 846 483 910 Rumpere,
521 846 667 894 Livor
701 847 860 905 edax3
895 848 1003 910 jam
1036 863 1271 910 magnum
1305 863 1486 895 nomen
1517 847 1603 894 ha-

409 925 587 971 bemus
607 942 616 972 ε

277 1001 446 1065 Majus
471 1003 590 1060 erit;
630 1009 843 1059 tantum,
865 1019 965 1066 quo
991 1003 1121 1066 pede
1147 1003 1315 1066 coepit,
1339 1009 1436 1050 eat.

1508 1004 1606 1049 390

213 1078 315 1126 Sed
341 1079 547 1126 nimium
572 1095 842 1144 properas:
881 1080 1043 1126 vivam
1070 1080 1246 1137 modo;
1294 1080 1438 1144 plura
1470 1079 1605 1126 dole—

278 1155 344 1203 Et
368 1157 573 1220 capiunt
597 1158 745 1205 animi
772 1157 994 1205 carmina
1019 1158 1177 1205 multa
1199 1158 1314 1205 mei.

1472 1156 1572 1219 [bis
1591 1174 1600 1203 :

212 1231 343 1279 Nam
364 1234 520 1295 juvat,
549 1241 599 1281 et
624 1235 847 1281 studium
872 1234 1016 1281 samae
1044 1235 1162 1281 mihi
1188 1234 1370 1282 erescit
1394 1249 1588 1282 amore:

276 1309 530 1374 Principio
556 1311 667 1357 clivi
691 1318 856 1358 vester
876 1312 1076 1358 anhelat
1100 1327 1279 1375 equus.

207 1387 423 1435 Tantum
450 1404 503 1435 se
528 1388 672 1435 nobis
700 1388 843 1452 Elegi
868 1389 1052 1436 debere
1076 1388 1321 1446 fatentur3

1508 1390 1604 1436 395

276 1463 532 1519 Quantum
557 1465 765 1528 Virgilio
791 1465 958 1514 nobile
982 1466 1136 1514 debet
1158 1481 1301 1530 opus.

252 1659 326 1690 383.
358 1659 606 1700 Andromaches]
636 1658 818 1702 Euripidem
842 1666 874 1690 et

209 1708 420 1739 Menandrum
436 1708 573 1750 respicit,
589 1720 720 1750 quorum
737 1709 790 1740 ille
807 1709 873 1740 An-

208 1757 410 1793 dromachen,
432 1768 502 1799 quae
530 1763 642 1794 exstat,
669 1758 719 1789 hic
747 1758 874 1789 Thaida

208 1806 417 1843 Comoediam,
430 1818 500 1849 quae
512 1807 614 1850 periit,
623 1808 733 1838 edidit.
756 1808 873 1838 BrnM.

252 1857 326 1888 391.
352 1857 453 1887 Plura
475 1857 612 1898 dolebis]
639 1857 726 1888 Plus.
749 1862 784 1889 ut
807 1858 873 1888 Ho-

207 1911 266 1937 rat.
280 1906 380 1948 Epod.
396 1917 426 1937 v.

252 1955 279 1985 Ο
292 1955 545 1996 multafleturnm
561 1962 664 1995 caput.
710 1955 840 1987 Doum.

251 2005 325 2035 393.
349 2004 594 2046 Studiumfcmiae
615 2006 687 2035 mihi
701 2007 807 2035 crescit
823 2007 872 2036 ho-

206 2054 305 2094 nora]
336 2053 432 2094 Lege,
446 2054 544 2095 jirrnae
574 2055 701 2091 honorae,
728 2060 762 2085 ut
789 2055 872 2097 apud

207 2103 353 2140 Statium,
367 2103 466 2134 Theb.
483 2103 515 2134 ii.
530 2104 603 2134 629.

255 2153 309 2183 Vos
323 2164 435 2193 quoque
453 2153 622 2193 Thespiadae
638 2165 695 2185 ¹nou
718 2155 873 2196 inficiatus

339 2203 450 2233 honora

250 2252 517 2294 llrcuerimfamll.

208 2302 248 2332 Et
271 2302 356 2333 idem
385 2302 439 2333 lib.
455 2302 475 2333 i.
499 2302 574 2333 Silv.
591 2302 632 2333 iv.
646 2303 699 2334 95.
746 2302 872 2333 Honora

206 2353 354 2382 carmina.
373 2351 491 2382 Hmws.
515 2352 565 2381 De
577 2362 651 2382 voce
663 2352 791 2382 honorus
800 2351 871 2382 vide

208 2400 316 2432 Barth.
333 2400 372 2431 ad
398 2401 477 2432 Stat.
492 2401 533 2431 iv.
551 2401 624 2431 624.
648 2406 680 2432 et
699 2401 737 2432 ad
760 2401 870 2432 lauda-

208 2455 273 2480 tum
289 2450 392 2480 locum
409 2451 447 2481 ab
467 2449 610 2485 Heinsio,
627 2450 680 2481 lib.
694 2450 725 2480 ii.
742 2451 794 2482 ubi
809 2451 871 2482 usi-

208 2499 349 2530 tatiorem
365 2510 431 2530 aevo
445 2499 680 2536 barbarissanti,
696 2510 792 2541 quam
809 2501 865 2531 La-

207 2547 271 2578 tino
283 2558 390 2578 vocem
402 2548 489 2579 dicit.
506 2554 537 2579 et
552 2554 635 2579 certe
650 2548 734 2590 apud
747 2548 868 2586 Silium,

207 2596 314 2627 valer.
343 2597 491 2628 Flaccum
514 2603 545 2628 et
569 2597 702 2628 Statium
725 2598 869 2639 frequen-

206 2645 323 2676 tissime
338 2646 483 2677 occurrit.
507 2646 590 2688 apud
607 2647 769 2682 Nostrum,
785 2648 869 2688 quod

205 2694 314 2730 sciam,
348 2705 530 2736 numquam.
563 2706 660 2737 quare
693 2696 868 2738 praeferrem

206 2753 292 2779 sanc,
305 2744 540 2785 l1‹mest‹r,‹:ujus
554 2744 686 2785 glossam
700 2755 766 2775 esse
779 2750 866 2786 puto,

942 1661 1060 1697 honore,
1076 1665 1111 1691 ut
1128 1658 1262 1690 scribere
1280 1659 1423 1690 solebant
1437 1669 1505 1689 aevo
1520 1658 1607 1689 dete-

942 1708 1019 1740 riore
1043 1709 1171 1746 librarii,
1192 1720 1247 1751 pro
1272 1710 1399 1740 honoroe.
1424 1714 1459 1739 ut
1485 1709 1606 1738 honesta

931 1758 1023 1798 joma
1040 1758 1174 1793 dicatur,
1190 1768 1260 1799 quae
1276 1763 1404 1799 paratur
1424 1768 1461 1788 ex
1477 1757 1604 1798 elegan-

941 1806 1010 1838 tiori
1026 1806 1211 1838 eruditione.
1256 1807 1374 1837 BunM.

984 1856 1059 1887 394.
1086 1855 1195 1887 Noster
1216 1857 1339 1886 anhelat
1358 1855 1475 1896 equus]
1506 1855 1606 1886 Vester

942 1904 1063 1946 Regius
1086 1911 1118 1936 et
1141 1911 1202 1936 tres
1222 1905 1286 1936 alii.
1310 1905 1432 1936 melius.
1456 1911 1491 1936 ut
1512 1905 1552 1936 ad
1567 1904 1605 1936 li-

940 1965 1043 1986 vorem
1060 1955 1218 1986 referatur.
1264 1956 1383 1986 mes.

983 2006 1056 2036 396.
1083 2006 1240 2040 Quantum
1258 2005 1387 2046 Virgilio
1406 2005 1501 2035 nobile
1522 2006 1606 2035 debet

939 2054 1038 2095 opvs]
1066 2053 1148 2085 Cum
1177 2053 1209 2084 in
1233 2054 1331 2085 veteri
1362 2054 1416 2084 lib.
1443 2065 1518 2093 opos,
1544 2064 1603 2085 non

939 2114 1010 2143 opus
1029 2102 1179 2145 scriptum
1201 2103 1251 2138 sit,
1271 2102 1435 2144 quinctum
1456 2107 1529 2133 ante
1548 2113 1603 2134 an-

939 2162 1013 2183 num
1029 2152 1122 2183 editis
1132 2152 1164 2183 in
1176 2151 1445 2194 Metamorphosin
1457 2152 1604 2183 observa-

941 2201 1077 2232 tionibus
1092 2212 1163 2232 cum
1183 2201 1354 2232 clarissimo
1369 2202 1509 2238 Murem,
1528 2201 1604 2242 Fpos

939 2251 1116 2282 emendavi.
1149 2251 1230 2290 Opus
1258 2261 1328 2281 cum
1356 2250 1454 2291 elegis
1483 2250 1603 2281 nullum

939 2310 1061 2342 prorsus
1075 2300 1127 2331 hic
1150 2300 1253 2331 locum
1276 2299 1382 2330 habet.
1410 2299 1484 2339 Epos
1498 2306 1604 2331 autem

939 2349 1015 2390 quid
1036 2349 1086 2385 sit,
1099 2360 1160 2380 non
1181 2349 1324 2390 ignorant
1344 2348 1468 2379 eruditi.
1514 2348 1605 2381 Cror.

939 2399 1040 2430 Recte
1062 2398 1138 2429 nihil
1163 2398 1348 2430 mutandum
1369 2404 1476 2430 censet
1500 2398 1602 2429 Hein-

938 2447 1012 2478 sius.
1027 2447 1071 2478 iii.
1090 2447 1159 2478 Art.
1175 2447 1282 2478 Amat.
1305 2447 1380 2478 338.
1402 2447 1441 2478 de
1459 2448 1600 2479 AEne'ide

940 2497 1063 2538 Virgilii
1077 2509 1083 2527 z

996 2548 1062 2581 Quo
1090 2548 1211 2577 nullum
1250 2546 1340 2576 Latio
1377 2547 1492 2576 clarius
1520 2551 1601 2576 estat

1063 2607 1146 2636 opus.

939 2647 978 2677 Et
989 2654 1065 2688 quot
1080 2656 1141 2677 non
1155 2646 1224 2676 loca
1238 2655 1404 2686 congerere
1420 2644 1537 2679 liceret,
1548 2644 1600 2675 ubi

937 2707 1009 2736 opus
1030 2696 1069 2727 de
1092 2696 1249 2737 poemate,
1270 2695 1364 2726 etiam
1386 2695 1494 2737 Epico,
1518 2693 1597 2726 dici-

939 2747 1007 2776 tur?
1054 2746 1169 2775 Buiim.
