1760 3172
337 161 430 203 EX
461 160 674 202 PONTO
709 160 828 201 LIB.
863 159 953 200 III.
990 159 1182 201 EPIST.
1213 157 1349 201 VIII.
1453 160 1539 200 475

154 277 256 323 Cur
280 293 373 339 ego
398 275 605 339 concepi
633 275 885 339 Scythicis
911 292 989 322 me
1015 291 1162 339 posse
1188 291 1354 322 carere

219 354 440 409 Finibus,
468 360 519 400 et
542 361 672 400 terra
695 352 1004 416 prosperiore
1030 351 1149 398 frui?
1475 354 1537 397 30

154 430 258 477 Cur
282 431 470 494 aliquid
495 430 558 477 de
583 447 663 478 me
689 430 880 494 speravi
905 429 1066 476 lenius
1091 428 1341 490 unquam?

218 507 300 553 An
322 507 520 554 fortuna
543 506 663 553 mihi
689 507 758 553 sic
786 522 897 553 mea
920 512 1038 553 nota
1061 504 1188 551 fuit?

154 583 410 647 Torqueor
434 600 496 631 en
521 583 744 645 gravius;
786 583 1098 646 repetitaque
1123 580 1279 627 forma
1302 581 1520 626 locorum

221 660 470 707 Exsilium
495 667 699 708 renovat
723 660 880 717 triste,
909 654 1182 721 recensque
1208 657 1340 704 facit.

157 737 250 785 Est
274 745 442 785 tamen
467 737 651 793 utilius,
680 736 900 784 studium
925 751 1149 782 cessasse
1174 749 1411 789 meorum,
1480 735 1542 779 35

223 813 403 871 Quam,
431 830 556 877 quas
583 813 848 868 admorint‚
876 828 976 859 non
1000 811 1212 858 valuisse
1239 825 1429 873 preces.

158 891 348 954 Magna
372 892 573 954 quidem
608 907 684 938 res
711 898 802 947 est,
831 906 982 953 quam
1008 905 1105 935 non
1131 887 1341 942 audetis,
1369 885 1541 933 amici:

226 968 328 1016 Sed
353 967 393 1014 si
420 967 531 1030 quis
556 974 765 1031 peteret,
794 966 880 1029 qui
906 967 1023 1013 dare
1048 965 1213 1019 vellet,
1237 971 1359 1011 erat.

160 1045 444 1092 Dummodo
470 1061 568 1092 non
592 1044 732 1091 vobis
758 1045 850 1091 hoc
877 1043 1089 1090 Caesaris
1111 1043 1182 1088 ira
1205 1040 1412 1103 negarit,

226 1122 436 1170 Fortiter
462 1121 674 1169 Euxinis
701 1121 1034 1168 immoriemur
1059 1118 1220 1182 aquis.
1482 1118 1547 1161 40

545 1375 861 1425 EPISTO
888 1373 981 1420 LA
1018 1372 1164 1420 VIII.

713 1496 995 1540 MAXIMO.

164 1594 299 1649 QUAE
324 1593 431 1649 tibi,
460 1591 763 1655 quaerebam,
790 1604 1060 1637 memorem
1086 1587 1325 1635 testantia
1348 1602 1531 1643 curam,

229 1671 374 1719 Dona
397 1669 688 1717 Tomitanus
714 1668 911 1715 mittere
937 1673 1109 1731 posset
1134 1681 1266 1727 ager.

163 1748 358 1811 Dignus
383 1763 436 1794 es
462 1752 685 1808 argento,
713 1744 844 1791 fulvo
870 1760 1071 1807 quoque
1092 1741 1288 1804 dignior
1314 1758 1460 1789 auro:

232 1825 333 1872 Sed
357 1831 423 1881 te,
451 1839 605 1887 quum
630 1823 802 1877 donaS,
830 1821 925 1869 ista
942 1823 1117 1884 juvare
1143 1820 1319 1867 solent.

164 1902 273 1949 Nec
297 1908 464 1949 tamen
489 1901 595 1947 haec
620 1900 732 1946 loca
756 1906 872 1947 sunt
892 1899 991 1946 ullo
1017 1897 1236 1962 pretiosa
1259 1896 1483 1944 metallo:
1524 1898 1552 1943 5

231 1978 403 2027 Hostis
429 1979 491 2026 ab
518 1977 733 2040 agricola
757 1976 839 2024 vix
866 1976 981 2023 sinit
1005 1976 1090 2023 illa
1113 1974 1229 2021 fodi.

192 2129 262 2162 29.
289 2129 574 2171 Curegoconcepz'.]
601 2128 667 2159 Cur
680 2126 827 2168 cogitavi.

166 2180 313 2220 Scythicis
350 2190 393 2209 me
429 2188 509 2217 posse
544 2187 648 2207 carere
691 2175 829 2207 Finibus.

163 2229 259 2259 Posse
274 2239 324 2259 me
339 2238 356 2259 e
372 2227 501 2268 Scythia
513 2225 673 2257 removeri.

894 2131 1020 2169 petere;
1043 2124 1187 2167 quamvis
1207 2123 1248 2154 sit
1272 2132 1434 2164 magnum,
1451 2127 1556 2153 tamen

896 2175 1057 2216 Augustus
1072 2172 1266 2204 concederet.

940 2225 992 2254 39.
1022 2221 1201 2253 Dummodo
1230 2219 1317 2250 nobis
1340 2220 1433 2250 vestri
1462 2219 1557 2250 studii

209 2279 262 2308 32.
286 2278 335 2308 Sic
348 2277 421 2319 fuit
444 2283 516 2306 nota
538 2276 640 2316 mihi]
678 2274 729 2305 Sic
752 2273 829 2304 mihi

166 2327 292 2368 cognita
306 2326 375 2362 fuit,
390 2331 425 2356 ut
440 2325 586 2356 deberem
600 2334 724 2366 sperare
747 2333 829 2354 nunc

167 2387 235 2408 eam
250 2375 415 2418 benignius
430 2385 554 2406 mecum
570 2380 723 2405 acturam.

211 2427 262 2457 35.
287 2426 429 2456 Studium
453 2423 610 2464 meorum.]
637 2423 831 2454 consensum

167 2482 198 2505 et
214 2475 350 2505 savorem
365 2473 546 2504 amicorum.
594 2474 732 2504 Cessasse.
772 2470 830 2501 Ni-

170 2523 213 2553 hil
229 2529 365 2554 tentasse
387 2523 426 2554 de
447 2522 550 2553 reditu
573 2533 642 2553 meo
663 2520 746 2562 apud
763 2520 828 2550 Au-

170 2578 308 2613 gustum.

212 2622 264 2651 37.
291 2621 407 2662 Magna
421 2622 539 2661 quidem
554 2631 599 2650 res
616 2626 657 2649 est
671 2630 758 2659 qnam
774 2629 832 2648 non

170 2671 289 2700 audetis
324 2669 441 2710 amici]
483 2667 632 2704 Difficile,
662 2666 774 2708 inquit,
803 2672 834 2697 et

172 2717 303 2749 arduum
319 2723 377 2756 est,
393 2717 475 2760 quod
492 2728 553 2748 non
569 2716 692 2748 audetis
712 2726 766 2757 pro
785 2725 833 2745 me

897 2273 1039 2307 cessatio,
1057 2282 1118 2301 non
1133 2271 1178 2301 ira
1195 2268 1329 2300 Caesaris
1344 2268 1401 2298 hoc
1422 2278 1556 2310 negave-

897 2321 948 2352 rit.
994 2321 1143 2350 HARLEs.

944 2420 972 2449 l.
1004 2419 1117 2449 Caram
1140 2415 1320 2455 memorem]
1356 2414 1436 2450 Quae
1461 2418 1556 2443 testa-

898 2474 1003 2500 rentur
1018 2478 1123 2498 curam
1139 2465 1274 2497 hominis
1288 2463 1431 2494 memoris
1447 2461 1503 2492 tui.

942 2519 973 2548 4.
1002 2518 1059 2547 Sed
1083 2523 1120 2551 te,
1145 2527 1234 2555 quum
1258 2515 1359 2548 donas,
1375 2514 1432 2542 ista
1445 2514 1560 2551 jurare

899 2566 1022 2606 solean]
1049 2565 1111 2595 Sed
1128 2574 1237 2595 aurum
1259 2569 1290 2593 et
1311 2567 1474 2601 argentum
1492 2570 1558 2590 ma-

900 2615 946 2657 gis
962 2614 1042 2645 soles
1057 2613 1171 2643 donare
1188 2611 1266 2647 aliis,
1283 2620 1377 2651 quam
1392 2609 1545 2650 accipere.

944 2664 974 2694 6.
1002 2663 1057 2692 Vis
1084 2664 1155 2692 sinit
1181 2662 1236 2691 illa
1256 2659 1355 2701 sodi]
1394 2658 1458 2688 Ista
1483 2658 1558 2688 Jun-

906 2712 973 2743 Pol.
984 2716 1015 2742 et
1030 2717 1090 2741 tres
1107 2709 1159 2741 alii
1174 2721 1181 2747 3
1207 2709 1274 2739 ulla
1289 2707 1377 2738 Leid.
1414 2706 1475 2737 Vix
1489 2716 1557 2747 per-
