1760 3172
207 196 290 236 354

599 193 644 233 Ρ.
679 191 887 233 OVIDII
926 189 1202 232 NASONIS

208 311 339 357 Ante
368 309 528 356 Deum
555 316 762 355 matrem
788 323 940 354 cornu
967 306 1151 354 tibicen
1178 305 1370 352 adunco

276 386 441 441 Quum
467 385 617 440 canit,
645 385 841 446 exiguael
866 383 979 446 quis
1001 383 1143 446 stipis
1170 399 1267 429 aera
1292 383 1474 445 neget?
1527 386 1591 428 40
1658 398 1661 401 ·

210 464 404 510 Scimus
430 463 492 510 ab
518 461 724 525 imperio
748 461 852 508 ficri
880 461 946 506 nil
971 461 1068 507 tale
1096 460 1271 506 Dianae
1294 479 1304 516 ;

276 540 422 587 Unde
447 547 613 586 tamen
638 538 768 585 vivat
791 537 1081 584 vaticinator
1107 537 1272 584 habet.

209 617 326 681 Ipsa
346 624 543 664 movent
567 616 757 663 animos
786 615 1091 678 Superorum
1117 615 1320 661 numina
1344 621 1563 668 nostros;

273 694 439 759 Turpe
465 710 555 741 nec
582 701 658 741 est
683 693 767 739 tali
794 693 1089 740 credulitate
1115 693 1243 756 capi.

210 771 285 818 En
311 789 419 835 ego,
443 789 531 836 pro
557 772 719 827 sistro,
739 771 1050 834 Phrygiique
1072 770 1307 818 foramine
1326 770 1465 823 buxi,
1526 773 1589 817 45

273 849 450 897 Gentis
478 849 629 896 Iuleae
654 849 854 895 nomina
877 856 1050 896 sancta
1074 848 1174 896 fero
1194 866 1202 896 :

206 927 456 973 Vaticinor
481 942 787 989 1n0neoque3
827 926 991 973 locum
1017 926 1132 973 date
1159 940 1299 972 sacra
1323 924 1494 972 ferenti
1517 941 1526 971 ε

271 1003 386 1051 Non
412 1004 547 1060 mihi,
575 1004 663 1051 sed
688 1020 866 1066 magno
892 1005 1113 1068 poscitur
1138 1003 1219 1051 ille
1248 1002 1374 1049 Deo.

206 1081 329 1137 Nec,
357 1081 474 1144 quia
493 1082 569 1129 vel
595 1081 768 1137 merui,
789 1082 865 1129 vel
892 1081 1023 1128 sensi
1051 1080 1289 1144 principis
1316 1080 1453 1133 iram,

269 1159 313 1205 A
340 1160 482 1206 nobis
507 1160 670 1223 ipsum
697 1159 827 1207 nolle
853 1166 1025 1223 putate
1051 1158 1163 1205 coli.
1526 1159 1588 1203 50

204 1235 316 1282 Vidi
344 1240 436 1299 ego
461 1237 679 1299 linigerae
705 1252 888 1283 numen
913 1236 1124 1283 violasse
1150 1234 1385 1282 fatentem

272 1312 434 1370 Isidis,
461 1312 651 1361 Isiacos
678 1320 792 1361 ante
819 1313 993 1361 sedere
1018 1313 1183 1360 focos:

247 1462 298 1491 39.
310 1462 388 1491 Ante
400 1461 498 1492 Deum
514 1462 664 1502 matrem]
679 1463 784 1499 Quum
796 1472 862 1493 ma-

202 1510 239 1541 tri
252 1509 355 1541 Deum
368 1511 453 1542 canit
465 1510 581 1542 tibicen
594 1511 674 1542 inter
687 1511 862 1542 sacrifican-

202 1560 287 1590 dum.
340 1562 465 1591 Adunco
494 1572 600 1591 cornu.
630 1560 752 1591 Tibiam
781 1561 858 1592 obli-

201 1620 294 1651 quam
322 1609 473 1651 intellige,
499 1610 609 1641 dextra
636 1616 723 1652 parte
750 1621 859 1647 unum,

200 1659 322 1690 sinistra
334 1659 395 1690 duo
411 1659 562 1690 foramina
574 1659 752 1696 habentem,
765 1671 860 1701 quam

200 1708 318 1744 Midas,
334 1707 366 1739 in
382 1708 519 1750 Phrygia
540 1708 669 1745 invenit,
690 1714 725 1739 ut
740 1708 860 1739 Plinius

201 1757 301 1788 (locet.

242 1808 295 1838 40.
313 1807 414 1842 Quum
428 1808 539 1849 canit]
569 1808 651 1838 Dum
668 1819 712 1850 pr.
728 1808 817 1839 editt.

243 1858 296 1887 41.
322 1857 517 1888 Vaticinator
533 1857 646 1889 Dianae
665 1857 790 1889 nomine
803 1868 858 1889 ex-

198 1906 254 1948 igit
269 1906 381 1948 stipem
394 1906 458 1938 sive
473 1907 638 1949 pecuniam
655 1917 674 1937 a
694 1907 856 1938 consulen-

200 1955 293 1992 tibus,
308 1955 372 1987 sive
387 1955 435 1992 iis,
452 1956 565 1998 quibus
580 1955 729 1987 vaticinia
746 1956 858 1987 reddit.

200 2005 240 2035 Et
255 2011 359 2036 tamen
374 2004 499 2041 scimus,
513 2005 612 2047 ipsam
628 2005 765 2036 Dianam
780 2005 857 2036 nihil

199 2054 262 2085 tale
282 2054 444 2096 imperare,
460 2054 517 2085 hoc
538 2059 595 2090 est,
610 2054 856 2095 haudquaquam

193 2103 316 2145 jubere,
326 2109 361 2134 ut
375 2103 427 2134 ille
444 2103 609 2145 pecuniam
625 2103 663 2134 ab
679 2102 856 2135 hominibus

198 2153 327 2183 auferat.
372 2152 423 2183 Ita
436 2152 528 2195 plane
541 2153 678 2195 explicat
693 2152 856 2194 Micyllus.

197 2202 237 2233 In
260 2202 388 2233 Aricino
413 2207 516 2234 autem
538 2213 662 2233 nemore
677 2202 770 2244 juxta
790 2202 856 2233 Ro-

197 2262 282 2282 mam
297 2251 406 2283 habuit
418 2251 522 2282 Diana
538 2251 699 2294 templum,
711 2250 754 2282 ibi
770 2258 858 2283 erant

198 2300 429 2337 vaticinatores,
442 2300 487 2331 uti
499 2300 783 2332 codiciTwisdenio
791 2301 856 2342 jam

198 2356 263 2381 erat
279 2350 480 2392 adscriptum.
517 2350 663 2381 muns.

242 2402 296 2431 42.
318 2401 404 2431 Unde
426 2407 523 2431 lamen
543 2404 623 2431 vivat
641 2400 854 2440 vaticinatam]

197 2450 316 2481 Tamen
338 2450 483 2481 sacerdos
506 2449 632 2486 Dianae,
659 2460 756 2480 causa
777 2450 854 2481 Deae

197 2500 396 2542 praedicendo
420 2500 534 2536 futura,
560 2499 693 2530 donatur
716 2499 800 2530 victu
825 2504 856 2529 et

198 2547 297 2580 (lonis.
341 2549 463 2586 Quibus
478 2548 580 2579 verbis
604 2547 732 2590 colligit,
748 2552 783 2578 ut
805 2558 852 2578 sa-

196 2597 338 2629 cerdotes
353 2598 507 2633 coluntur,
523 2597 663 2628 Deorum
684 2607 792 2633 causa,
811 2596 854 2628 sic

197 2646 290 2678 libros
305 2647 500 2678 continentes
514 2646 648 2689 Augusti
665 2647 784 2682 laudes,
798 2646 854 2677 mi-

197 2694 280 2726 nime
303 2707 368 2727 esse
386 2707 423 2727 ex
448 2697 524 2727 urbe
541 2695 713 2738 pellendos,
730 2696 784 2727 sed
800 2707 854 2738 po-

196 2744 256 2776 tius
271 2745 471 2787 excipiendos
486 2755 607 2776 summa
623 2745 832 2776 veneratione.

974 1463 1026 1492 43.
1041 1461 1109 1501 Ipsa
1123 1467 1236 1491 movent
1249 1460 1389 1501 animos]
1408 1460 1476 1491 Hoc
1491 1460 1587 1491 dicit:

931 1513 1094 1542 Movemur
1110 1511 1249 1541 Deorum
1269 1520 1364 1540 causa
1385 1510 1423 1540 ad
1439 1520 1588 1541 veneran-

929 1561 1003 1591 dum
1025 1559 1200 1590 sacerdotes
1219 1559 1395 1601 praedictos‚
1412 1570 1469 1589 nec
1490 1559 1585 1590 debe-

929 1621 998 1641 mus
1022 1615 1142 1652 putare,
1173 1620 1239 1639 esse
1273 1615 1373 1651 turpe,
1403 1609 1587 1640 credulitate

929 1665 1034 1691 nostra
1069 1658 1248 1690 sacerdotes
1271 1658 1410 1688 venerari
1449 1659 1587 1689 Deorum

929 1719 1032 1741 causa.
1087 1709 1267 1750 Super-orum
1295 1710 1429 1738 numina.
1460 1708 1588 1739 Nomina

927 1765 1045 1791 veteres
1062 1758 1213 1789 nonnulli.
1246 1757 1364 1788 Hnms.

971 1810 1022 1840 45.
1040 1809 1101 1839 Pro
1115 1810 1211 1844 sistro,
1226 1807 1445 1848 Phrygiique]
1462 1808 1523 1838 Pro
1539 1818 1587 1838 sa—

928 1858 1105 1890 cerdotibus
1122 1857 1213 1888 Isidis
1233 1863 1264 1888 et
1278 1857 1425 1898 Cybeles,
1440 1868 1516 1898 quos
1531 1868 1587 1899 per

927 1907 1050 1938 sistrum
1067 1915 1098 1938 et
1111 1907 1222 1937 tibiam
1237 1917 1254 1937 e
1268 1907 1352 1937 buxo
1367 1905 1522 1947 designat.

969 1958 1022 1988 46.
1037 1957 1144 1987 Gentis
1157 1955 1274 1996 Iidem]
1291 1955 1425 1996 Augusti
1437 1966 1475 1986 ex
1493 1962 1586 1997 gente

925 2007 1008 2038 Iulia
1033 2006 1167 2041 oriundi,
1196 2006 1235 2036 ab
1265 2005 1345 2041 Iulo,
1374 2006 1481 2036 AEneae
1512 2006 1586 2037 filio.

928 2057 1056 2086 Nomina
1067 2055 1240 2097 sucrnfero.
1257 2054 1495 2096 Complectorin
1508 2055 1586 2086 meis

924 2105 1037 2136 libellis
1053 2115 1174 2135 sacrum
1191 2103 1324 2144 Augusti
1339 2113 1462 2134 nomen.

967 2156 1019 2185 47.
1040 2153 1218 2194 Vaticinor.]
1238 2154 1311 2184 Sum
1327 2159 1414 2184 vates
1429 2153 1585 2196 Apollinis

925 2211 956 2236 et
978 2204 1132 2236 sacerdos.
1179 2204 1291 2234 Locum
1315 2205 1394 2234 (late.
1417 2203 1515 2235 Sinite
1535 2215 1585 2236 me

924 2265 980 2296 per
1004 2255 1111 2285 urbem
1142 2253 1297 2284 incedere.
1343 2253 1465 2284 Ferenti
1489 2264 1586 2285 sacra.

925 2303 1006 2334 Mihi
1022 2302 1156 2345 portanti
1172 2302 1299 2333 nomina
1317 2302 1418 2344 gentis
1432 2303 1541 2334 Iuleae.

969 2354 1021 2383 49.
1040 2353 1115 2388 Nec,
1132 2355 1201 2393 quia
1218 2353 1263 2382 vel
1278 2352 1402 2393 merui]
1420 2352 1585 2390 Quamvis,

925 2402 1037 2443 inquit,
1053 2403 1085 2432 in
1100 2412 1149 2432 me
1165 2402 1326 2442 Augustus
1341 2401 1380 2432 sit
1395 2401 1503 2438 iratus,
1522 2413 1584 2434 non

924 2455 1047 2482 recusat
1062 2456 1166 2482 tamen
1184 2461 1203 2481 a
1217 2450 1306 2481 nobis
1321 2450 1382 2481 coli
1398 2455 1501 2481 nostro
1516 2461 1584 2482 car-

923 2500 1016 2531 mine.

966 2551 1017 2580 51.
1036 2549 1185 2591 Linigerae
1202 2548 1318 2589 Isidis]
1345 2549 1422 2580 Haec
1433 2559 1507 2580 vera
1520 2549 1582 2580 lec-

922 2598 974 2635 tio,
988 2598 1140 2640 quidquid
1156 2599 1344 2629 membranae
1361 2598 1440 2629 inter
1454 2608 1486 2629 se
1501 2609 1580 2640 pug—

923 2653 1008 2678 nant.
1032 2648 1148 2678 l-lms.
1185 2647 1287 2683 Isidis,
1302 2647 1390 2689 cujus
1404 2647 1582 2679 sacerdotes

922 2697 985 2728 lino
1001 2696 1075 2728 tecti
1091 2707 1179 2728 sacra
1194 2696 1272 2727 Deae
1290 2696 1501 2727 celebrabant.

966 2747 1016 2777 52.
1040 2746 1145 2777 Sedere
1168 2746 1336 2786 ante—focos
1366 2745 1499 2786 Isiacos]
1525 2745 1578 2775 Se—
