1760 3172
195 170 280 211 250

589 169 639 210 P.
675 168 784 211 OVI
794 168 889 211 DII
923 168 1204 212 NASONIS

198 285 505 332 Sauromatae
521 284 744 345 cingunt,
758 284 860 332 fera
876 300 1014 347 genS,
1031 284 1296 348 Bessique,
1311 284 1584 346 Getaeque:

264 360 427 415 Quam
454 377 551 408 non
577 361 775 423 ingenio
803 360 1003 407 nomina
1028 361 1181 422 digna
1205 362 1340 408 meo!
1558 363 1587 406 G

199 437 333 484 Dum
357 445 525 485 tamen
551 454 670 485 aura
694 445 848 501 tepet,
877 437 1040 485 medio
1066 438 1378 485 defendimur
1404 436 1562 489 Istro;

264 514 356 562 Ille
383 515 484 561 suis
511 514 731 576 liquidus
757 514 891 561 bella
915 514 1111 577 repellit
1131 515 1291 578 aquis.

196 589 264 638 At
288 606 443 653 quum
468 591 624 638 tristis
651 591 828 653 hyems
854 591 1157 653 squallentia
1181 591 1385 654 protulit
1406 606 1507 644 ora,

261 668 515 732 Terraque
540 684 814 715 marmoreo
839 668 1055 715 candida
1079 667 1211 716 facta
1234 668 1348 729 gelu
1374 674 1478 714 est:
1533 668 1590 711 lO

200 745 333 792 Dum
360 753 500 809 patet
524 753 574 792 et
601 745 788 792 Boreas
815 752 865 792 et
889 745 975 792 nix
1002 744 1188 808 injecta
1212 745 1304 791 sub
1330 743 1500 797 Arcto,

264 821 392 869 Tum
418 823 578 886 liquet
602 823 691 869 has
718 829 894 884 gentes
921 837 1016 869 axe
1041 827 1287 869 tremente
1313 819 1487 884 premi.

199 898 301 945 Nix
321 900 486 962 jacet;
528 906 578 946 et
595 900 785 962 jactam
811 914 902 945 nec
929 899 1017 954 sol,
1046 897 1287 961 pluviaeve
1314 897 1589 944 resolvunt:

265 976 474 1024 Indurat
500 976 704 1032 Boreas,
734 983 1132 1041 perpetuamque
1157 974 1290 1021 facit.

198 1053 348 1117 Ergo,
376 1054 458 1101 ubi
484 1054 690 1118 delem
714 1055 935 1102 nondum
959 1053 1106 1117 prior,
1135 1053 1292 1100 altera
1314 1050 1476 1106 venit3
1534 1051 1591 1095 15

268 1131 334 1178 Et
359 1132 486 1179 solet
510 1131 561 1178 in
586 1132 755 1178 inultis
781 1132 917 1178 bima
937 1145 1136 1177 manere
1162 1129 1300 1193 locis.

199 1208 464 1272 Tantaque
489 1210 724 1257 commoti
750 1210 821 1256 vis
848 1217 924 1257 est
948 1194 1311 1271 Aquilonisfffffit
1336 1206 1459 1253 altas

267 1285 453 1348 AEquet
477 1286 627 1333 humo
654 1275 845 1354 turresj‘
858 1293 1094 1348 tectaque
1119 1290 1260 1347 rapta
1284 1282 1424 1330 ferat.

203 1360 445 1418 Pellibus,
474 1369 524 1409 et
551 1363 676 1409 sutis
703 1356 874 1410 arcent
899 1363 1028 1409 male
1052 1360 1234 1423 frigora
1257 1358 1479 1411 braccis;

268 1439 472 1502 Oraque
494 1439 556 1486 de
582 1445 688 1486 toto
713 1455 918 1503 corpore
945 1439 1049 1486 sola
1071 1444 1260 1501 patent.

199 1582 310 1621 detur;
333 1583 378 1614 si'c
405 1583 508 1619 Maro,
537 1584 652 1625 Georg.
676 1584 731 1614 lib.
754 1585 774 1615 i.
799 1595 862 1615 ver.

199 1632 274 1662 246.

242 1682 346 1711 Arctos
357 1680 468 1711 Oceani
481 1687 642 1712 metuentes
652 1693 765 1722 aequore
776 1683 865 1723 tingi.

242 1731 272 1761 5.
297 1729 480 1760 Scniromatae
505 1731 645 1772 cingunt,
660 1731 737 1771 fera
763 1731 863 1772 gens]

200 1778 322 1809 Plinius
357 1779 464 1810 scribit
497 1779 627 1810 Pontico
657 1779 737 1810 litori
767 1779 868 1810 varias

199 1833 308 1868 gentes
323 1827 493 1869 adpositas,
506 1828 584 1859 alias
599 1828 709 1864 Getas,
725 1829 833 1860 Dacos
849 1839 867 1859 a

201 1877 352 1908 Romanis
388 1877 506 1908 dictos:
540 1877 619 1908 alias
655 1878 823 1914 Sarmatas,
849 1890 866 1909 a

201 1927 322 1958 Graecis
338 1927 550 1958 Sauromatas.

244 1976 352 2016 Bessi]
378 1976 518 2018 Populus
533 1976 565 2006 in
579 1976 713 2008 Thracia
727 1976 866 2008 omnium

201 2025 408 2056 ferocissimus
436 2025 585 2066 majorem
616 2026 719 2056 Haemi
753 2026 867 2057 montis

200 2079 321 2114 partem
343 2073 454 2109 tenuit,
472 2080 503 2104 et
523 2084 541 2104 a
561 2074 742 2115 praedonum
760 2075 866 2106 multi-

201 2121 311 2153 tudine
351 2122 513 2164 praedones
555 2123 869 2164 cognominabantur.

202 2171 351 2201 HAnLes.

246 2221 276 2250 7.
299 2220 398 2250 Media
415 2219 521 2261 Istra]
549 2220 658 2251 Medio
670 2220 750 2252 inter
762 2220 866 2251 Tomi—

201 2274 306 2300 tanam
331 2270 449 2305 urbem,
466 2275 497 2300 et
518 2270 738 2308 Sauromatas;
762 2277 869 2301 carent

201 2318 285 2349 enim
301 2318 434 2360 navigiis
454 2319 569 2360 quibus
592 2320 868 2361 trajiciant.—De-

190 2367 376 2409 sentimum
413 2378 554 2399 arcemur
589 2379 608 2399 a
643 2368 716 2399 solis
753 2369 865 2400 calore.

202 2417 295 2447 Men.
340 2418 412 2448 Non
438 2428 457 2448 a
481 2418 556 2453 sole,
572 2418 626 2449 sed
651 2419 690 2449 ab
713 2418 865 2455 hostibus,

201 2465 240 2496 de
257 2465 370 2507 quibus
384 2477 454 2497 mox
470 2466 623 2498 meminit.

247 2516 276 2545 8.
302 2514 479 2556 Liquidus]
506 2515 578 2546 Non
599 2516 671 2556 gelu
688 2515 867 2547 adstrictus.

205 2562 303 2593 Bella.
327 2563 410 2601 Quia
422 2563 525 2595 hostes
537 2575 598 2595 non
611 2569 739 2607 possunt
752 2574 866 2606 aquarn

203 2618 337 2642 tranare.

250 2662 299 2691 11.
318 2662 366 2692 12.
390 2661 455 2692 Hos
471 2672 578 2693 versus
595 2662 786 2693 adulterinos
800 2673 867 2693 esse

203 2715 293 2752 putat
315 2710 482 2750 Heinsius3
507 2722 598 2742 secus
613 2711 735 2743 videtur
760 2712 867 2743 Burm.

1533 1439 1597 1481 20

931 1582 997 1624 qui,
1011 1592 1107 1623 quum
1120 1580 1152 1611 in
1167 1579 1325 1611 nonnullis
1341 1579 1434 1610 codd.
1447 1583 1528 1609 esset
1544 1589 1598 1609 ηοι·

931 1638 963 1663 et
987 1633 1132 1666 habitare,
1156 1630 1238 1661 hanc
1265 1629 1383 1670 effingit
1405 1628 1594 1659 lectionem:

936 1681 1009 1711 Tum
1021 1683 1139 1721 pariter
1153 1679 1283 1715 Borean,
1295 1686 1323 1709 et
1341 1685 1449 1709 noctem
1462 1678 1598 1708 habitare

933 1732 986 1761 sub
1013 1731 1106 1760 Arcto
1133 1729 1224 1771 (quia
1250 1727 1390 1771 perpetui
1418 1738 1473 1770 per
1501 1733 1598 1757 totam

934 1779 1068 1810 hiemem
1084 1778 1128 1810 ibi
1143 1778 1335 1816 sentiuntur)
1349 1777 1423 1807 Tum
1439 1778 1531 1817 liquet
1548 1777 1599 1806 has

933 1836 1037 1871 gentes
1050 1840 1103 1859 aie
1119 1830 1236 1870 rigente
1247 1826 1494 1869 (velfremente)
1506 1827 1599 1867 premi

935 1878 983 1917 (h.
996 1888 1024 1909 e.
1036 1878 1093 1908 sub
1110 1878 1180 1920 polo
1191 1877 1315 1918 jacere)
1329 1882 1359 1907 et
1370 1882 1437 1919 post
1453 1876 1599 1907 Passera-

934 1928 1011 1959 tium
1024 1928 1063 1958 ad
1076 1929 1218 1969 Propert.
1231 1927 1264 1957 ii.
1277 1928 1307 1957 9.
1322 1928 1371 1957 17.
1386 1926 1489 1962 docet,
1500 1925 1599 1956 homi-

935 1987 990 2008 nes
1014 1987 1050 2007 τις
1074 1987 1122 2007 res
1144 1977 1289 2012 habitare,
1306 1986 1375 2017 quae
1392 1980 1519 2006 manent
1533 1974 1600 2009 diu,

935 2032 966 2057 et
980 2032 1130 2068 perpetuo
1146 2030 1219 2056 sunt
1233 2024 1264 2054 in
1280 2024 1386 2066 aliquo
1408 2024 1496 2060 loco;
1521 2028 1599 2053 tam-

935 2085 1031 2116 quam
1047 2074 1153 2105 sedem
1166 2073 1324 2116 posuerint
1339 2073 1415 2104 illic.
1450 2073 1600 2103 HAans.

983 2125 1031 2155 12.
1058 2125 1120 2154 Are
1149 2123 1320 2163 tremente]
1362 2122 1432 2153 Axe
1468 2127 1599 2153 nutante

937 2173 1032 2204 nimio
1047 2178 1149 2203 vento.

983 2224 1031 2253 15.
1061 2222 1117 2253 Ubi
1146 2222 1300 2262 deliquit]
1331 2220 1467 2259 Quando
1496 2219 1597 2261 lique-

937 2271 1019 2301 facta
1034 2279 1100 2310 est3
1125 2281 1143 2301 a
1158 2273 1276 2312 delique
1292 2271 1396 2301 verbo.
1442 2269 1601 2300 Neoterici

936 2319 1065 2361 quidam
1089 2319 1175 2351 scioli
1200 2319 1282 2350 hunc
1305 2319 1407 2350 locum
1431 2318 1476 2349 ita
1495 2329 1602 2349 emen-

935 2368 1023 2406 dant,
1042 2370 1124 2411 Ergo
1146 2371 1198 2399 ubi
1220 2370 1358 2404 delicuit,
1380 2378 1441 2398 non
1464 2369 1601 2408 deliquit,

933 2418 1121 2459 ignorantes,
1138 2428 1156 2448 a
1179 2419 1311 2457 (leliqueo
1332 2416 1520 2459 praeteritum
1536 2416 1601 2447 fieri

933 2467 1056 2503 delicui,
1068 2477 1086 2497 a
1101 2468 1218 2507 deliquo
1231 2476 1302 2496 vero
1313 2467 1436 2506 deliqui,
1448 2465 1531 2507 quod
1543 2472 1601 2502 est,

934 2515 965 2546 in
994 2515 1165 2551 humorem,
1195 2515 1260 2546 sive
1289 2515 1440 2557 liquorem
1471 2515 1601 2551 resolvo,

935 2563 1051 2595 defluo.
1098 2565 1191 2594 Men.

983 2614 1031 2644 16.
1057 2614 1173 2654 Rimm]
1204 2614 1264 2644 Nix
1281 2613 1411 2644 duorum
1429 2623 1590 2643 annorum.

981 2664 1030 2694 19.
1064 2664 1207 2699 Pellibus,
1234 2670 1261 2694 et
1287 2665 1363 2693 sutis
1391 2669 1496 2693 arcent
1523 2663 1601 2693 mala

926 2712 1053 2754 frigora
1078 2713 1216 2754 braccis]
1241 2713 1347 2745 Scribe
1373 2719 1476 2744 arcent
1503 2713 1600 2749 male3
