1760 3172
192 174 249 214 (50
583 171 632 212 P.
666 169 879 212 OVIDII
916 168 1196 211 NASONIS

200 288 336 334 Saxa
359 286 590 350 ferasque
617 287 725 350 lyra
752 285 904 332 movit
928 284 1254 346 Rhodopeius
1281 284 1532 347 Orpheus,

264 363 628 427 Tartareosque
655 365 809 419 lacuS,
839 362 1271 425 tergeminumque
1296 378 1489 409 canem.

199 441 335 488 Saxa
359 448 444 488 tuo
469 448 636 496 cantu,
659 440 842 487 vindex
863 439 1142 502 justissime
1170 438 1360 494 matris,

265 518 512 566 Fecerunt
536 534 700 564 muros
726 517 944 564 officiosa
968 532 1138 562 novos.

198 595 436 649 Quamvis
462 602 629 642 mutus
651 601 772 650 erat,
799 594 908 641 voci
934 593 1114 641 favisse
1141 599 1347 655 putatur

1494 596 1591 639 325

265 671 445 727 Piscis,
473 671 689 718 Arioniae
715 671 882 719 fabula
906 678 1025 718 nota
1050 671 1186 734 lyrae.

200 747 353 796 Disce
378 748 529 796 etiam
554 748 742 812 duplici
769 748 985 809 genialia
1009 747 1177 794 naulia
1203 747 1367 809 palma

266 825 498 872 Verrere:
538 824 842 872 conveniunt
867 824 1097 871 dulcibus
1124 823 1208 870 illa
1225 823 1370 886 jocis.

201 902 280 949 Sit
304 903 392 949 tibi
419 902 734 958 Callimachi,
763 903 828 949 sit
854 902 949 948 Coi
974 908 1093 948 nota
1117 901 1293 964 poetae,

267 980 345 1026 Sit
369 995 570 1042 quoque
595 979 752 1026 vinosi
779 978 901 1026 Tei‘a
926 978 1077 1025 Musa
1102 977 1252 1024 senis.

1496 981 1594 1024 330

200 1055 335 1104 Nota
359 1057 424 1104 sit
447 1063 498 1104 et
525 1057 758 1120 Sappho:
802 1057 923 1120 quid
951 1056 1084 1103 enim
1110 1055 1342 1102 lascivius
1371 1055 1485 1102 illa?

265 1133 423 1180 Cuive
450 1140 590 1197 pater
613 1133 732 1180 vafri
760 1133 946 1180 luditur
971 1140 1077 1180 arte
1106 1133 1267 1179 Getae.

201 1210 267 1258 Et
290 1211 448 1258 teneri
474 1211 635 1274 possis
660 1227 860 1258 carmen
886 1209 1068 1271 legisse
1096 1209 1349 1272 Properti:

268 1287 384 1335 Sive
409 1287 599 1350 aliquid
627 1287 776 1342 Galli,
805 1287 923 1342 sive,
952 1285 1165 1341 Tibulle,
1195 1293 1351 1332 tuum.

201 1364 454 1428 Dictaque
479 1363 688 1411 Varroni
711 1363 855 1411 fulvis
883 1363 1099 1426 insignia
1118 1363 1248 1410 villis

1497 1367 1594 1411 335

266 1441 481 1497 Vellera,
509 1457 773 1503 germanae,
802 1441 1025 1505 Phryxe,
1054 1441 1311 1504 querenda
1335 1447 1450 1488 tuae.

201 1518 268 1565 Et
293 1518 554 1582 profugum
580 1518 789 1574 AEnean,
818 1519 931 1566 altae
957 1518 1228 1583 primordia
1254 1518 1451 1575 Romae3

266 1595 378 1649 Quo
403 1596 593 1642 nullum
621 1595 763 1642 Latio
788 1595 970 1642 clarius
996 1602 1138 1643 extat
1162 1612 1303 1658 opus.

202 1671 428 1719 Forsitan
454 1679 506 1719 et
530 1679 756 1720 nostrum
782 1690 963 1721 nomen
989 1673 1279 1720 miscebitur
1303 1672 1436 1729 istis;

269 1747 377 1797 Nec
404 1765 515 1796 mea
540 1748 757 1798 Lethaeis
784 1750 971 1814 scripta
995 1750 1248 1798 dabuntur
1272 1749 1433 1813 aquis.
1496 1752 1595 1796 340

241 1984 315 2014 823.
339 1984 417 2014 δήια
433 1990 484 2014 tao
505 1991 611 2020 cantu,
628 1986 730 2015 vinde]
747 1986 859 2025 justis-

195 2035 265 2064 sime
288 2035 404 2070 matris,
420 2033 499 2074 δία]
527 2034 577 2064 De
593 2033 770 2076 Amphione
795 2035 860 2076 agi-

197 2090 257 2119 tur,
269 2083 426 2114 Thebanae
443 2083 521 2114 arcis
538 2083 707 2119 conditore,
724 2085 778 2125 qui
793 2084 860 2115 An-

196 2132 312 2174 tiopem
328 2138 460 2163 matrem
480 2132 604 2174 egregie
630 2132 713 2163 ultus
728 2138 785 2169 est,
802 2133 858 2164 ad-

195 2182 292 2223 ligata
309 2181 417 2218 Dirce,
436 2193 506 2223 qua>
530 2182 617 2212 illam
633 2182 687 2212 diu
708 2182 858 2213 multum-

196 2240 257 2272 que
277 2236 456 2267 vexaverat,
481 2236 638 2261 taurorum
663 2231 860 2271 sylvestrium

196 2278 318 2310 caudis.
366 2279 449 2310 Rern
474 2279 557 2310 varie
589 2285 717 2310 narrant
742 2280 861 2321 Hygin.

196 2328 297 2359 Fabb.
316 2330 346 2365 7,
360 2330 391 2360 8.
409 2331 487 2367 155;
513 2335 544 2360 et
562 2330 699 2360 Pausan.
717 2329 859 2360 Corinth.

196 2377 240 2408 vi.
254 2384 286 2409 et
301 2378 422 2410 Boetic.
439 2378 514 2409 xvii.
562 2379 678 2409 Anum.

240 2428 314 2458 327.
346 2428 490 2458 Genialia
511 2429 615 2458 ηιιιιίἰα
640 2428 770 2468 palmiti]
809 2429 860 2459 De

197 2476 324 2513 nabliis,
341 2482 372 2507 et
388 2477 482 2518 quale
500 2476 739 2507 instrumentum
755 2477 785 2507 id
809 2477 860 2513 sit,

200 2526 391 2557 l'olitianum
415 2526 486 2557 vide
511 2526 651 2557 Miscell.
674 2527 721 2556 14.
745 2527 797 2568 qui
821 2527 860 2558 de

197 2575 255 2606 hoc
271 2575 338 2606 loeo
354 2575 473 2617 prolixe
490 2575 646 2606 tractavit.
691 2576 817 2606 Micrn.

240 2626 315 2657 328.
355 2625 500 2665 Vertere]
542 2625 667 2655 Verrem
703 2625 861 2666 eleganter

198 2674 317 2716 Regius
341 2674 628 2705 etArondelianus.
652 2674 807 2715 quomodo
831 2681 858 2705 et

928 1986 1068 2028 Scaliger
1081 1985 1113 2017 in
1129 1996 1183 2016 ora
1206 1985 1254 2017 sui
1278 1984 1396 2017 codicis
1418 1985 1596 2027 conjecerat

929 2035 1108 2077 legendum.
1133 2035 1164 2065 in
1179 2034 1289 2066 eodem
1302 2035 1421 2065 nubila..
1446 2034 1501 2065 sed
1518 2046 1595 2065 nau-

930 2085 982 2120 lia,
1006 2083 1137 2120 ναύλια,
1161 2084 1291 2126 probum
1307 2089 1363 2114 est.
1388 2094 1458 2125 quae
1483 2082 1595 2124 νάβλα

929 2133 1013 2175 apud
1056 2134 1198 2164 Suidam.
1239 2133 1309 2164 vide
1353 2138 1383 2164 et
1420 2133 1593 2164 Pollucem.

930 2182 1050 2213 Hfflxs.

973 2233 1047 2262 330.
1086 2231 1160 2261 Te'ia
1183 2230 1294 2271 masth]
1326 2231 1406 2261 Teos
1432 2230 1592 2273 Oppidum

930 2281 1040 2318 Ioniae,
1059 2282 1097 2312 ab
1114 2281 1305 2311 Athamante
1321 2280 1495 2311 conditum.
1526 2281 1593 2311 Mr—

929 2340 1004 2360 crL.

973 2381 1047 2410 332.
1074 2379 1168 2409 Cuive
1191 2378 1310 2419 palem]
1342 2379 1523 2410 Terentium
1547 2379 1594 2410 in·

930 2429 1077 2469 telligunt
1093 2427 1287 2470 interpretes,
1302 2428 1356 2459 sed
1381 2440 1438 2469 ego
1457 2429 1593 2459 Menan-

929 2477 1018 2508 drum
1030 2477 1141 2507 melius
1152 2477 1272 2508 Graecis
1283 2477 1388 2508 Poetis
1399 2477 1489 2518 jungi
1507 2483 1594 2518 puto.

930 2532 1007 2557 utet
1033 2525 1086 2557 lib.
1103 2526 1134 2557 ii.
1149 2526 1242 2557 'l'rist.
1265 2527 1339 2557 369.
1385 2527 1506 2557 Gra-cis
1530 2527 1594 2557 fere

929 2575 1039 2607 iisdem
1053 2575 1195 2606 additur:
1214 2576 1265 2606 ubi
1283 2576 1375 2607 ctiam
1391 2576 1499 2606 Roma>
1517 2587 1592 2618 pue—

929 2625 970 2655 ris
1000 2625 1233 2667 virginibusque
1262 2625 1323 2666 legi
1361 2626 1459 2657 solere
1491 2624 1594 2668 prodit

931 2675 1045 2706 Noster
1064 2675 1175 2705 Poeta.
1222 2675 1340 2706 Bumu.
