1760 3172
189 167 245 205 50
578 165 627 205 P.
671 163 886 206 OVIDII
920 163 1204 206 NASONIS

199 280 300 327 Sed
327 295 491 342 neque
517 281 714 328 ramosa
740 279 1025 326 numerabis
1051 279 1100 326 in
1126 279 1238 326 ilice
1264 277 1494 341 glandes3

267 355 313 403 N
320 372 376 403 ec
403 364 527 419 quot
551 372 670 420 apes
697 355 884 420 Hyble„
912 371 1003 403 nec
1029 362 1152 419 quot
1175 356 1224 403 in
1250 355 1380 420 Alpe
1404 354 1543 411 ferae3

203 432 313 480 Nec
338 433 457 480 mihi
483 441 556 480 tot
584 433 773 497 positus
799 447 1003 479 numero
1021 432 1378 496 comprendere
1398 431 1472 478 fas
1491 436 1590 487 est;

267 509 457 573 Adjicit
480 517 682 557 ornatus
710 509 937 573 proxima
961 524 1176 572 quaeque
1201 509 1327 556 dies.

203 585 269 633 Et
294 577 698 649 neglectadecet
722 588 907 634 multas
931 602 1090 634 coma.
1129 602 1263 650 saepe
1282 587 1451 649 jacere

269 662 572 712 Hesternam
596 663 795 721 credas;
836 664 922 711 illa
945 680 1132 727 repexa
1154 663 1302 711 modo
1326 670 1420 712 est.

203 739 299 787 Ars
324 757 497 788 casum
523 740 742 788 simulet.
783 740 854 787 sic
881 741 1031 804 capta
1057 740 1181 787 vidit
1202 748 1258 787 ut
1283 741 1405 788 urbe

1505 740 1596 786 155

270 816 477 864 Alcides
503 816 661 873 Iolen,
689 815 835 864 Hane
861 832 970 878 ego,
997 816 1143 873 dixit,
1171 833 1298 864 amo.

202 891 376 940 Talem
402 901 452 941 te
479 893 730 948 Bacchus,
760 892 956 956 Satyris
982 893 1316 941 clamantibus
1343 892 1485 948 Euoe,

271 969 490 1017 Sustulit
513 969 564 1017 in
588 986 779 1026 currus,
809 970 968 1018 Gnosi
993 971 1183 1028 relicta,
1210 987 1344 1019 suos.

205 1046 249 1092 O
277 1054 523 1109 quantum
548 1046 778 1109 indulget
800 1053 966 1095 vestro
993 1047 1188 1096 Natura
1212 1046 1396 1103 decori,

272 1123 496 1177 Quarum
521 1131 640 1171 sunt
664 1123 835 1172 multis
861 1124 1045 1172 damna
1067 1124 1252 1189 pianda
1276 1123 1464 1172 modis!
1509 1126 1601 1171 160

206 1199 313 1248 Nos
337 1201 467 1248 male
492 1201 789 1264 detegimur,
817 1202 1048 1266 raptique
1073 1209 1222 1251 aetate
1247 1202 1432 1266 capilli,

275 1277 348 1324 Ut
374 1277 538 1325 Borea
561 1276 762 1326 frondes
788 1278 1095 1334 excutiente,
1123 1279 1328 1326 cadunt.

209 1353 417 1402 Femina
441 1354 678 1402 canitiem
705 1354 972 1403 Germanis
998 1354 1158 1403 inficit
1181 1355 1372 1413 herbis;

277 1431 344 1479 Et
368 1432 541 1480 melior
564 1447 680 1480 vero
704 1433 931 1495 queritur
954 1440 1060 1481 arte
1085 1434 1236 1481 color.

211 1508 417 1557 Femina
441 1508 669 1573 procedit
693 1509 994 1558 densissima
1017 1510 1240 1558 crinibus
1264 1509 1435 1568 emtis;

1515 1513 1621 1567 165,

276 1585 478 1650 Proque
503 1586 607 1635 suis
632 1586 755 1635 alios
781 1587 932 1636 efficit
957 1603 1054 1637 aere
1079 1604 1212 1636 suos.

211 1822 304 1858 ferus,
330 1832 436 1853 comas.
464 1827 500 1854 ut
521 1824 690 1854 undulatas
711 1834 806 1854 comas
829 1823 876 1855 in-

208 1871 377 1913 telligeret.
401 1871 456 1902 sed
471 1871 650 1913 glossatoris
662 1877 710 1903 est
721 1874 759 1904 τὸ
772 1884 877 1905 comas.

211 1931 283 1952 cum
319 1922 403 1951 sinus
438 1926 523 1952 recte
550 1922 645 1952 etiam
672 1922 712 1953 de
741 1921 878 1954 crinibus

211 1969 438 2001 fluctuantibus
450 1970 584 2007 dicatur,
599 1971 652 2013 qui
665 1971 697 2002 in
712 1971 797 2002 sinus
813 1982 878 2003 mo-

211 2019 288 2050 dum
304 2019 441 2050 humeris
456 2019 612 2051 innatant.
657 2021 774 2051 Burni.

259 2069 332 2099 150.
358 2068 487 2110 Hybla]
516 2069 624 2110 Hyblae
642 2069 795 2101 editiones
817 2070 878 2111 pri—

213 2127 292 2154 ores,
307 2117 361 2149 sed
374 2118 406 2149 in
419 2118 542 2161 scriptis
557 2124 604 2150 est
618 2119 734 2160 Hybla,
747 2119 797 2150 vel
812 2119 846 2150 H
845 2131 881 2160 y-

215 2168 276 2197 ble:
300 2177 412 2209 nempe
436 2167 614 2210 praepositio
639 2170 673 2199 in
696 2168 758 2200 huc
786 2168 881 2200 debet

212 2216 309 2247 etiam
333 2216 451 2248 referri.
469 2217 536 2248 vid.
554 2217 593 2248 ad
609 2218 712 2259 Epist.
729 2217 792 2249 xvi.
810 2218 880 2249 141.

214 2271 247 2296 et
261 2265 318 2296 lib.
336 2265 357 2297 i.
371 2265 443 2297 Art.
461 2267 539 2298 333.
586 2267 706 2298 Banu.

260 2315 331 2346 154.
356 2314 537 2346 Hesternam
555 2316 686 2357 credas-J
713 2316 819 2353 Potes,
835 2316 883 2348 in-

215 2362 294 2404 quit,
326 2363 458 2405 singulis
487 2364 599 2396 diebus
626 2365 728 2396 crines
757 2375 883 2408 compo-

217 2421 301 2442 nere.
347 2412 468 2443 Hzms.

266 2461 336 2492 160.
376 2462 515 2496 Quarum
544 2469 614 2492 sunt
644 2464 748 2494 multis
777 2464 888 2494 danma

214 2512 330 2551 pianda
358 2512 482 2553 modis.]
520 2512 644 2544 Pianda
669 2512 748 2544 dixit
774 2512 888 2554 impro-

205 2558 294 2602 ‘prie,
311 2571 365 2603 pro
381 2562 624 2604 compensanda,
640 2567 671 2594 et
685 2562 774 2604 quasi
790 2561 882 2593 dissi-

220 2609 382 2647 mulanda,
398 2610 463 2642 sive
478 2611 624 2643 celanda.
658 2612 786 2643 Mrem..
821 2611 884 2642 Pu-

219 2659 317 2689 denda
331 2658 512 2691 Thuaneus.

266 2709 334 2739 161.
371 2709 430 2741 Nos
456 2711 531 2740 malo
557 2710 751 2751 detegimur.]
784 2710 883 2741 Nobis

944 1835 1017 1857 vero
1046 1825 1071 1856 si
1102 1824 1288 1861 deciderint,
1317 1823 1404 1855 nulla
1425 1829 1491 1854 arte
1522 1832 1611 1866 repa-

944 1867 1034 1899 randi
1058 1867 1178 1910 capilli.
1223 1867 1375 1898 Nondum
1400 1867 1484 1898 enim
1510 1866 1612 1898 adsci-

944 1917 1021 1949 titiis
1045 1917 1184 1948 crinibus
1205 1917 1262 1949 viri
1285 1917 1468 1949 utebantur.
1493 1916 1612 1946 Anum.

946 1968 1008 1999 Sed
1024 1967 1095 1999 vide
1112 1967 1291 2009 Polybium,
1312 1967 1367 1998 lib.
1387 1965 1432 1998 iii.
1453 1966 1492 1997 de
1509 1964 1611 1996 Anni-

947 2017 1036 2049 bale.

995 2067 1067 2097 163.
1084 2065 1219 2097 Foemina
1234 2067 1378 2097 caniciem
1390 2064 1553 2096 Germanis
1566 2065 1615 2094 in-

937 2116 1012 2156 ficit
1039 2116 1167 2156 herbis]
1209 2115 1270 2148 Per
1298 2115 1476 2147 Germanas
1503 2113 1615 2145 herbas

949 2175 1092 2207 spumam
1130 2165 1228 2203 illam,
1267 2165 1332 2196 sive
1373 2174 1485 2206 sapum
1520 2163 1616 2194 intel-

949 2215 1036 2251 lexit,
1054 2214 1093 2246 de
1113 2225 1175 2256 quo
1192 2214 1284 2246 toties
1303 2213 1447 2245 Martial.
1470 2212 1528 2244 lib.
1549 2211 1616 2243 viii.

950 2265 1002 2295 33.
1018 2264 1083 2295 xiv.
1099 2265 1153 2296 26.
1171 2270 1203 2295 et
1214 2264 1269 2295 27.
1285 2270 1318 2295 et
1332 2262 1417 2294 Plin.
1436 2262 1546 2294 xxviii.
1562 2263 1615 2294 12.

950 2314 1035 2355 quod
1049 2324 1086 2345 ex
1099 2313 1204 2345 herbis
1219 2312 1424 2356 compositum
1440 2311 1535 2343 fuisse
1547 2321 1617 2343 cre-

951 2363 1032 2394 didit
1047 2362 1194 2399 Ovidius,
1212 2369 1244 2394 et
1259 2362 1304 2394 ita
1318 2373 1380 2394 non
1393 2362 1433 2393 de
1454 2361 1556 2393 colore
1572 2361 1619 2392 ni-

952 2412 1103 2454 gricante,
1114 2412 1169 2443 sed
1181 2412 1261 2443 flavo
1272 2412 1340 2444 haec
1351 2411 1479 2443 infectio
1490 2410 1619 2442 canitiei

953 2461 1120 2504 capienda.
1139 2461 1309 2493 studebant
1329 2461 1412 2492 enim
1434 2460 1570 2492 maxime
1583 2465 1619 2492 ut

954 2510 1043 2542 flavis
1060 2510 1184 2553 capillis
1198 2516 1302 2542 essent
1317 2510 1493 2552 conspicuae
1507 2522 1515 2549 ;
1539 2515 1574 2541 ut
1588 2514 1619 2540 et

952 2560 1044 2592 hodie
1070 2560 1102 2591 in
1125 2560 1304 2591 Hollandiae
1328 2566 1360 2591 et
1385 2559 1490 2591 Frisiae
1513 2558 1620 2590 multis

953 2611 1042 2652 pagis
1070 2610 1218 2643 mulieres
1251 2609 1284 2642 id
1313 2609 1438 2642 studere
1467 2609 1620 2641 videmus.

956 2660 1075 2691 Eunu.
