1760 3172
215 195 300 237 372

601 195 651 236 P.
685 195 896 237 OVIDII
930 196 1207 238 NASONIS

219 309 381 357 Firma
405 311 469 357 sit
494 310 578 357 illa
602 310 734 366 licet,
763 311 980 358 solvetur
1006 311 1053 356 in
1084 327 1280 374 aequore
1306 312 1458 367 naviS,

281 385 403 440 Quae
429 403 682 449 nunquam
707 387 908 450 liquidis
934 389 1067 435 sicca
1091 389 1279 435 carebit
1303 389 1462 451 aquis.

216 461 302 509 Me
326 479 526 526 quoque
550 464 775 511 debilitat
799 465 950 511 series
977 465 1215 512 immensa
1239 466 1494 520 malorum,

280 539 412 587 Ante
437 556 601 587 meum
626 548 821 604 tempus
847 541 979 603 cogit
1004 548 1053 588 et
1079 558 1187 588 esse
1215 557 1399 589 senem.

1526 545 1589 587 20

217 615 334 663 Otia
357 632 534 680 corpus
560 618 724 673 alunt3
755 616 947 663 animus
976 633 1177 680 quoque
1202 618 1422 681 pascitur
1445 618 1570 665 illis:

282 692 583 741 Immodicus
608 701 777 740 contra
801 694 959 757 carpit
983 701 1249 756 utrumque
1273 695 1426 741 labor.

213 769 448 834 Adspice,
471 772 519 817 in
544 771 631 818 has
656 778 821 834 partes
847 772 979 834 quod
1004 771 1194 819 venerit
1218 771 1399 820 AEsone
1425 779 1585 827 natus,

280 846 441 901 Quam
467 848 663 895 laudem
689 864 717 895 a
742 864 850 896 sera
875 848 1162 912 posteritate
1188 848 1326 895 ferat.

213 923 281 970 At
304 924 442 971 labor
466 925 595 971 illius
620 932 785 971 nostro
811 925 1061 987 leviorque
1086 925 1362 987 minorque,

1523 927 1585 971 25

281 1001 333 1047 Si
359 1001 506 1048 modo
531 1018 628 1048 non
653 1018 821 1049 verum
846 1002 1045 1049 nomina
1069 1017 1248 1064 magna
1272 1008 1519 1064 premunt.

213 1076 304 1125 Ille
329 1085 405 1125 est
429 1078 478 1124 in
503 1078 737 1135 Pontum,
761 1079 901 1126 Pelia

925 1080 1167 1135 mittente,
1194 1078 1461 1142 profectus,

279 1154 376 1208 Qui
400 1155 482 1201 vix
507 1155 775 1202 Thessaliae
800 1156 896 1204 fine
922 1157 1170 1204 timendus
1196 1164 1329 1213 erat3

215 1232 426 1279 Caesaris
452 1232 523 1279 ira
546 1233 665 1279 mihi
691 1234 874 1289 nocuit,
903 1250 1053 1297 quem
1081 1233 1210 1280 Solis
1236 1234 1298 1280 ab
1323 1240 1433 1280 ortu

280 1310 408 1356 Solis
435 1310 496 1357 ad
522 1327 726 1358 occasus
752 1319 961 1375 utraque
986 1319 1117 1359 terra
1140 1310 1321 1357 tremit.

1522 1313 1585 1356 30

210 1386 239 1433 J
248 1387 437 1433 unctior
453 1386 713 1435 Haemonia
727 1395 803 1436 est
818 1389 995 1445 Ponto,
1015 1404 1164 1451 quam
1181 1387 1342 1434 Roma
1361 1387 1580 1443 sinistro3

278 1463 343 1510 Et
365 1464 576 1519 brevius,
605 1480 753 1527 quam
778 1481 883 1520 nos,
910 1465 991 1512 ille
1017 1463 1208 1528 peregit
1233 1463 1341 1511 iter.

211 1539 303 1586 Ille
329 1540 502 1587 habuit
527 1541 749 1597 comites,
777 1543 960 1606 primos
984 1542 1172 1589 telluris
1199 1540 1427 1589 Achivae:

273 1617 341 1664 At
365 1625 581 1664 nostram
607 1619 772 1665 cuncti
795 1619 1065 1666 destituere
1092 1618 1285 1680 fugam;

209 1692 314 1740 Nos
339 1693 497 1756 fragili
521 1702 714 1742 vastum
738 1695 872 1758 ligno
898 1695 1194 1742 sulcavimus
1221 1709 1415 1755 aequor:

1518 1695 1580 1740 35

273 1768 395 1823 Quae
421 1770 536 1816 tulit
560 1770 845 1828 AEsoniden‚
872 1771 1013 1818 firma
1037 1771 1203 1819 carina
1226 1770 1344 1825 fuit3

207 1845 254 1892 N
259 1861 314 1892 ec
340 1845 530 1909 Tiphys
556 1847 675 1893 mihi
700 1855 860 1895 rector
886 1856 1016 1905 erat;
1049 1864 1140 1895 nec
1164 1847 1390 1909 Agenore
1416 1853 1558 1893 natus

273 1922 409 1977 Quas
435 1939 684 1986 sequerer,
712 1925 896 1980 docuit,

203 2056 315 2088 genere
339 2046 378 2076 de
406 2046 548 2077 omnibus
575 2047 769 2088 equestribus
791 2058 856 2078 cer-

202 2094 380 2130 taminibus‚
392 2105 461 2135 quae
475 2094 505 2125 in
523 2095 614 2126 Circo
630 2096 694 2126 fieri
706 2096 856 2133 solebant,

202 2143 450 2185 intelligendum.
486 2144 612 2174 Μιςγι.

246 2194 295 2223 18.
324 2193 396 2227 Quae
430 2204 583 2232 uunquam
614 2193 763 2234 liquidis]
803 2194 857 2223 Est

201 2247 304 2272 autem
338 2240 411 2271 ordo
447 2241 627 2272 verborum:
667 2242 754 2272 navis
789 2241 854 2277 illa,

201 2289 399 2331 quantumvis
414 2288 512 2325 firma,
526 2290 662 2320 solvetur
677 2290 707 2320 in
722 2301 853 2331 aequore,

200 2349 269 2380 quae
301 2348 460 2378 nunquam
493 2338 610 2369 carebit
639 2339 740 2380 aquis,
770 2349 854 2370 Sicca

200 2389 278 2429 ipsa,
297 2388 360 2418 sive
376 2387 405 2416 in
418 2386 500 2417 sicco
516 2387 675 2418 exsistens.
710 2389 798 2417 Mim-
806 2399 832 2418 L.

241 2437 295 2466 26.
313 2436 344 2466 Si
361 2438 440 2466 modo
457 2435 540 2476 nom]
568 2436 599 2466 Si
620 2436 720 2472 modo,
743 2436 853 2477 inquit,

198 2492 285 2525 gesta
313 2484 445 2525 alicujus
469 2484 544 2514 clari
570 2485 625 2515 viri
652 2496 712 2515 non
737 2495 854 2526 praepo-

200 2539 310 2564 nantur
327 2532 415 2564 sactis
437 2533 569 2563 hominis
585 2533 654 2563 vilis
674 2540 702 2565 et
720 2534 850 2575 abjecti:

199 2582 286 2624 quasi
304 2582 399 2618 dicat,
416 2582 440 2613 si
461 2583 551 2613 modo
576 2593 634 2613 non
653 2583 782 2614 voluerit
797 2583 853 2613 ali-

198 2632 268 2672 quis
287 2631 406 2662 labores
420 2631 546 2662 „Iasonis
561 2631 636 2662 meis
653 2642 830 2673 praeponere
843 2644 851 2671 ς

197 2685 358 2722 propterea
373 2679 455 2720 quod
477 2679 599 2721 majoris
619 2686 666 2711 est
686 2680 850 2711 auctorita-

197 2729 245 2765 tis,
262 2739 354 2770 quam
371 2739 439 2769 ego.

921 1941 1044 1988 quas
1069 1924 1406 1986 fugeremque,
1423 1922 1524 1970 vias
1543 1941 1553 1978 ;

968 2048 1019 2078 30.
1039 2047 1171 2086 Vtraque
1189 2045 1296 2085 terrm]
1318 2045 1411 2075 Terra
1426 2050 1456 2075 et
1470 2043 1579 2074 orienti

923 2102 954 2126 et
970 2095 1095 2126 occasui
1111 2094 1287 2135 subjacens.

967 2146 1018 2175 31.
1030 2144 1199 2183 Junctior]
1214 2144 1357 2173 Junctior
1371 2152 1425 2184 pro
1442 2143 1578 2178 vicinior,

923 2194 1080 2234 eleganter
1095 2198 1125 2223 et
1142 2192 1264 2222 Latine.
1297 2192 1463 2222 Harmonia.
1480 2191 1578 2222 Thes-

922 2241 1012 2277 salia,
1032 2241 1112 2272 unde
1127 2241 1219 2271 solvit
1234 2241 1340 2272 Jason.
1380 2240 1485 2270 Ponto.
1505 2240 1578 2271 Col-

922 2291 1016 2326 chiffl,
1043 2302 1111 2332 quae
1139 2291 1236 2321 Ponto
1262 2290 1395 2332 adjacet.
1440 2291 1577 2320 Sinistra.

922 2340 1016 2370 Multi
1032 2342 1068 2369 sit
1084 2339 1172 2369 Istro.
1203 2340 1329 2369 Sinistf’r
1343 2344 1374 2369 et
1391 2339 1477 2369 Ioerus
1495 2339 1576 2369 Pon-

923 2396 970 2418 tus
984 2388 1096 2429 passim
1114 2387 1144 2418 in
1162 2388 1208 2418 his
1223 2394 1254 2418 et
1268 2387 1414 2418 Tristium
1431 2387 1525 2418 libris.

965 2438 1015 2467 33.
1046 2437 1186 2477 Primos]
1221 2436 1388 2466 Primarios
1416 2435 1554 2467 homines
1569 2448 1575 2466 :

922 2486 1081 2516 Castorem
1106 2485 1236 2521 scilicet,
1258 2492 1288 2516 et
1310 2485 1480 2521 Pollucem,
1496 2485 1575 2516 Her-

921 2535 1033 2569 culem,
1059 2534 1145 2570 alios,
1168 2545 1244 2575 quos
1260 2533 1365 2564 Valet.
1388 2533 1474 2564 Flac.
1497 2544 1573 2565 enu-

921 2590 1017 2613 merat
1033 2582 1062 2613 in
1080 2582 1156 2613 libro
1172 2583 1191 2612 i.

962 2632 1014 2661 37.
1042 2631 1103 2661 Nec
1128 2631 1289 2673 Agenore]
1323 2629 1476 2671 Intelliga't
1502 2630 1576 2661 Phi-

920 2690 1012 2710 neum
1038 2686 1140 2721 poeta‚
1163 2680 1215 2722 qui
1242 2680 1349 2711 Jasoni
1368 2679 1460 2715 viam,
1479 2690 1573 2721 quam

919 2734 1107 2770 sequeretur,
1136 2728 1296 2763 indicavit,
1328 2735 1358 2759 et
1388 2738 1448 2769 quo
1481 2733 1573 2770 pacto
