1760 3172
383 201 694 245 TRISTIUM
726 201 846 243 LIB.
880 200 944 242 ΙΙ.
978 201 1070 242 EL.
1103 199 1323 255 UNICA.

1468 201 1552 242 197

155 318 328 366 Altera
351 333 465 383 pars
492 325 738 383 superest,
766 333 881 380 qua,
909 316 1040 380 turpi
1066 315 1272 364 crimine
1297 323 1480 372 tactUS,

221 395 417 459 Arguor
440 395 662 444 obscoeni
687 395 862 442 doctor
887 394 1132 441 adulterii.

156 472 253 521 Fas
278 490 395 536 ergo
420 481 498 522 est
521 473 690 537 aliqua
714 472 939 521 coelestia
963 478 1168 536 pectora
1191 470 1322 527 falli;

223 550 290 598 Et
313 558 430 599 sunt
453 552 631 599 notitia
651 551 808 598 multa
833 550 1023 596 minora
1046 548 1166 595 tua?

159 627 350 692 thue,
369 629 505 676 Deos
531 630 816 692 coelumque
843 627 998 675 simul
1016 626 1230 673 sublime
1249 624 1425 679 tuenti,
1453 626 1550 670 215

223 705 339 753 Non
363 712 508 753 vacat
528 705 723 768 exiguis
750 705 898 752 rebus
925 704 1103 751 adesse
1128 701 1158 749 J
1163 702 1265 759 ovi;

154 780 201 828 A
224 788 274 830 te
297 783 618 846 pendentem,
647 781 736 838 sic,
764 782 883 848 (ΕΒΗ
906 779 1252 844 circumspicis
1278 779 1465 834 orbem,

1541 793 1589 819 Q„

222 858 485 923 Effugiunt
508 875 653 907 curas
678 859 909 907 inferiora
932 866 1061 906 tuas.

158 935 365 984 Scilicet
388 937 597 1002 imperii,
625 937 877 1001 princeps,
906 936 1119 984 statione
1144 935 1333 990 relicta,

223 1013 506 1079 Imparibus
529 1014 724 1077 legeres
750 1013 971 1062 carmina
995 1013 1127 1060 facta
1150 1013 1347 1060 modis?

1455 1015 1553 1057 220

157 1090 274 1138 Non
299 1108 360 1139 ea
380 1099 431 1140 te
456 1092 612 1140 moles
640 1091 857 1139 Romani
883 1091 1097 1138 nominis
1123 1096 1282 1153 urget,

224 1168 386 1233 Inque
410 1170 508 1218 tuis
533 1169 752 1218 humeris
779 1177 882 1217 tam
908 1170 1016 1217 leve
1040 1169 1194 1216 fertur
1219 1183 1372 1223 onus3

158 1246 372 1295 Lusibus
396 1254 453 1311 gt
476 1247 640 1312 possis
666 1247 923 1295 advertere
949 1262 1134 1293 numen
1160 1244 1362 1308 ineptis,

225 1323 573 1388 Excutiasque
598 1325 755 1372 oculis
782 1324 884 1372 otia
908 1331 1079 1372 nostra
1103 1323 1218 1370 tuis.

1456 1321 1552 1365 224

157 1400 305 1449 Nunc
329 1402 420 1449 tibi
441 1402 703 1449 Pannonia
723 1409 814 1458 est,
834 1418 965 1448 nunc
984 1401 1149 1465 Illyris
1170 1416 1256 1447 ora
1274 1397 1548 1453 domanda3

222 1478 454 1526 Rhaetica
488 1495 619 1527 nunc
655 1479 899 1544 praebent,
926 1478 1241 1541 Thraciaque
1270 1491 1422 1530 arma,
1450 1491 1552 1522 me-

355 1563 461 1603 tum
476 1573 485 1604 :

158 1631 306 1680 Nunc
332 1633 459 1698 petit
475 1633 743 1698 Armenius
769 1649 976 1697 pacem:
1017 1649 1149 1680 nunc
1176 1631 1385 1696 porrigit
1409 1647 1554 1679 arcus

223 1709 442 1758 Parthus
467 1727 641 1774 eques,
662 1700 844 1759 'timida
868 1718 1119 1775 captaque
1145 1711 1288 1773 signa
1311 1725 1478 1757 manu.

199 1833 274 1864 211.
292 1833 388 1873 Turpi
398 1835 524 1865 crimine
535 1833 657 1875 lectus]
683 1833 824 1865 Carmine

145 1882 260 1925 factus
273 1883 416 1914 meliores
430 1893 545 1924 magno
559 1894 697 1914 numero.
722 1884 824 1921 Malo,

156 1934 241 1972 turpi
268 1935 392 1963 crimine
416 1939 534 1970 tactu35
558 1933 631 1964 hinc
654 1940 762 1964 taxare
791 1939 824 1966 et

155 1988 312 2013 taxatores
326 1981 443 2013 scenici
456 1982 546 2019 dicti,
558 1982 642 2024 quod
655 1982 733 2014 alter
745 1983 822 2015 alte-

156 2042 225 2063 rum
247 2031 425 2063 maledictis
448 2037 576 2074 tangat;
600 2033 671 2064 vide
696 2034 823 2065 Festum

155 2081 189 2112 in
223 2081 334 2112 Tazat.
380 2081 475 2122 Turpi
511 2085 637 2113 crimine
673 2084 758 2114 laesus
790 2083 823 2114 in

155 2130 380 2162 Arondeliano.
407 2131 527 2162 HEms.
555 2132 664 2163 Burm.
696 2132 824 2175 conjicit

154 2187 261 2212 sectus.
282 2180 409 2211 Harles.
421 2180 562 2223 fractus.

200 2231 275 2261 218.
298 2229 483 2272 Inferiora]
510 2230 555 2261 Ut
569 2230 655 2262 fuere
670 2241 743 2261 mea
756 2241 824 2262 car-

157 2277 243 2310 mina
257 2278 297 2310 de
311 2279 389 2310 Arte
403 2279 565 2310 amatoria.

200 2330 276 2360 225.
301 2329 395 2360 Nunc
410 2331 465 2360 tibi
482 2329 644 2360 Pannonia
661 2329 731 2371 est.]
758 2330 823 2361 Na-

158 2377 202 2409 tio
221 2378 333 2420 ingens
355 2378 439 2409 circa
460 2379 597 2417 Istrum;
620 2380 652 2410 hi
670 2379 789 2411 Paeones
803 2391 822 2411 a

159 2427 290 2465 Graecis,
303 2438 323 2458 a
336 2427 489 2459 Romanis
506 2429 663 2459 Pannonii
673 2429 823 2471 appellati

158 2477 260 2508 fuere:
286 2483 318 2508 et
341 2478 380 2508 ab
402 2476 465 2508 illis
480 2477 560 2509 inter
575 2478 699 2520 Illyrios
713 2489 822 2509 nume-

157 2528 328 2566 rabantur3
350 2527 422 2558 vide
437 2527 574 2559 Florum.
605 2528 698 2559 Nunc
716 2528 824 2570 Illyris

157 2588 210 2607 ora
239 2579 398 2608 domanda.
443 2577 518 2608 Post
545 2578 639 2608 finem
668 2578 821 2609 bellorum

158 2625 311 2663 civilium,
326 2626 408 2668 Aug.
420 2627 472 2668 (ut
483 2627 564 2658 Flor.
575 2627 684 2667 docet)
701 2627 825 2668 reliqua

157 2676 244 2707 bella
265 2676 361 2717 gessit
377 2676 541 2707 adversum
562 2683 686 2707 exteras
701 2682 821 2717 gentes,

160 2735 231 2766 quae
251 2724 394 2757 districto
415 2725 500 2756 circa
519 2726 605 2756 mala
617 2736 674 2756 sua
694 2725 825 2768 imperio

160 2773 290 2805 diversis
319 2774 400 2806 orbis
425 2774 485 2806 oris
511 2775 709 2806 emicabant:
745 2785 826 2806 nova

890 1834 1006 1876 quippe
1029 1844 1112 1876 pax3
1136 1833 1273 1864 necdum
1299 1832 1439 1863 adsuetae
1464 1830 1559 1862 frenis

889 1884 1058 1920 servitutis,
1074 1883 1203 1915 tumidae
1218 1882 1359 1923 gentium
1374 1881 1556 1922 inflataeque

889 1934 1026 1965 cervices
1047 1934 1086 1964 ab
1109 1932 1254 1975 imposito
1268 1942 1367 1973 nuper
1386 1931 1462 1973 jugo
1482 1931 1557 1962 resi—

889 1984 1019 2015 liebant.

934 2033 1008 2063 226.
1025 2032 1161 2062 Rhaetica
1173 2042 1253 2061 nunc
1264 2029 1422 2070 prebent]
1449 2028 1557 2059 Rhaeti

891 2082 930 2113 ad
945 2082 1073 2113 Italiam
1090 2091 1189 2122 usque
1202 2080 1371 2122 pertinent,
1382 2089 1450 2120 quae
1463 2087 1559 2120 supra

889 2133 1049 2164 Veronam
1063 2138 1096 2162 et
1111 2131 1245 2162 Comum
1264 2136 1322 2161 est.
1370 2130 1557 2169 Thraciaque

888 2194 984 2214 arma.
1028 2181 1166 2211 Thraces
1189 2190 1315 2221 quoque
1341 2189 1413 2209 cum
1436 2177 1559 2209 caeteris

889 2231 1084 2263 desciverant
1098 2242 1104 2259 :
1130 2229 1183 2271 qui
1198 2234 1229 2259 et
1243 2228 1340 2268 signis
1355 2227 1556 2262 militaribus,

890 2288 923 2313 et
950 2280 1128 2322 disciplina,
1155 2278 1249 2309 armis
1277 2277 1373 2308 etiam
1403 2277 1557 2307 Romanis

891 2330 1015 2363 adsueti
1028 2331 1162 2360 fuerant.
1186 2327 1359 2358 Pausanias
1373 2326 1469 2357 etiam
1481 2325 1558 2357 scri-

888 2381 946 2417 bit,
959 2379 1079 2411 nullam
1095 2377 1266 2413 nationem,
1278 2382 1388 2418 praeter
1404 2375 1555 2413 Galliam,

888 2429 1024 2462 Thracia
1049 2428 1199 2470 majorem
1229 2437 1307 2457 esse.
1353 2427 1429 2457 Hor.
1445 2426 1477 2457 ii.
1493 2425 1559 2457 Od.

892 2481 942 2511 16.
967 2479 1171 2520 bellofuriosa
1186 2476 1311 2507 Thrace.

935 2529 1010 2559 227.
1037 2527 1171 2557 Parthus
1192 2537 1274 2556 nunc
1290 2526 1421 2565 porrigit
1435 2524 1554 2565 arcus]

889 2578 1052 2618 Augustus
1065 2576 1211 2616 (auctore
1222 2574 1365 2607 Justino)
1379 2573 1466 2604 finito
1482 2574 1557 2604 His—

890 2638 972 2669 pano
988 2626 1084 2661 bello,
1100 2625 1131 2655 in
1154 2624 1275 2666 Syriam
1302 2624 1342 2654 ad
1363 2633 1555 2665 componen-

891 2677 967 2708 dum
991 2674 1131 2707 Orientis
1154 2680 1269 2704 statum
1292 2673 1454 2715 pervenit3
1488 2684 1555 2704 me-

891 2733 1022 2767 tumque
1049 2723 1201 2755 Plu-abati
1219 2722 1366 2765 injunxit,
1383 2733 1420 2754 ne
1439 2723 1556 2754 bellum

896 2774 1033 2806 Parthiae
1060 2773 1157 2804 vellet
1181 2772 1305 2803 inferre.
1351 2772 1465 2813 Itaque
1492 2778 1560 2802 tota

969 2829 1041 2859 03
