<?xml version="1.0" encoding="UTF-8"?>
<!DOCTYPE html PUBLIC "-//W3C//DTD XHTML 1.0 Transitional//EN"
    "http://www.w3.org/TR/xhtml1/DTD/xhtml1-transitional.dtd">
<html xmlns="http://www.w3.org/1999/xhtml" xml:lang="en" lang="en">
 <head>
  <title>
</title>
<meta http-equiv="Content-Type" content="text/html;charset=utf-8" />
  <meta name='ocr-system' content='tesseract 3.04.00' />
  <meta name='ocr-capabilities' content='ocr_page ocr_carea ocr_par ocr_line ocrx_word'/>
</head>
<body>
  <div class='ocr_page' id='page_1' title='image "./povidiinasonisop02oviduoft_0540.png"; bbox 0 0 1760 3172; ppageno 0'>
   <div class='ocr_carea' id='block_1_1' title="bbox 231 160 1235 203">
    <p class='ocr_par' dir='ltr' id='par_1_1' title="bbox 231 160 1235 203">
     <span class='ocr_line' id='line_1_1' title="bbox 231 160 1235 203; baseline -0.001 0"><span class='ocrx_word' id='word_1_1' title='bbox 231 163 314 203; x_wconf 82' lang='lat'>5:30</span> <span class='ocrx_word' id='word_1_2' title='bbox 622 161 672 202; x_wconf 92' lang='lat' dir='ltr'>P.</span> <span class='ocrx_word' id='word_1_3' title='bbox 706 160 918 202; x_wconf 90' lang='lat' dir='ltr'>OVIDII</span> <span class='ocrx_word' id='word_1_4' title='bbox 955 160 1235 203; x_wconf 90' lang='lat' dir='ltr'><strong>NASONIS</strong></span> 
     </span>
    </p>
   </div>
   <div class='ocr_carea' id='block_1_2' title="bbox 230 276 1618 1339">
    <p class='ocr_par' dir='ltr' id='par_1_2' title="bbox 230 276 1618 1339">
     <span class='ocr_line' id='line_1_2' title="bbox 232 276 1613 341; baseline -0.001 -17"><span class='ocrx_word' id='word_1_5' title='bbox 232 276 296 324; x_wconf 92' lang='lat' dir='ltr'>Et</span> <span class='ocrx_word' id='word_1_6' title='bbox 321 277 491 340; x_wconf 90' lang='lat' dir='ltr'>pudet,</span> <span class='ocrx_word' id='word_1_7' title='bbox 509 284 557 324; x_wconf 89' lang='lat' dir='ltr'>et</span> <span class='ocrx_word' id='word_1_8' title='bbox 577 283 760 332; x_wconf 92' lang='lat' dir='ltr'>metuo,</span> <span class='ocrx_word' id='word_1_9' title='bbox 779 292 1075 340; x_wconf 83' lang='lat' dir='ltr'>semperque</span> <span class='ocrx_word' id='word_1_10' title='bbox 1099 277 1376 340; x_wconf 90' lang='lat' dir='ltr'>eademque</span> <span class='ocrx_word' id='word_1_11' title='bbox 1401 278 1613 341; x_wconf 62' lang='lat' dir='ltr'>precam</span> 
     </span>
     <span class='ocr_line' id='line_1_3' title="bbox 300 352 1616 416; baseline 0 -16"><span class='ocrx_word' id='word_1_12' title='bbox 300 352 378 400; x_wconf 94' lang='lat' dir='ltr'>Ne</span> <span class='ocrx_word' id='word_1_13' title='bbox 404 353 615 400; x_wconf 83' lang='lat' dir='ltr'>subeant</span> <span class='ocrx_word' id='word_1_14' title='bbox 639 353 802 400; x_wconf 91' lang='lat' dir='ltr'>animo</span> <span class='ocrx_word' id='word_1_15' title='bbox 826 352 975 400; x_wconf 82' lang='lat' dir='ltr'>taedia</span> <span class='ocrx_word' id='word_1_16' title='bbox 993 355 1131 416; x_wconf 90' lang='lat' dir='ltr'>justa</span> <span class='ocrx_word' id='word_1_17' title='bbox 1154 361 1257 400; x_wconf 87' lang='lat' dir='ltr'>tuo.</span> <span class='ocrx_word' id='word_1_18' title='bbox 1553 357 1616 400; x_wconf 91' lang='lat'>30</span> 
     </span>
     <span class='ocr_line' id='line_1_4' title="bbox 230 428 1591 494; baseline 0.002 -19"><span class='ocrx_word' id='word_1_19' title='bbox 230 430 416 478; x_wconf 90' lang='lat' dir='ltr'>Verum</span> <span class='ocrx_word' id='word_1_20' title='bbox 436 429 557 493; x_wconf 92' lang='lat' dir='ltr'>quid</span> <span class='ocrx_word' id='word_1_21' title='bbox 581 428 793 476; x_wconf 80' lang='lat' dir='ltr'>faciam?</span> <span class='ocrx_word' id='word_1_22' title='bbox 833 446 909 477; x_wconf 92' lang='lat' dir='ltr'>res</span> <span class='ocrx_word' id='word_1_23' title='bbox 937 429 1259 477; x_wconf 89' lang='lat' dir='ltr'>immoderata</span> <span class='ocrx_word' id='word_1_24' title='bbox 1280 431 1462 494; x_wconf 91' lang='lat' dir='ltr'>cupido</span> <span class='ocrx_word' id='word_1_25' title='bbox 1488 438 1591 478; x_wconf 92' lang='lat' dir='ltr'>est:</span> 
     </span>
     <span class='ocr_line' id='line_1_5' title="bbox 299 506 1268 562; baseline 0.001 -9"><span class='ocrx_word' id='word_1_26' title='bbox 299 506 378 554; x_wconf 92' lang='lat' dir='ltr'>Da</span> <span class='ocrx_word' id='word_1_27' title='bbox 401 507 595 554; x_wconf 86' lang='lat' dir='ltr'>veniam</span> <span class='ocrx_word' id='word_1_28' title='bbox 620 506 753 561; x_wconf 88' lang='lat' dir='ltr'>vitio,</span> <span class='ocrx_word' id='word_1_29' title='bbox 781 506 914 553; x_wconf 90' lang='lat' dir='ltr'>mitis</span> <span class='ocrx_word' id='word_1_30' title='bbox 941 506 1114 562; x_wconf 81' lang='lat' dir='ltr'>amice,</span> <span class='ocrx_word' id='word_1_31' title='bbox 1142 523 1268 554; x_wconf 81' lang='lat' dir='ltr'>meo,</span> 
     </span>
     <span class='ocr_line' id='line_1_6' title="bbox 233 583 1467 647; baseline 0.001 -18"><span class='ocrx_word' id='word_1_32' title='bbox 233 583 461 631; x_wconf 78' lang='lat' dir='ltr'>Scribere</span> <span class='ocrx_word' id='word_1_33' title='bbox 488 599 621 647; x_wconf 87' lang='lat' dir='ltr'>saepe</span> <span class='ocrx_word' id='word_1_34' title='bbox 643 583 776 630; x_wconf 90' lang='lat' dir='ltr'>aliud</span> <span class='ocrx_word' id='word_1_35' title='bbox 802 583 1010 646; x_wconf 89' lang='lat' dir='ltr'>cupiens</span> <span class='ocrx_word' id='word_1_36' title='bbox 1035 583 1239 630; x_wconf 84' lang='lat' dir='ltr'>delabor</span> <span class='ocrx_word' id='word_1_37' title='bbox 1263 583 1467 631; x_wconf 91' lang='lat' dir='ltr'>eodem:</span> 
     </span>
     <span class='ocr_line' id='line_1_7' title="bbox 297 660 1335 724; baseline 0.001 -18"><span class='ocrx_word' id='word_1_38' title='bbox 297 660 416 724; x_wconf 81' lang='lat' dir='ltr'>Ipsa</span> <span class='ocrx_word' id='word_1_39' title='bbox 441 661 603 707; x_wconf 89' lang='lat' dir='ltr'>locum</span> <span class='ocrx_word' id='word_1_40' title='bbox 629 676 717 723; x_wconf 91' lang='lat' dir='ltr'>per</span> <span class='ocrx_word' id='word_1_41' title='bbox 742 677 793 707; x_wconf 92' lang='lat' dir='ltr'>se</span> <span class='ocrx_word' id='word_1_42' title='bbox 821 660 963 707; x_wconf 87' lang='lat' dir='ltr'>litera</span> <span class='ocrx_word' id='word_1_43' title='bbox 986 668 1156 707; x_wconf 90' lang='lat' dir='ltr'>nostra</span> <span class='ocrx_word' id='word_1_44' title='bbox 1180 668 1335 723; x_wconf 82' lang='lat' dir='ltr'>rogat.</span> 
     </span>
     <span class='ocr_line' id='line_1_8' title="bbox 233 737 1616 800; baseline 0 -16"><span class='ocrx_word' id='word_1_45' title='bbox 233 738 333 784; x_wconf 86' lang='lat' dir='ltr'>Seu</span> <span class='ocrx_word' id='word_1_46' title='bbox 358 746 524 785; x_wconf 88' lang='lat' dir='ltr'>tamen</span> <span class='ocrx_word' id='word_1_47' title='bbox 550 737 756 785; x_wconf 88' lang='lat' dir='ltr'>effectus</span> <span class='ocrx_word' id='word_1_48' title='bbox 776 737 1006 785; x_wconf 90' lang='lat' dir='ltr'>habitura</span> <span class='ocrx_word' id='word_1_49' title='bbox 1031 745 1107 785; x_wconf 88' lang='lat' dir='ltr'>est</span> <span class='ocrx_word' id='word_1_50' title='bbox 1126 738 1306 800; x_wconf 79' lang='lat' dir='ltr'>gratia;</span> <span class='ocrx_word' id='word_1_51' title='bbox 1337 754 1424 785; x_wconf 90' lang='lat' dir='ltr'>seu</span> <span class='ocrx_word' id='word_1_52' title='bbox 1450 754 1529 784; x_wconf 88' lang='lat' dir='ltr'>me</span> <span class='ocrx_word' id='word_1_53' title='bbox 1554 740 1616 784; x_wconf 87' lang='lat'>35</span> 
     </span>
     <span class='ocr_line' id='line_1_9' title="bbox 299 813 1389 877; baseline 0.001 -17"><span class='ocrx_word' id='word_1_54' title='bbox 299 814 437 861; x_wconf 90' lang='lat' dir='ltr'>Dura</span> <span class='ocrx_word' id='word_1_55' title='bbox 453 815 600 877; x_wconf 88' lang='lat' dir='ltr'>jubet</span> <span class='ocrx_word' id='word_1_56' title='bbox 624 814 787 877; x_wconf 80' lang='lat' dir='ltr'>gelido</span> <span class='ocrx_word' id='word_1_57' title='bbox 813 813 974 862; x_wconf 88' lang='lat' dir='ltr'>Parca</span> <span class='ocrx_word' id='word_1_58' title='bbox 999 815 1091 861; x_wconf 88' lang='lat' dir='ltr'>sub</span> <span class='ocrx_word' id='word_1_59' title='bbox 1117 831 1213 862; x_wconf 85' lang='lat' dir='ltr'>axe</span> <span class='ocrx_word' id='word_1_60' title='bbox 1238 814 1389 869; x_wconf 86' lang='lat' dir='ltr'>mori;</span> 
     </span>
     <span class='ocr_line' id='line_1_10' title="bbox 232 891 1459 955; baseline 0.001 -17"><span class='ocrx_word' id='word_1_61' title='bbox 232 891 440 955; x_wconf 88' lang='lat' dir='ltr'>Semper</span> <span class='ocrx_word' id='word_1_62' title='bbox 465 891 672 938; x_wconf 87' lang='lat' dir='ltr'>inoblita</span> <span class='ocrx_word' id='word_1_63' title='bbox 696 898 916 955; x_wconf 87' lang='lat' dir='ltr'>repetam</span> <span class='ocrx_word' id='word_1_64' title='bbox 942 899 1028 939; x_wconf 91' lang='lat' dir='ltr'>tua</span> <span class='ocrx_word' id='word_1_65' title='bbox 1051 907 1255 938; x_wconf 88' lang='lat' dir='ltr'>munera</span> <span class='ocrx_word' id='word_1_66' title='bbox 1277 898 1459 946; x_wconf 87' lang='lat' dir='ltr'>mente,</span> 
     </span>
     <span class='ocr_line' id='line_1_11' title="bbox 298 968 1282 1016; baseline -0.001 -1"><span class='ocrx_word' id='word_1_67' title='bbox 298 968 362 1015; x_wconf 92' lang='lat' dir='ltr'>Et</span> <span class='ocrx_word' id='word_1_68' title='bbox 387 984 497 1016; x_wconf 89' lang='lat' dir='ltr'>mea</span> <span class='ocrx_word' id='word_1_69' title='bbox 522 984 601 1016; x_wconf 91' lang='lat' dir='ltr'>me</span> <span class='ocrx_word' id='word_1_70' title='bbox 623 968 771 1015; x_wconf 85' lang='lat' dir='ltr'>tellus</span> <span class='ocrx_word' id='word_1_71' title='bbox 798 969 965 1016; x_wconf 89' lang='lat' dir='ltr'>audiet</span> <span class='ocrx_word' id='word_1_72' title='bbox 990 985 1100 1016; x_wconf 90' lang='lat' dir='ltr'>esse</span> <span class='ocrx_word' id='word_1_73' title='bbox 1124 976 1282 1015; x_wconf 90' lang='lat' dir='ltr'>tuum.</span> 
     </span>
     <span class='ocr_line' id='line_1_12' title="bbox 231 1045 1514 1109; baseline 0 -18"><span class='ocrx_word' id='word_1_74' title='bbox 231 1045 423 1092; x_wconf 82' lang='lat' dir='ltr'>Audiet.</span> <span class='ocrx_word' id='word_1_75' title='bbox 444 1052 493 1094; x_wconf 92' lang='lat' dir='ltr'>et</span> <span class='ocrx_word' id='word_1_76' title='bbox 518 1045 642 1092; x_wconf 87' lang='lat' dir='ltr'>coelo</span> <span class='ocrx_word' id='word_1_77' title='bbox 668 1047 832 1109; x_wconf 88' lang='lat' dir='ltr'>posita</span> <span class='ocrx_word' id='word_1_78' title='bbox 855 1054 933 1093; x_wconf 90' lang='lat' dir='ltr'>est</span> <span class='ocrx_word' id='word_1_79' title='bbox 958 1061 1272 1109; x_wconf 86' lang='lat' dir='ltr'>quaecunque</span> <span class='ocrx_word' id='word_1_80' title='bbox 1298 1045 1390 1092; x_wconf 90' lang='lat' dir='ltr'>sub</span> <span class='ocrx_word' id='word_1_81' title='bbox 1415 1045 1514 1101; x_wconf 85' lang='lat' dir='ltr'>illo,</span> 
     </span>
     <span class='ocr_line' id='line_1_13' title="bbox 296 1121 1618 1170; baseline 0 -2"><span class='ocrx_word' id='word_1_82' title='bbox 296 1121 494 1168; x_wconf 85' lang='lat' dir='ltr'>Transit</span> <span class='ocrx_word' id='word_1_83' title='bbox 519 1129 687 1169; x_wconf 83' lang='lat' dir='ltr'>nostra</span> <span class='ocrx_word' id='word_1_84' title='bbox 710 1121 838 1170; x_wconf 87' lang='lat' dir='ltr'>feros</span> <span class='ocrx_word' id='word_1_85' title='bbox 865 1123 906 1169; x_wconf 92' lang='lat' dir='ltr'>si</span> <span class='ocrx_word' id='word_1_86' title='bbox 932 1122 1078 1169; x_wconf 89' lang='lat' dir='ltr'>modo</span> <span class='ocrx_word' id='word_1_87' title='bbox 1105 1121 1256 1169; x_wconf 87' lang='lat' dir='ltr'>Musa</span> <span class='ocrx_word' id='word_1_88' title='bbox 1282 1122 1455 1169; x_wconf 87' lang='lat' dir='ltr'>Getas.</span> <span class='ocrx_word' id='word_1_89' title='bbox 1553 1125 1618 1168; x_wconf 87' lang='grc'>40</span> 
     </span>
     <span class='ocr_line' id='line_1_14' title="bbox 231 1198 1425 1263; baseline 0.001 -18"><span class='ocrx_word' id='word_1_90' title='bbox 231 1198 405 1261; x_wconf 91' lang='lat' dir='ltr'>Teque</span> <span class='ocrx_word' id='word_1_91' title='bbox 430 1215 552 1246; x_wconf 83' lang='lat' dir='ltr'>meae</span> <span class='ocrx_word' id='word_1_92' title='bbox 579 1215 780 1246; x_wconf 89' lang='lat' dir='ltr'>causam</span> <span class='ocrx_word' id='word_1_93' title='bbox 808 1207 1211 1263; x_wconf 86' lang='lat' dir='ltr'>servatoremque</span> <span class='ocrx_word' id='word_1_94' title='bbox 1237 1200 1425 1255; x_wconf 88' lang='lat' dir='ltr'>salutis,</span> 
     </span>
     <span class='ocr_line' id='line_1_15' title="bbox 296 1275 1353 1339; baseline 0.001 -17"><span class='ocrx_word' id='word_1_95' title='bbox 296 1275 487 1339; x_wconf 88' lang='lat' dir='ltr'>Meque</span> <span class='ocrx_word' id='word_1_96' title='bbox 512 1284 653 1323; x_wconf 89' lang='lat' dir='ltr'>tuum</span> <span class='ocrx_word' id='word_1_97' title='bbox 680 1277 804 1323; x_wconf 88' lang='lat' dir='ltr'>libra</span> <span class='ocrx_word' id='word_1_98' title='bbox 829 1277 956 1324; x_wconf 86' lang='lat' dir='ltr'>norit</span> <span class='ocrx_word' id='word_1_99' title='bbox 981 1284 1031 1324; x_wconf 91' lang='lat' dir='ltr'>et</span> <span class='ocrx_word' id='word_1_100' title='bbox 1055 1293 1151 1324; x_wconf 88' lang='lat' dir='ltr'>aere</span> <span class='ocrx_word' id='word_1_101' title='bbox 1177 1277 1353 1339; x_wconf 85' lang='lat' dir='ltr'>magis.</span> 
     </span>
    </p>
   </div>
   <div class='ocr_carea' id='block_1_3' title="bbox 228 1419 1621 1610">
    <p class='ocr_par' dir='ltr' id='par_1_3' title="bbox 228 1419 1620 1561">
     <span class='ocr_line' id='line_1_16' title="bbox 271 1419 1619 1462; baseline 0 -12"><span class='ocrx_word' id='word_1_102' title='bbox 271 1421 322 1451; x_wconf 83' lang='lat'>35.</span> <span class='ocrx_word' id='word_1_103' title='bbox 351 1420 502 1450; x_wconf 79' lang='lat' dir='ltr'>Habitum</span> <span class='ocrx_word' id='word_1_104' title='bbox 529 1427 570 1451; x_wconf 83' lang='lat' dir='ltr'>est</span> <span class='ocrx_word' id='word_1_105' title='bbox 599 1421 701 1461; x_wconf 76' lang='lat' dir='ltr'>gratia</span> <span class='ocrx_word' id='word_1_106' title='bbox 733 1420 886 1462; x_wconf 44' lang='lat' dir='ltr'>effectus]</span> <span class='ocrx_word' id='word_1_107' title='bbox 1002 1421 1052 1450; x_wconf 84' lang='lat'>42.</span> <span class='ocrx_word' id='word_1_108' title='bbox 1088 1420 1220 1460; x_wconf 61' lang='lat' dir='ltr'>Minus]</span> <span class='ocrx_word' id='word_1_109' title='bbox 1255 1420 1369 1451; x_wconf 85' lang='lat' dir='ltr'>Sensus</span> <span class='ocrx_word' id='word_1_110' title='bbox 1396 1426 1460 1450; x_wconf 87' lang='lat' dir='ltr'>est:</span> <span class='ocrx_word' id='word_1_111' title='bbox 1493 1419 1548 1450; x_wconf 86' lang='lat' dir='ltr'>Me</span> <span class='ocrx_word' id='word_1_112' title='bbox 1573 1420 1619 1451; x_wconf 85' lang='lat' dir='ltr'>tui</span> 
     </span>
     <span class='ocr_line' id='line_1_17' title="bbox 228 1468 1620 1512; baseline 0.001 -12"><span class='ocrx_word' id='word_1_113' title='bbox 228 1470 408 1500; x_wconf 78' lang='lat' dir='ltr'>Favortuus</span> <span class='ocrx_word' id='word_1_114' title='bbox 420 1476 467 1500; x_wconf 88' lang='lat' dir='ltr'>est</span> <span class='ocrx_word' id='word_1_115' title='bbox 481 1469 564 1512; x_wconf 84' lang='lat' dir='ltr'>apud</span> <span class='ocrx_word' id='word_1_116' title='bbox 577 1469 889 1512; x_wconf 81' lang='lat' dir='ltr'>Caesaremimpetra-</span> <span class='ocrx_word' id='word_1_117' title='bbox 959 1469 1105 1511; x_wconf 85' lang='lat' dir='ltr'>mancipii</span> <span class='ocrx_word' id='word_1_118' title='bbox 1130 1480 1196 1500; x_wconf 88' lang='lat' dir='ltr'>esse</span> <span class='ocrx_word' id='word_1_119' title='bbox 1223 1470 1314 1505; x_wconf 81' lang='lat' dir='ltr'>norit,</span> <span class='ocrx_word' id='word_1_120' title='bbox 1344 1468 1488 1510; x_wconf 82' lang='lat' dir='ltr'>quamvis</span> <span class='ocrx_word' id='word_1_121' title='bbox 1516 1480 1560 1501; x_wconf 90' lang='lat' dir='ltr'>aes</span> <span class='ocrx_word' id='word_1_122' title='bbox 1588 1475 1620 1501; x_wconf 91' lang='lat' dir='ltr'>et</span> 
     </span>
     <span class='ocr_line' id='line_1_18' title="bbox 229 1518 1619 1561; baseline 0.001 -13"><span class='ocrx_word' id='word_1_123' title='bbox 229 1525 317 1550; x_wconf 75' lang='lat' dir='ltr'>turus</span> <span class='ocrx_word' id='word_1_124' title='bbox 332 1519 414 1561; x_wconf 93' lang='lat' dir='ltr'>quod</span> <span class='ocrx_word' id='word_1_125' title='bbox 431 1520 511 1550; x_wconf 87' lang='lat' dir='ltr'>volo.</span> <span class='ocrx_word' id='word_1_126' title='bbox 959 1518 1038 1549; x_wconf 86' lang='lat' dir='ltr'>libra</span> <span class='ocrx_word' id='word_1_127' title='bbox 1050 1518 1272 1561; x_wconf 84' lang='lat' dir='ltr'>mancipationi</span> <span class='ocrx_word' id='word_1_128' title='bbox 1283 1529 1343 1549; x_wconf 90' lang='lat' dir='ltr'>non</span> <span class='ocrx_word' id='word_1_129' title='bbox 1355 1518 1525 1549; x_wconf 78' lang='lat' dir='ltr'>adfuerint.</span> <span class='ocrx_word' id='word_1_130' title='bbox 1556 1519 1619 1550; x_wconf 77' lang='lat' dir='ltr'>Mi-</span> 
     </span>
    </p>

    <p class='ocr_par' dir='ltr' id='par_1_4' title="bbox 273 1568 1621 1610">
     <span class='ocr_line' id='line_1_19' title="bbox 273 1568 1621 1610; baseline -0.001 -10"><span class='ocrx_word' id='word_1_131' title='bbox 273 1570 324 1600; x_wconf 86' lang='lat'>38.</span> <span class='ocrx_word' id='word_1_132' title='bbox 350 1569 390 1599; x_wconf 80' lang='lat' dir='ltr'>Et</span> <span class='ocrx_word' id='word_1_133' title='bbox 406 1581 467 1600; x_wconf 81' lang='lat' dir='ltr'>mea</span> <span class='ocrx_word' id='word_1_134' title='bbox 484 1581 527 1600; x_wconf 81' lang='lat' dir='ltr'>me</span> <span class='ocrx_word' id='word_1_135' title='bbox 544 1569 659 1610; x_wconf 66' lang='lat' dir='ltr'>tellus]</span> <span class='ocrx_word' id='word_1_136' title='bbox 689 1569 758 1600; x_wconf 81' lang='lat' dir='ltr'>Prae</span> <span class='ocrx_word' id='word_1_137' title='bbox 781 1579 829 1600; x_wconf 88' lang='lat' dir='ltr'>me</span> <span class='ocrx_word' id='word_1_138' title='bbox 846 1570 890 1600; x_wconf 86' lang='lat' dir='ltr'>fe·</span> <span class='ocrx_word' id='word_1_139' title='bbox 959 1579 1016 1598; x_wconf 79' lang='lat' dir='ltr'>nus</span> <span class='ocrx_word' id='word_1_140' title='bbox 1037 1579 1109 1599; x_wconf 88' lang='lat' dir='ltr'>vero</span> <span class='ocrx_word' id='word_1_141' title='bbox 1132 1578 1204 1598; x_wconf 90' lang='lat' dir='ltr'>cum</span> <span class='ocrx_word' id='word_1_142' title='bbox 1227 1568 1364 1598; x_wconf 85' lang='lat' dir='ltr'>ablativo</span> <span class='ocrx_word' id='word_1_143' title='bbox 1387 1578 1500 1609; x_wconf 89' lang='lat' dir='ltr'>ponere</span> <span class='ocrx_word' id='word_1_144' title='bbox 1521 1568 1621 1599; x_wconf 82' lang='lat' dir='ltr'>solent</span> 
     </span>
    </p>
   </div>
   <div class='ocr_carea' id='block_1_4' title="bbox 225 1616 1619 1748">
    <p class='ocr_par' dir='ltr' id='par_1_5' title="bbox 225 1616 1619 1748">
     <span class='ocr_line' id='line_1_20' title="bbox 228 1616 1618 1660; baseline 0 -11"><span class='ocrx_word' id='word_1_145' title='bbox 228 1629 304 1655; x_wconf 88' lang='lat' dir='ltr'>ram,</span> <span class='ocrx_word' id='word_1_146' title='bbox 326 1625 358 1650; x_wconf 82' lang='lat' dir='ltr'>et</span> <span class='ocrx_word' id='word_1_147' title='bbox 381 1618 484 1650; x_wconf 88' lang='lat' dir='ltr'>dicam</span> <span class='ocrx_word' id='word_1_148' title='bbox 509 1625 541 1650; x_wconf 86' lang='lat' dir='ltr'>et</span> <span class='ocrx_word' id='word_1_149' title='bbox 570 1619 706 1650; x_wconf 80' lang='lat' dir='ltr'>testabor</span> <span class='ocrx_word' id='word_1_150' title='bbox 731 1618 780 1649; x_wconf 87' lang='lat' dir='ltr'>hic</span> <span class='ocrx_word' id='word_1_151' title='bbox 807 1618 890 1660; x_wconf 88' lang='lat' dir='ltr'>apud</span> <span class='ocrx_word' id='word_1_152' title='bbox 958 1617 1062 1648; x_wconf 84' lang='lat' dir='ltr'>Latini</span> <span class='ocrx_word' id='word_1_153' title='bbox 1078 1628 1132 1659; x_wconf 87' lang='lat' dir='ltr'>pro</span> <span class='ocrx_word' id='word_1_154' title='bbox 1144 1624 1264 1657; x_wconf 83' lang='lat' dir='ltr'>praeter.</span> <span class='ocrx_word' id='word_1_155' title='bbox 1309 1617 1358 1647; x_wconf 92' lang='lat' dir='ltr'>De</span> <span class='ocrx_word' id='word_1_156' title='bbox 1378 1616 1618 1658; x_wconf 83' lang='lat' dir='ltr'>mancipatione,</span> 
     </span>
     <span class='ocr_line' id='line_1_21' title="bbox 225 1666 1619 1710; baseline -0.001 -11"><span class='ocrx_word' id='word_1_157' title='bbox 225 1668 384 1704; x_wconf 82' lang='lat' dir='ltr'>barbaros,</span> <span class='ocrx_word' id='word_1_158' title='bbox 414 1678 462 1699; x_wconf 89' lang='lat' dir='ltr'>me</span> <span class='ocrx_word' id='word_1_159' title='bbox 490 1674 578 1698; x_wconf 85' lang='lat' dir='ltr'>tuum</span> <span class='ocrx_word' id='word_1_160' title='bbox 612 1678 690 1703; x_wconf 88' lang='lat' dir='ltr'>esse,</span> <span class='ocrx_word' id='word_1_161' title='bbox 719 1667 890 1710; x_wconf 77' lang='lat' dir='ltr'>obligatum</span> <span class='ocrx_word' id='word_1_162' title='bbox 959 1677 1028 1708; x_wconf 87' lang='lat' dir='ltr'>quae</span> <span class='ocrx_word' id='word_1_163' title='bbox 1041 1677 1096 1708; x_wconf 89' lang='lat' dir='ltr'>per</span> <span class='ocrx_word' id='word_1_164' title='bbox 1110 1676 1153 1696; x_wconf 76' lang='lat' dir='ltr'>aes</span> <span class='ocrx_word' id='word_1_165' title='bbox 1168 1672 1199 1696; x_wconf 88' lang='lat' dir='ltr'>et</span> <span class='ocrx_word' id='word_1_166' title='bbox 1212 1666 1322 1696; x_wconf 90' lang='lat' dir='ltr'>libram</span> <span class='ocrx_word' id='word_1_167' title='bbox 1340 1666 1446 1701; x_wconf 87' lang='lat' dir='ltr'>fiebat,</span> <span class='ocrx_word' id='word_1_168' title='bbox 1460 1677 1490 1696; x_wconf 91' lang='lat' dir='ltr'>v.</span> <span class='ocrx_word' id='word_1_169' title='bbox 1505 1666 1619 1708; x_wconf 88' lang='lat' dir='ltr'>Cajum</span> 
     </span>
     <span class='ocr_line' id='line_1_22' title="bbox 227 1714 1618 1748; baseline -0.002 0"><span class='ocrx_word' id='word_1_170' title='bbox 227 1716 348 1748; x_wconf 87' lang='lat' dir='ltr'>scilicet</span> <span class='ocrx_word' id='word_1_171' title='bbox 369 1717 425 1748; x_wconf 89' lang='lat' dir='ltr'>tibi</span> <span class='ocrx_word' id='word_1_172' title='bbox 448 1717 565 1748; x_wconf 86' lang='lat' dir='ltr'>meritis</span> <span class='ocrx_word' id='word_1_173' title='bbox 589 1716 733 1747; x_wconf 84' lang='lat' dir='ltr'>maximis</span> <span class='ocrx_word' id='word_1_174' title='bbox 754 1722 785 1747; x_wconf 89' lang='lat' dir='ltr'>et</span> <span class='ocrx_word' id='word_1_175' title='bbox 800 1716 890 1747; x_wconf 80' lang='lat' dir='ltr'>innu-</span> <span class='ocrx_word' id='word_1_176' title='bbox 959 1715 1075 1746; x_wconf 81' lang='lat' dir='ltr'>Institt.</span> <span class='ocrx_word' id='word_1_177' title='bbox 1089 1715 1112 1745; x_wconf 82' lang='lat' dir='ltr'>i.</span> <span class='ocrx_word' id='word_1_178' title='bbox 1130 1715 1160 1746; x_wconf 91' lang='lat'>9.</span> <span class='ocrx_word' id='word_1_179' title='bbox 1177 1721 1207 1746; x_wconf 86' lang='lat' dir='ltr'>et</span> <span class='ocrx_word' id='word_1_180' title='bbox 1222 1714 1345 1745; x_wconf 85' lang='lat' dir='ltr'>Ernesti</span> <span class='ocrx_word' id='word_1_181' title='bbox 1360 1715 1393 1746; x_wconf 90' lang='lat' dir='ltr'>in</span> <span class='ocrx_word' id='word_1_182' title='bbox 1408 1715 1496 1745; x_wconf 75' lang='lat' dir='ltr'>clave</span> <span class='ocrx_word' id='word_1_183' title='bbox 1513 1715 1618 1746; x_wconf 87' lang='lat' dir='ltr'>Cicer.</span> 
     </span>
    </p>
   </div>
   <div class='ocr_carea' id='block_1_5' title="bbox 228 1763 1619 1905">
    <p class='ocr_par' dir='ltr' id='par_1_6' title="bbox 228 1763 1619 1905">
     <span class='ocr_line' id='line_1_23' title="bbox 228 1763 1619 1806; baseline 0 -11"><span class='ocrx_word' id='word_1_184' title='bbox 228 1765 442 1797; x_wconf 88' lang='lat' dir='ltr'>merabilibus.</span> <span class='ocrx_word' id='word_1_185' title='bbox 490 1766 594 1796; x_wconf 68' lang='lat' dir='ltr'>PoxT.</span> <span class='ocrx_word' id='word_1_186' title='bbox 958 1765 1015 1795; x_wconf 91' lang='lat' dir='ltr'>sub</span> <span class='ocrx_word' id='word_1_187' title='bbox 1032 1775 1062 1794; x_wconf 90' lang='lat' dir='ltr'>v.</span> <span class='ocrx_word' id='word_1_188' title='bbox 1073 1763 1280 1806; x_wconf 85' lang='lat' dir='ltr'>Mancipium.</span> <span class='ocrx_word' id='word_1_189' title='bbox 1309 1763 1373 1795; x_wconf 86' lang='lat' dir='ltr'>Alii</span> <span class='ocrx_word' id='word_1_190' title='bbox 1384 1763 1501 1794; x_wconf 83' lang='lat' dir='ltr'>habent</span> <span class='ocrx_word' id='word_1_191' title='bbox 1515 1765 1619 1806; x_wconf 75' lang='lat' dir='ltr'>magis,</span> 
     </span>
     <span class='ocr_line' id='line_1_24' title="bbox 272 1813 1619 1855; baseline -0.002 -9"><span class='ocrx_word' id='word_1_192' title='bbox 272 1816 324 1846; x_wconf 89' lang='lat'>39.</span> <span class='ocrx_word' id='word_1_193' title='bbox 348 1816 460 1846; x_wconf 72' lang='lat' dir='ltr'>Audiet</span> <span class='ocrx_word' id='word_1_194' title='bbox 489 1822 517 1845; x_wconf 85' lang='lat' dir='ltr'>et</span> <span class='ocrx_word' id='word_1_195' title='bbox 541 1816 620 1851; x_wconf 76' lang='lat' dir='ltr'>coelo,</span> <span class='ocrx_word' id='word_1_196' title='bbox 644 1813 720 1854; x_wconf 58' lang='lat' dir='ltr'>&amp;cc-J</span> <span class='ocrx_word' id='word_1_197' title='bbox 759 1813 892 1845; x_wconf 84' lang='lat' dir='ltr'>Ovidius</span> <span class='ocrx_word' id='word_1_198' title='bbox 958 1813 1041 1854; x_wconf 91' lang='lat' dir='ltr'>quod</span> <span class='ocrx_word' id='word_1_199' title='bbox 1056 1813 1276 1855; x_wconf 82' lang='lat' dir='ltr'>interpretatur</span> <span class='ocrx_word' id='word_1_200' title='bbox 1294 1813 1445 1855; x_wconf 71' lang='lat' dir='ltr'>Micyllus</span> <span class='ocrx_word' id='word_1_201' title='bbox 1460 1813 1619 1844; x_wconf 71' lang='grc' dir='ltr'>ἐλλειπτι-</span> 
     </span>
     <span class='ocr_line' id='line_1_25' title="bbox 228 1862 1618 1905; baseline -0.002 -10"><span class='ocrx_word' id='word_1_202' title='bbox 228 1863 310 1895; x_wconf 84' lang='lat' dir='ltr'>hanc</span> <span class='ocrx_word' id='word_1_203' title='bbox 325 1864 405 1905; x_wconf 85' lang='lat' dir='ltr'>grati</span> <span class='ocrx_word' id='word_1_204' title='bbox 423 1864 518 1895; x_wconf 84' lang='lat' dir='ltr'>animi</span> <span class='ocrx_word' id='word_1_205' title='bbox 539 1870 571 1895; x_wconf 82' lang='lat' dir='ltr'>et</span> <span class='ocrx_word' id='word_1_206' title='bbox 588 1863 814 1895; x_wconf 87' lang='lat' dir='ltr'>benevolentiae</span> <span class='ocrx_word' id='word_1_207' title='bbox 832 1863 889 1894; x_wconf 87' lang='lat' dir='ltr'>for—</span> <span class='ocrx_word' id='word_1_208' title='bbox 956 1865 1019 1900; x_wconf 80' lang='grc' dir='ltr'>κῶς</span> <span class='ocrx_word' id='word_1_209' title='bbox 1040 1873 1094 1904; x_wconf 92' lang='lat' dir='ltr'>pro</span> <span class='ocrx_word' id='word_1_210' title='bbox 1109 1875 1115 1892; x_wconf 88' lang='lat'><strong>:</strong></span> <span class='ocrx_word' id='word_1_211' title='bbox 1141 1862 1233 1893; x_wconf 83' lang='lat' dir='ltr'>Norit</span> <span class='ocrx_word' id='word_1_212' title='bbox 1248 1873 1296 1893; x_wconf 89' lang='lat' dir='ltr'>me</span> <span class='ocrx_word' id='word_1_213' title='bbox 1313 1862 1412 1904; x_wconf 86' lang='lat' dir='ltr'>magis</span> <span class='ocrx_word' id='word_1_214' title='bbox 1433 1869 1520 1894; x_wconf 85' lang='lat' dir='ltr'>tuum</span> <span class='ocrx_word' id='word_1_215' title='bbox 1540 1873 1618 1899; x_wconf 87' lang='lat' dir='ltr'>esse,</span> 
     </span>
    </p>
   </div>
   <div class='ocr_carea' id='block_1_6' title="bbox 229 1911 1617 2054">
    <p class='ocr_par' dir='ltr' id='par_1_7' title="bbox 229 1911 1617 2054">
     <span class='ocr_line' id='line_1_26' title="bbox 229 1911 1617 1954; baseline 0 -12"><span class='ocrx_word' id='word_1_216' title='bbox 229 1923 311 1944; x_wconf 88' lang='lat' dir='ltr'>mam</span> <span class='ocrx_word' id='word_1_217' title='bbox 331 1913 470 1944; x_wconf 83' lang='lat' dir='ltr'>imitatus</span> <span class='ocrx_word' id='word_1_218' title='bbox 492 1919 539 1944; x_wconf 88' lang='lat' dir='ltr'>est</span> <span class='ocrx_word' id='word_1_219' title='bbox 555 1924 592 1943; x_wconf 81' lang='lat' dir='ltr'>ex</span> <span class='ocrx_word' id='word_1_220' title='bbox 608 1912 671 1943; x_wconf 84' lang='lat' dir='ltr'>illis</span> <span class='ocrx_word' id='word_1_221' title='bbox 685 1911 890 1943; x_wconf 85' lang='lat' dir='ltr'>ornatioribus</span> <span class='ocrx_word' id='word_1_222' title='bbox 957 1921 1051 1953; x_wconf 86' lang='lat' dir='ltr'>quam</span> <span class='ocrx_word' id='word_1_223' title='bbox 1072 1911 1097 1942; x_wconf 90' lang='lat' dir='ltr'>si</span> <span class='ocrx_word' id='word_1_224' title='bbox 1119 1922 1173 1954; x_wconf 90' lang='lat' dir='ltr'>per</span> <span class='ocrx_word' id='word_1_225' title='bbox 1188 1922 1230 1942; x_wconf 85' lang='lat' dir='ltr'>aes</span> <span class='ocrx_word' id='word_1_226' title='bbox 1247 1922 1283 1942; x_wconf 89' lang='lat' dir='ltr'>ac</span> <span class='ocrx_word' id='word_1_227' title='bbox 1305 1912 1416 1943; x_wconf 90' lang='lat' dir='ltr'>libram</span> <span class='ocrx_word' id='word_1_228' title='bbox 1433 1918 1534 1944; x_wconf 87' lang='lat' dir='ltr'>emtus</span> <span class='ocrx_word' id='word_1_229' title='bbox 1548 1911 1617 1943; x_wconf 87' lang='lat' dir='ltr'>sim.</span> 
     </span>
     <span class='ocr_line' id='line_1_27' title="bbox 229 1961 1105 2004; baseline -0.001 -12"><span class='ocrx_word' id='word_1_230' title='bbox 229 1962 354 2004; x_wconf 83' lang='lat' dir='ltr'>Virgilii</span> <span class='ocrx_word' id='word_1_231' title='bbox 378 1963 464 1999; x_wconf 88' lang='lat' dir='ltr'>locis,</span> <span class='ocrx_word' id='word_1_232' title='bbox 483 1962 610 1994; x_wconf 75' lang='lat' dir='ltr'>AEneid.</span> <span class='ocrx_word' id='word_1_233' title='bbox 629 1962 651 1992; x_wconf 91' lang='lat' dir='ltr'>i.</span> <span class='ocrx_word' id='word_1_234' title='bbox 669 1963 730 1993; x_wconf 89' lang='grc'>607</span> <span class='ocrx_word' id='word_1_235' title='bbox 751 1972 820 2004; x_wconf 85' lang='lat' dir='ltr'>sqq.</span> <span class='ocrx_word' id='word_1_236' title='bbox 839 1961 890 1992; x_wconf 89' lang='lat' dir='ltr'>vii.</span> <span class='ocrx_word' id='word_1_237' title='bbox 958 1961 1105 1991; x_wconf 71' lang='lat' dir='ltr'><strong>HARLES.</strong></span> 
     </span>
     <span class='ocr_line' id='line_1_28' title="bbox 229 2013 375 2054; baseline 0 -12"><span class='ocrx_word' id='word_1_238' title='bbox 229 2013 292 2043; x_wconf 84' lang='lat'>225</span> <span class='ocrx_word' id='word_1_239' title='bbox 307 2023 375 2054; x_wconf 88' lang='lat' dir='ltr'>sqq.</span> 
     </span>
    </p>
   </div>
  </div>
 </body>
</html>
