1760 3172
470 190 892 234 MEDICAMINA
925 168 1154 232 FAc'IEI.

1424 191 1507 233 129

119 309 345 357 Forsitan
369 307 606 371 antiquae,
633 306 778 354 Tatio
803 307 897 353 sub
921 321 1054 368 rege,
1085 305 1284 353 Sabinae

186 384 473 441 Maluerint‚
501 400 653 448 quam
678 400 748 440 se,
775 400 889 431 rura
912 390 1122 447 paterna
1145 384 1258 430 coli.

119 462 250 510 Cum
274 468 514 516 matrona,
541 477 772 525 premens
798 462 955 508 altum
980 459 1260 507 rubicunda
1285 462 1454 518 sedile,

185 539 411 587 Adsiduo
436 539 615 585 durum
640 538 819 602 pollice
844 538 997 585 nebat
1021 553 1164 600 opus.

119 617 339 681 Ipsaque
364 617 646 671 claudebat,
675 632 802 679 quos
827 615 929 662 filia
952 621 1173 678 paverat,
1203 631 1379 677 agnos:
1450 619 1506 663 15

184 694 305 758 Ipsa
328 695 482 741 dabat
504 694 667 756 virgas
692 708 926 755 caesaque
950 692 1086 754 ligna
1108 691 1235 739 foco.

117 771 187 818 At
202 764 384 819 ‘vestrae
410 778 607 818 teneras
633 777 816 817 matres
842 786 1080 834 peperere
1107 770 1317 833 puellas.

124 846 125 850 ’
184 847 351 895 Vultis
375 847 603 895 inaurata
629 862 838 910 corpora
857 854 996 894 veste
1021 847 1140 909 tegi.

118 925 281 972 Vultis
306 926 538 972 odoratos
564 923 730 987 positu
755 924 944 971 variare
969 923 1176 987 capillos
1197 941 1206 971 :

187 1002 527 1066 Conspicuam
552 1001 762 1064 gemmis
786 1002 936 1048 vultis
962 1002 1145 1048 habere
1171 1017 1388 1048 manum.
1448 1005 1511 1047 20

120 1079 334 1127 Induitis
359 1080 486 1127 collo
511 1078 704 1143 lapides
733 1077 940 1126 Oriente
966 1085 1196 1142 paratos:

187 1156 254 1204 Et
278 1164 492 1220 quantos
518 1156 655 1204 oneri
680 1163 758 1204 est
780 1172 898 1204 aure
925 1156 1100 1203 tulisse
1126 1156 1268 1203 duos.

121 1233 230 1282 Nec
255 1242 423 1282 tamen
447 1234 723 1297 indignum,
751 1234 791 1281 si
816 1234 957 1281 vobis
983 1249 1102 1281 cura
1126 1234 1374 1297 placendi,

187 1311 319 1358 Cum
343 1320 535 1359 comtos
559 1312 779 1359 habeant
803 1313 973 1360 secula
996 1318 1167 1358 nostra
1189 1312 1335 1358 viros.

121 1389 357 1437 Feminea
379 1389 530 1437 vestri
556 1390 808 1453 poliuntur
833 1390 943 1452 lege
969 1389 1160 1436 mariti:
1450 1392 1513 1436 25

190 1466 254 1515 Et
278 1466 361 1514 vix
386 1467 450 1515 ad
474 1468 639 1515 cultus
666 1475 838 1531 nupta,
868 1468 1003 1531 quod
1029 1466 1196 1521 addat,
1224 1466 1392 1514 habet.

121 1543 273 1592 Proin
289 1561 343 1592 se
358 1561 575 1608 quaeque
591 1553 790 1609 parent3
821 1561 913 1593 nec
930 1561 1030 1608 quo
1045 1550 1288 1591 venentur
1303 1559 1513 1599 amores,

190 1621 380 1670 Refert.
419 1622 676 1670 munditiae
703 1622 910 1670 crimina
935 1621 1071 1668 nulla
1095 1626 1304 1667 merent.

120 1805 298 1835 medicanda
324 1813 466 1846 reponas.
513 1804 680 1835 Venenum
705 1804 787 1834 enim

119 1853 221 1886 omnis
245 1854 336 1885 fucus
358 1859 390 1884 et
410 1853 504 1889 color,
526 1864 589 1895 quo
613 1853 789 1884 medicatur

119 1903 252 1946 aliquid.
274 1903 409 1934 Remed.
435 1904 509 1935 351.
531 1903 586 1934 sed
611 1903 689 1934 ibid.
714 1904 787 1934 707.

121 1952 413 1984 medicatum‘vellus
427 1953 530 1983 ahenis
545 1952 636 1983 dixit.
670 1954 787 1983 Bunm.

167 2004 217 2034 15.
243 2002 442 2042 claudebat]
469 2001 573 2044 Septis
597 2009 629 2033 et
653 2002 788 2033 ovilibus

120 2052 315 2084 includebat.
338 2051 451 2093 virgil.
468 2052 580 2093 Eclog.
597 2051 651 2082 vii.
670 2052 719 2083 14.

252 2100 422 2142 Nequeego
442 2101 599 2141 Alcippen,
616 2112 668 2131 nec
689 2101 785 2141 Phyl-

295 2151 359 2180 lida
374 2150 524 2186 habebam,

167 2199 314 2239 Depulsos
328 2212 347 2230 a
363 2200 441 2230 lacte
455 2201 534 2230 domi
549 2210 612 2240 quae
629 2200 786 2230 clauderet

251 2260 354 2290 agnos.
591 2249 742 2279 MAmus.

124 2297 196 2328 Huc
231 2297 358 2339 respicit
394 2298 472 2329 forte
511 2297 677 2329 Juvenalis
721 2298 787 2328 Sat.

122 2345 166 2377 vi.
178 2347 209 2377 4.

168 2384 312 2434 Et'pecus
325 2400 353 2425 et
368 2396 520 2426 dominum
538 2396 686 2426 communi
701 2395 786 2426 clau-

251 2446 334 2474 deret
348 2446 465 2476 umbra.
622 2444 741 2474 Bunm.

168 2492 251 2523 Filia
272 2493 426 2535 paveram]
467 2494 548 2535 Ergo
577 2499 785 2524 matronarum

124 2541 195 2572 filiae
238 2543 385 2584 pastorali
426 2543 528 2574 officio
565 2542 786 2584 fungebantur.

124 2590 206 2621 hanc
227 2590 359 2622 eandem
380 2591 548 2633 piiscorum
572 2592 786 2622 Romanorum

124 2639 320 2670 severitatem
331 2640 467 2671 ostendit
481 2646 512 2671 et
522 2641 664 2677 Flaccus,
675 2640 787 2671 libsiii.

125 2688 237 2720 Od.6.
281 2689 434 2720 Mamus.

168 2739 221 2769 20.
260 2738 399 2779 Munus]
442 2739 643 2781 Exemplaria
679 2749 789 2770 manu-

170 2791 271 2822 VOL.
286 2790 332 2821 ΙΙ.

856 1803 972 1846 scripta
1007 1804 1133 1838 habent,
1166 1802 1362 1842 Conspicuam
1396 1805 1518 1844 gemmis

859 1854 948 1883 vultis
961 1854 1065 1883 habere
1077 1863 1208 1882 manum.
1224 1862 1294 1892 quae
1310 1851 1403 1882 lectio
1419 1852 1519 1894 magis

856 1902 932 1933 mihi
956 1903 1069 1944 placet,
1085 1907 1151 1932 tum
1173 1901 1246 1942 quia
1261 1900 1376 1931 vitatur
1396 1901 1517 1937 sibilus,

856 1951 909 1993 qui
931 1951 1069 1993 gignitur
1083 1961 1102 1981 a
1115 1951 1205 1981 litera
1220 1962 1232 1981 s
1247 1950 1360 1992 saepius
1380 1950 1517 1993 interpo-

855 2001 931 2033 sita:
956 2006 1023 2031 tum
1045 2000 1121 2042 quia
1140 2001 1172 2030 in
1192 2010 1256 2030 uua
1275 2005 1397 2030 tantum
1412 2011 1517 2035 manu,

854 2050 886 2081 id
898 2056 945 2081 est
960 2049 1095 2084 sinistra,
1107 2048 1213 2080 annuli
1224 2048 1339 2090 gestari
1351 2059 1519 2080 consueve-

854 2105 934 2131 rant.
978 2100 1132 2130 MAmt's.

897 2150 950 2180 27.
975 2149 1037 2179 Per
1058 2159 1086 2178 se
1108 2159 1228 2188 quaque
1249 2155 1347 2187 paret,
1372 2155 1400 2178 et
1423 2149 1519 2189 quos]

855 2199 933 2229 Haec
956 2198 1128 2229 foedissime
1151 2203 1223 2228 sunt
1247 2197 1421 2239 inquinata.
1450 2199 1518 2229 Nec

854 2249 946 2280 video
956 2248 1033 2290 quid
1044 2247 1238 2279 commodius
1251 2247 1395 2278 extricari
1411 2249 1518 2290 possit,

855 2309 950 2341 quam
966 2299 991 2329 si
1006 2298 1093 2338 legas
1106 2310 1111 2327 z

899 2349 995 2379 Proin
1004 2358 1033 2378 se
1047 2357 1167 2387 quaeque
1176 2352 1282 2386 paret;
1298 2357 1351 2376 nec
1363 2358 1418 2387 quo
1434 2358 1518 2378 vene-

984 2403 1035 2427 tur
1050 2407 1163 2426 artiores

943 2445 1061 2487 Refert.
1093 2446 1243 2475 mundicie
1271 2446 1399 2475 crimina.
1433 2447 1519 2476 nulla

983 2500 1110 2525 merent.

856 2542 1103 2578 Vel,m1mdicies
1118 2548 1220 2572 meret.
1234 2547 1268 2572 ut
1278 2541 1309 2571 in
1322 2541 1463 2573 Amorib.
1475 2542 1519 2573 iii.

857 2591 898 2622 xi.
925 2593 977 2622 43.
1013 2591 1110 2621 Facta
1136 2597 1249 2620 merent
1272 2591 1384 2620 odium.
1423 2590 1520 2621 Proin

858 2651 919 2671 una
928 2640 1060 2681 syllaba,
1070 2645 1104 2670 ut
1115 2639 1199 2682 apud
1210 2640 1384 2675 Maronem,
1393 2639 1434 2670 xi.
1445 2641 1520 2671 383.

860 2690 992 2719 Proinde
1004 2696 1071 2719 tona
1085 2690 1207 2729 eloquio.
1223 2689 1266 2719 sic
1279 2694 1309 2719 et
1322 2689 1401 2719 Dein
1413 2700 1520 2720 mono-

857 2738 1024 2779 syllabum.
1051 2738 1169 2769 Parare
1194 2749 1248 2780 pro
1276 2749 1396 2775 ornare,
1423 2739 1518 2773 unde,

974 2792 1000 2821 Ι(
