1760 3172
175 177 259 218 152

566 175 617 215 Ρ.
652 174 867 217 0V1D11
903 173 1184 216 NASONIS

176 290 336 337 Immo
362 290 462 346 ita;
503 305 589 337 vos
616 289 771 344 scitis,
800 289 840 336 si
867 304 946 337 me
972 304 1112 336 meus
1139 288 1345 335 abstulit
1369 303 1518 342 error,

245 366 514 429 Stultaque
542 381 681 412 mens
708 365 870 420 nobis,
899 381 997 411 non
1022 364 1266 412 scelerata
1289 364 1412 420 fuit3

176 443 465 498 Quamlibet
489 460 516 491 e
542 443 774 498 minimis,
802 442 971 489 domui
988 440 1272 505 “si-,favimus
1298 441 1396 497 illi;
1455 450 1501 471 ’Ψ

245 520 299 566 Si
325 520 445 567 satis
472 520 687 581 Augusti
714 519 917 582 publica
935 520 1079 581 jussa
1101 517 1222 564 mihi
1244 536 1254 573 ;

177 595 287 643 Hoc
313 596 441 644 duce
464 595 639 657 &dixi
665 595 830 642 felicia
855 595 1026 642 secula
1050 592 1077 659 γ’
1102 609 1293 657 proque
1451 597 1492 620 <e

246 672 450 719 Caesare
477 679 586 718 tura
610 671 721 735 pius
749 671 1139 733 Caesaribusque
1165 670 1281 717 dedi
1303 688 1312 725 ;

176 748 230 796 Si
255 749 349 795 fuit
373 749 453 796 hic
480 749 675 795 animus
703 748 845 796 nobis
868 767 878 805 ;
920 749 990 796 ita
1014 748 1222 811 parcite,
1252 746 1385 793 Divi.

1482 748 1573 793 105

245 825 335 872 Sin
359 826 550 882 minus3
594 825 695 872 alta
718 825 905 872 cadens
931 826 1110 872 obruat
1135 824 1270 870 unda
1293 830 1460 886 caput.

175 901 371 949 Fallor?
409 918 472 948 an
497 902 742 965 incipiunt
766 901 982 964 gravidae
1007 915 1275 948 vanescere
1300 901 1478 953 nubes,

245 978 495 1042 Victaque
521 979 701 1026 mutati
726 977 969 1041 frangitur
994 977 1066 1025 ira
1090 976 1274 1023 maris?

180 1054 295 1102 Non
320 1071 484 1111 casus,
513 1055 602 1102 sed
627 1071 713 1102 vos
740 1056 833 1102 sub
860 1054 1146 1102 conditione
1170 1052 1348 1107 vocati,

246 1131 438 1178 Fallere
455 1147 582 1200 quos
603 1147 702 1178 non
726 1138 817 1187 est,
836 1132 965 1178 hanc
989 1131 1108 1177 mihi
1128 1129 1264 1177 fertis
1285 1143 1449 1192 opem.
1484 1131 1576 1175 110
1595 1161 1634 1202 4

225 1264 295 1293 101.
321 1263 408 1297 Quod
433 1264 502 1293 licet
532 1274 547 1293 e
577 1263 734 1303 minimis]
760 1263 844 1304 Lege

184 1312 354 1346 Quamlibet
369 1322 441 1342 cum
457 1311 556 1342 tribus
573 1311 708 1353 scriptis,
724 1317 755 1342 et
770 1311 842 1342 vide

179 1371 249 1401 quae
267 1366 411 1391 notamus
427 1360 467 1390 ad
482 1360 542 1402 Ep.
557 1360 598 1390 vi.
616 1361 688 1391 140.
703 1360 779 1391 Tres
794 1359 847 1390 alii

182 1409 279 1443 Quam
292 1410 372 1445 licet,
384 1408 523 1450 quinque
535 1420 594 1449 qua
611 1410 702 1447 licem
729 1408 781 1440 alii
791 1408 847 1440 ali-

174 1463 236 1491 ,ter.
282 1458 401 1488 HmNs.

227 1508 296 1537 102.
322 1507 406 1537 Mira
432 1512 480 1537 est
500 1506 593 1549 hujus
614 1505 675 1537 loci
697 1506 789 1538 lectio
813 1512 845 1538 et

180 1555 410 1598 interpretatio.
469 1555 644 1597 Vulgarem
677 1555 845 1587 lectionem

179 1605 400 1647 interpretatur
416 1605 588 1646 Verpoort:
613 1605 638 1636 si
654 1616 776 1648 semper
791 1607 846 1637 ob-

180 1654 351 1697 temperavi
388 1654 545 1686 mandatis
578 1654 728 1696 Augusti.
783 1655 846 1686 Sed

181 1704 331 1735 Heinsius
365 1715 381 1735 e
417 1703 558 1745 vestigiis
594 1704 749 1735 variarum
781 1704 846 1735 lec-

180 1753 300 1784 tionum
325 1753 368 1784 ita
398 1753 570 1785 restituisse
597 1753 656 1784 sibi
687 1754 770 1785 visus
799 1760 846 1785 est

180 1812 315 1832 versum.
339 1802 372 1832 Si
397 1804 470 1832 luris
487 1803 620 1844 Augusti
641 1804 763 1842 publica
786 1804 845 1833 risa

179 1852 271 1881 sulus.
329 1851 462 1882 Facilior
492 1861 563 1882 vero
591 1858 638 1882 est
668 1851 846 1883 emendatio

182 1900 367 1936 Burmanni,
383 1911 477 1942 quem
493 1901 649 1931 consules.

225 1948 258 1979 Si
271 1950 368 1988 putris
385 1950 517 1991 Augusti
531 1951 651 1989 publica
667 1951 729 1980 visa
743 1951 837 1981 salus.

654 1998 803 2029 HAnLns.

228 2046 300 2076 103.
324 2045 356 2076 Si
380 2047 443 2076 dixi
458 2045 574 2087 felicia
599 2047 725 2087 secula]
764 2047 848 2077 Duxi

183 2095 280 2137 major
297 2101 437 2126 veterum
464 2106 556 2137 pars;
581 2095 625 2126 nil
647 2095 847 2130 mutandum.

183 2144 263 2175 Met.
293 2142 347 2174 xii.
377 2144 460 2174 217:
483 2145 610 2186 felicem
635 2146 765 2175 elisimus
794 2146 848 2175 illa

186 2192 322 2235 Coiy'uge
340 2193 524 2224 Pirithoum.
569 2193 686 2224 Hnms.

229 2243 300 2273 104.
318 2242 562 2283 Caesaribusque]
579 2243 750 2278 Tiberium,
766 2243 847 2285 ejus-

183 2302 244 2333 que
282 2291 360 2323 filios
389 2291 616 2323 Germanicum
645 2292 848 2334 Drusumque

184 2339 345 2382 intelligit.

229 2390 300 2420 105.
332 2389 412 2430 lta.]
451 2389 534 2421 Usus
563 2390 657 2432 hujus
684 2389 846 2432 particulae

186 2449 246 2469 non
268 2439 345 2470 adeo
365 2439 508 2481 frequens
524 2446 570 2470 est
587 2440 644 2470 hoc
661 2440 729 2470 loco
743 2440 847 2470 obser-

187 2488 326 2519 vandus:
361 2495 392 2519 et
420 2494 466 2520 est
491 2489 645 2531 particula
670 2489 800 2524 illativa‚
823 2499 846 2519 s.

913 1262 1126 1298 consecutiva,
1165 1272 1250 1293 more
1291 1261 1486 1296 Graecorum,
1523 1260 1578 1302 qui

914 1311 1026 1349 οὕτως,
1042 1311 1108 1353 pari
1125 1311 1217 1341 modo
1237 1310 1398 1352 eleganter
1413 1316 1444 1340 et
1463 1309 1578 1351 saepius

916 1365 1077 1403 usurpant,
1115 1360 1191 1391 licet
1225 1359 1393 1402 propositio
1431 1358 1578 1400 quaedam

916 1409 1053 1440 causalis
1089 1408 1293 1451 praecesserit,
1328 1415 1363 1439 ut
1406 1407 1579 1438 docuerunt

915 1459 1058 1490 Perizon.
1082 1458 1122 1489 ad
1146 1457 1253 1489 AElian
1274 1458 1313 1489 V.
1330 1457 1371 1487 H.
1388 1457 1414 1487 I.
1435 1457 1482 1487 16.
1504 1467 1578 1498 pag.

914 1509 967 1540 25.
982 1508 1022 1539 ed
1032 1508 1170 1539 Gronov.
1182 1514 1214 1539 et
1225 1508 1327 1538 Krebs
1338 1507 1380 1538 V.
1391 1506 1427 1538 C.
1441 1506 1474 1537 in
1485 1506 1579 1537 Obss.

912 1557 945 1588 in
970 1557 1013 1588 N.
1027 1557 1065 1588 T.
1087 1557 1127 1587 ad
1149 1557 1227 1588 Ioan
1248 1556 1293 1587 iv.
1309 1557 1341 1586 6.
1360 1567 1392 1598 p.
1409 1555 1483 1586 143.
1507 1555 1578 1592 nisi,

913 1611 1034 1637 mutata
1044 1605 1310 1647 interpunctione,
1323 1604 1437 1646 legeris
1449 1615 1458 1643 3
1481 1605 1579 1646 sifuit

915 1656 962 1686 hic
987 1657 1106 1686 animus
1130 1656 1208 1685 nobis
1235 1656 1300 1692 ἰτα,·
1330 1655 1458 1694 parcite,
1485 1659 1579 1695 atque

914 1703 972 1734 hoc
993 1704 1085 1735 modo
1102 1705 1144 1733 ita
1167 1703 1328 1744 eleganter
1351 1701 1528 1733 adhibetur.
1547 1714 1577 1733 v.

914 1753 1055 1784 Cortium
1087 1753 1127 1783 ad
1152 1753 1284 1783 Sallust.
1314 1753 1345 1783 b.
1372 1751 1442 1782 Cat.
1470 1762 1498 1783 c.
1529 1752 1579 1788 14,

913 1813 986 1843 pag.
1009 1803 1062 1833 99.
1084 1809 1115 1832 et
1137 1801 1177 1832 ad
1199 1801 1301 1832 Cicer.
1326 1800 1365 1831 ad
1382 1800 1495 1832 Famil.
1513 1799 1579 1831 xiii.

914 1853 966 1881 42.
984 1852 1013 1881 4.
1058 1851 1208 1881 HARLES.

960 1900 1031 1931 107.
1067 1899 1279 1940 Ευαιιεεσει·ε.]
1322 1898 1482 1929 vanescere
1511 1908 1578 1929 me-

915 1949 1018 1980 liores.
1063 1949 1181 1979 Hnlxs.

963 1999 1032 2029 109.
1058 1998 1125 2028 Nun
1155 2009 1226 2028 casu
1252 2008 1307 2033 ros³
1331 1999 1380 2028 sed
1405 1998 1458 2028 sub
1478 1998 1580 2027 condi-

918 2050 995 2078 lione
1028 2047 1150 2087 vocati]
1190 2045 1279 2077 Nihil
1309 2045 1465 2077 turbatius
1493 2045 1579 2077 hisce

917 2096 1066 2128 numeris.
1113 2095 1218 2126 Primo
1255 2106 1339 2126 casus
1380 2094 1581 2126 scribendum

916 2157 989 2177 cum
1017 2145 1146 2176 vetustis
1166 2145 1316 2186 quinque,
1341 2150 1376 2175 ut
1403 2144 1484 2175 Met.
1513 2142 1578 2174 xiv.

919 2196 990 2226 162.
1022 2196 1086 2236 quis
1118 2201 1146 2225 te
1171 2206 1291 2225 casusve
1320 2194 1436 2224 Deusve
1462 2193 1579 2228 Servat,

917 2245 1147 2275 Aeluvmenide?
1171 2242 1279 2274 deindi
1304 2241 1440 2284 plurimi,
1461 2243 1510 2272 sed
1534 2253 1580 2272 vos

916 2294 968 2323 sub
997 2293 1189 2323 conditione:
1222 2291 1313 2332 longe
1343 2290 1468 2326 rectiuS,
1497 2290 1581 2331 frag-

916 2347 1055 2373 mentum
1077 2351 1194 2376 meum,
1209 2342 1269 2376 sed,
1292 2351 1307 2370 0
1330 2351 1375 2370 vos
1399 2340 1452 2370 sub
1477 2340 1580 2370 condi-

916 2393 1005 2422 tione.
1029 2390 1157 2421 Scribe:
1186 2389 1252 2420 Non
1279 2401 1376 2425 casus,
1402 2390 1450 2419 sed
1476 2399 1509 2419 ea
1534 2398 1581 2418 vos

915 2443 1012 2472 cnudi!
1019 2443 1081 2471 ioue
1100 2441 1202 2470 vocati.
1250 2438 1314 2470 Hei
1321 2450 1369 2469 x's.

1481 366 1573 410 100
1640 369 1729 397 ’δῖ’
