1760 3172
434 172 744 216 TRISTIUM
778 173 897 215 LIB.
933 174 969 214 Ι.
1005 174 1185 218 ELEG.
1219 176 1274 218 V.

1471 179 1553 221 161

648 343 953 391 ELEGIA
1004 345 1064 392 V.

157 443 201 490 Ο
231 459 363 490 MIHI
392 449 506 508 post
530 443 657 490 ullos
683 458 942 506 nunquam
967 446 1289 494 memorande
1316 448 1531 504 sodales,

223 520 267 567 O
295 521 376 568 cui
400 520 652 584 praecipue
679 536 784 567 sors
810 535 923 568 mea
946 521 1050 568 visa
1075 538 1166 569 sua
1191 530 1294 580 est3

153 597 448 645 Adtonitum
475 597 561 660 qui
586 613 684 653 me,
712 598 932 653 memini,
961 599 1234 655 carissime,
1261 601 1449 664 primus

219 674 386 721 Ausus
413 691 465 722 es
492 674 730 737 adloquio
757 675 1057 724 sustinuisse
1083 684 1199 734 tuo;

153 749 252 805 Qui
277 751 397 798 mihi
423 750 689 798 consilium
711 751 907 798 vivendi
933 753 1053 800 mite
1078 754 1277 810 dedisti,
1518 760 1546 804 5

219 827 387 883 Quum
410 828 537 876 foret
560 828 609 874 in
634 828 815 875 misero
841 837 1045 892 pectore
1070 832 1243 878 mortis
1270 847 1434 887 amor;

154 904 265 953 Scis
290 906 435 962 bene,
462 906 542 953 cui
567 904 746 961 dicam,
774 905 949 969 positis
975 922 1064 969 pro
1090 908 1288 955 nomine
1314 909 1496 971 signis;

221 982 454 1030 Officium
479 998 572 1030 nec
596 988 646 1029 te
671 981 810 1037 fallit,
839 982 1014 1038 amice,
1042 990 1200 1031 tuum.

152 1057 278 1107 Haec
301 1059 422 1106 mihi
448 1074 645 1122 semper
665 1067 810 1106 erunt
835 1059 946 1107 imis
972 1061 1126 1108 infixa
1149 1063 1397 1118 medullis,

215 1135 600 1200 Perpetuusque
626 1135 803 1182 animae
829 1137 1025 1183 debitor
1049 1138 1199 1201 hujus
1226 1156 1328 1187 ero.
1488 1144 1545 1186 lO

150 1213 365 1278 Spiritus
390 1221 440 1262 et
463 1229 644 1261 vacuas
670 1213 807 1277 prius
833 1214 912 1262 hic
939 1216 1222 1263 tenuandus
1256 1217 1305 1263 in
1331 1232 1475 1264 auras

216 1290 333 1348 Ibit,
360 1299 410 1339 et
433 1292 483 1338 in
506 1291 677 1355 tepido
703 1291 901 1339 deseret
924 1308 1039 1339 ossa
1063 1309 1199 1355 rogo,

149 1367 312 1423 Quam
337 1369 550 1416 subeant
574 1368 738 1415 animo
764 1369 1051 1417 meritorum
1080 1371 1262 1418 oblivia
1287 1379 1471 1427 nostro,

216 1445 283 1493 Et
306 1446 458 1509 longa
481 1446 643 1510 pietas
669 1446 872 1494 excidat
897 1447 993 1494 ista
1017 1448 1114 1495 die.

150 1521 215 1569 Di
239 1523 330 1570 tibi
355 1523 454 1570 sint
477 1522 668 1578 faciles,
693 1530 743 1570 et
768 1523 877 1586 opis
903 1524 1086 1572 nullius
1113 1532 1342 1587 egentem
1486 1529 1542 1573 15

215 1599 484 1648 Fortunam
508 1607 760 1664 praestent,
784 1601 1180 1665 dissimilemque
1206 1618 1347 1649 meae.

149 1676 203 1723 Si
227 1683 395 1724 tamen
419 1678 526 1724 haec
551 1678 689 1724 navis
715 1685 862 1725 vento
888 1678 1098 1727 ferretur
1124 1680 1299 1734 amico,

214 1753 531 1817 Ignoraretur
555 1754 761 1802 forsitan
788 1755 885 1802 ista
908 1755 1049 1803 fides.

146 1829 342 1879 Thesea
366 1831 619 1879 Pirithous
641 1848 741 1878 non
767 1839 868 1879 tam
895 1832 1135 1880 sensisset
1161 1832 1393 1888 amicum,

136 1968 143 1970 ξ
215 1907 269 1954 Si
294 1924 395 1955 non
419 1908 635 1956 infernas
661 1908 800 1956 vivus
829 1910 1017 1957 adisset
1038 1926 1195 1973 aquas
1216 1928 1225 1958 :
1478 1914 1542 1958 20

150 1983 221 2032 Ut
243 1984 370 2033 foret
394 1986 682 2050 exemplum
706 1986 808 2033 veri
834 1987 1081 2035 Phocaeus
1108 1988 1305 2043 amoris,

214 2061 461 2110 Fecerunt
484 2063 640 2120 furiae,
666 2064 822 2111 tristis
851 2065 1049 2122 Oresta,
1078 2074 1192 2113 tuae.

187 2185 218 2215 6.
235 2184 336 2219 Quum
340 2186 428 2226 foret
444 2188 476 2216 in
492 2188 594 2216 misero
604 2192 720 2225 pectore
732 2197 807 2216 mor-

144 2235 183 2264 tis
195 2234 305 2275 amm-‚J
333 2234 424 2266 Conf.
442 2235 496 2266 lib.
511 2235 555 2266 iii.
576 2235 625 2266 El.
641 2235 707 2265 viii.
727 2246 807 2267 vers.

144 2283 198 2321 39,
213 2283 265 2313 40.
310 2283 434 2319 Celsus,
461 2295 555 2326 quem
577 2285 659 2315 inter
682 2283 807 2326 paucis-

143 2331 237 2363 simos
251 2331 321 2363 illos
335 2339 509 2369 enumerat,
522 2333 576 2375 qui
592 2334 631 2364 ab
647 2334 714 2375 ejus
730 2334 807 2364 ami-

144 2380 220 2412 citia
238 2392 299 2412 non
320 2381 537 2419 discesserant,
553 2382 668 2419 effecit,
688 2388 722 2413 ut
740 2393 806 2414 ma-

144 2440 202 2461 nus
228 2440 248 2461 a
274 2430 375 2472 seipso
405 2431 607 2471 abstinuerit3
629 2431 685 2463 lib.
714 2431 734 2462 i.
766 2432 806 2463 de

146 2480 256 2515 Ponto,
274 2480 323 2510 El.
340 2479 383 2511 ix.
398 2481 451 2511 21.
677 2490 680 2492 ’

189 2528 216 2558 Ο
227 2529 348 2569 quoties,
363 2530 431 2559 vitae
446 2535 542 2560 custos
556 2530 670 2559 invisus
685 2541 806 2566 amarae‚

233 2577 392 2608 Continuis
417 2585 550 2618 promtus
583 2581 614 2608 in
644 2590 707 2609 mea
730 2580 807 2621 fata

273 2637 391 2657 manns.

188 2675 217 2704 7.
243 2675 351 2706 Positis
360 2687 416 2716 pro
432 2678 548 2708 nomine
562 2677 684 2718 signis]
710 2678 806 2708 Vere·

142 2728 192 2754 tur
220 2730 312 2765 poeta
345 2725 437 2756 amici
475 2736 586 2756 nomen
622 2726 805 2768 exprimere,

186 2777 286 2808 VOL.
310 2778 355 2809 11.

877 2193 1002 2229 propter
1022 2186 1214 2228 Augustum.

923 2237 972 2267 ll.
995 2236 1126 2276 Spiritus
1149 2237 1197 2266 hic
1222 2247 1332 2267 vacuas
1355 2238 1441 2276 prius
1464 2242 1540 2266 eite-

876 2288 1019 2316 nuandus
1043 2285 1161 2316 habent
1188 2285 1328 2326 quidam.
1376 2285 1468 2315 Prius
1492 2295 1541 2315 me

876 2335 941 2365 vita
956 2334 1099 2365 deficiet:
1124 2334 1210 2376 prius
1225 2334 1348 2365 moriar.
1390 2335 1518 2364 Bmsm.

919 2384 970 2413 20.
995 2384 1096 2423 Aquas
1112 2383 1274 2424 infernas]
1301 2382 1438 2423 Fingunt
1457 2382 1540 2413 enim

874 2438 987 2474 poetae,
1020 2433 1059 2463 ad
1097 2432 1281 2473 rapiendam
1312 2431 1539 2473 Proserpinam,

874 2481 988 2511 inferos
1003 2481 1116 2512 adiisse
1131 2481 1287 2511 Theseum
1303 2491 1339 2511 ac
1355 2480 1540 2511 Pirithoum.

917 2531 970 2561 21.
997 2530 1164 2570 Phoc-zeus]
1192 2530 1339 2571 Pylades,
1357 2529 1441 2560 filius
1456 2530 1539 2560 Stro-

875 2579 951 2621 phii,
969 2579 1021 2620 qui
1037 2589 1091 2610 rex
1111 2578 1260 2609 Phocidis
1276 2578 1344 2609 fuit.

920 2627 1081 2668 Phoceus]
1109 2628 1139 2658 h.
1156 2638 1183 2658 e.
1206 2627 1353 2668 Pylades,
1372 2637 1390 2657 a
1408 2627 1538 2663 Φοκεὺς,

879 2677 1061 2711 Phocensis,
1078 2681 1133 2706 aut
1153 2686 1172 2706 a
1192 2676 1310 2712 Phoco,
1328 2676 1395 2717 ejus
1415 2685 1541 2718 proavo.

877 2725 948 2756 hinc
959 2725 1062 2756 minus
1074 2731 1156 2756 recte
1168 2725 1312 2757 scribitur
1324 2725 1474 2760 thcaeus,
1486 2725 1541 2766 qui

942 2780 978 2808 M
