1760 3172
386 178 479 220 EX
511 178 724 221 PONTO
757 178 878 220 LIB.
912 179 949 221 Ι.
982 179 1175 224 EPIST.
1208 183 1274 225 X.

1429 184 1516 227 395

131 292 292 349 Ferte,
310 309 500 358 precor,
524 310 736 358 semper,
764 293 883 357 quia
906 310 1103 359 semper
1130 297 1387 360 egebimus
1413 300 1511 356 illa,

198 370 411 418 Caesaris
436 371 680 419 offensum
705 371 824 419 dum
848 371 970 418 mihi
995 388 1179 420 numen
1206 375 1314 423 erit.

129 446 228 501 Qui
251 447 478 495 meritam
503 448 646 496 nobis
671 449 876 505 minuat,
904 465 1003 497 non
1027 450 1167 498 finiat
1190 450 1329 509 iram,

193 523 498 589 Suppliciter
520 532 710 573 vestros
736 525 952 590 quisque
976 533 1148 590 rogate
1175 526 1330 576 Deos.

127 666 181 698 alii
197 666 296 698 aliter.
333 667 416 699 Vide
436 666 584 698 Vossium
601 667 632 699 in
649 667 788 709 Etymol.

126 717 184 747 sub
213 716 245 747 h.
260 728 290 748 v.
334 714 457 748 Nonius
481 716 598 752 scribit,
623 716 787 758 phaselum

125 776 193 797 esse
205 765 366 807 navigium
381 770 620 807 campanum‚et
634 766 685 797 De
700 765 787 796 Allio

126 820 227 857 putat,
250 820 363 851 nostro,
379 815 472 856 vulgo
486 815 645 857 fe‘louque,
660 815 784 856 selum,

125 864 254 895 fortasse
268 863 402 895 similem
417 874 496 894 esse.
527 863 579 894 Ad
593 864 631 894 de
644 863 786 894 Servium

126 913 166 944 ad
177 913 289 954 virgil.
306 913 421 955 Georg.
436 913 478 944 iv.
495 914 569 944 289.
613 913 762 944 HARLES.

173 962 273 993 Tellus
301 962 389 1003 nom]
429 962 524 993 Terra
552 962 664 998 mollis,
696 962 786 1003 cujus

124 1013 209 1044 illisu
224 1023 285 1044 non
300 1018 402 1055 potest
416 1012 505 1043 navis
517 1011 616 1053 frangi
629 1024 635 1041 z
658 1012 715 1042 hoc
728 1016 785 1047 est,

125 1063 213 1094 locus
241 1068 336 1093 tutus·
381 1062 484 1098 Hanc,
510 1061 610 1104 poetis
633 1071 785 1104 perquam

125 1112 321 1148 familiarem,
340 1111 405 1144 sive
419 1112 458 1143 de
478 1111 650 1154 republica,
665 1110 729 1142 sive
745 1110 784 1142 de

857 678 914 699 sua
929 668 1051 700 fortuna
1066 668 1280 710 loquentibus,
1295 671 1425 713 figuram
1441 685 1515 706 con-

855 716 978 748 cinnius
999 718 1151 760 expressit
1175 719 1327 751 recentior
1347 728 1446 759 vates,
1468 723 1516 755 in-

854 765 945 807 genio
968 777 1091 797 necnon
1109 772 1140 798 et
1159 767 1334 800 infortuniis
1351 777 1451 802 nostro
1471 772 1513 803 si-

854 814 967 852 milior,
980 815 1167 858 TorquatuS,
1184 818 1299 849 Gerus.
1316 819 1407 851 liber.
1423 820 1445 852 i.
1460 824 1514 853 25.

854 874 926 906 sqq.

897 914 952 944 43.
990 913 1060 944 Non
1080 914 1207 955 finiat]
1246 916 1320 947 Non
1354 918 1436 950 sinat
1463 930 1513 951 me

853 972 974 1005 semper
1007 973 1074 994 esse
1109 964 1260 995 exsulem.
1314 967 1389 998 Non
1425 968 1513 1000 fimat

852 1010 940 1048 iram,
962 1011 994 1043 id.
1021 1017 1079 1049 est,
1101 1013 1153 1045 det
1174 1014 1284 1045 saltem
1308 1016 1414 1049 mitius
1432 1018 1513 1050 exsi-

852 1060 939 1092 lium.
