1760 3172
330 193 422 234 EX
455 192 666 234 PONTO
702 191 820 233 LIB.
855 192 937 233 IV.
971 193 1164 234 EPIST.
1198 194 1342 235 XIII.

1444 197 1528 239 5:23

145 305 271 354 Esse
296 308 588 371 pudicarum
612 313 664 354 te
688 307 913 362 Vestam,
943 307 1096 364 Livia,
1123 316 1365 367 matrum3

209 383 512 447 Ambiguum
532 391 649 431 nato
677 384 885 446 dignior,
913 400 1039 431 anne
1064 386 1195 433 viro:
1464 392 1527 434 30

145 459 271 508 Esse
291 462 417 508 duos
437 463 663 524 juvenes,
691 461 832 509 firma
856 462 1145 524 adjumenta
1168 466 1403 527 parentiS,

209 536 307 591 Qui
328 538 557 586 dederint
582 538 731 586 animi
756 539 965 601 pignora
989 545 1125 586 certa
1149 540 1241 587 sui.

144 613 268 662 Haec
292 615 377 662 ubi
402 631 503 662 non
527 615 689 679 patria
713 615 901 679 perlegi
928 615 1114 678 scripta
1140 616 1394 673 Camoena,

207 692 358 739 Venit
381 699 430 739 et
450 693 512 739 ad
537 692 719 755 digitos
743 692 918 739 ultima
943 688 1115 740 charta
1138 710 1275 740 meos
1293 713 1303 751 ;

143 768 210 817 Et
233 776 401 834 caput,
429 777 480 817 et
503 771 677 834 plenas
702 786 873 817 omnes
899 786 1096 818 movere
1120 772 1392 834 pharetras,

1464 777 1526 821 35

208 846 276 893 Et
297 847 501 909 longum
528 848 707 895 Getico
733 864 952 894 murmur
977 847 1026 894 in
1051 865 1133 895 ore
1158 848 1265 895 fuit.

143 921 313 986 Atque
329 923 534 987 aliquis3
565 924 753 972 scribas
770 925 875 971 haec
894 941 1048 987 quum
1064 925 1126 972 de
1149 925 1363 983 Caesare,
1381 926 1525 983 dixit,

212 1000 425 1048 Caesaris
450 1001 656 1066 imperio
683 1002 1019 1050 restituendus
1045 1019 1170 1051 eras.

146 1076 239 1125 Ille
264 1078 467 1141 quidem
493 1078 648 1137 dixit3
680 1080 769 1126 sed
794 1095 872 1127 me
893 1082 1014 1144 jam,
1045 1081 1188 1137 Care,
1216 1082 1362 1129 nivali

213 1155 371 1203 Sexta
393 1157 668 1219 relegatum
692 1159 867 1205 bruma
892 1159 984 1206 sub
1010 1174 1103 1205 axe
1128 1158 1279 1205 videt.

1463 1163 1527 1208 40

145 1231 380 1280 Carmina
393 1234 461 1281 nil
478 1242 706 1298 prosunt:
736 1243 1010 1282 nocuerunt
1025 1235 1244 1283 carmina
1257 1237 1525 1299 quondam,

210 1310 480 1374 Primaque
503 1319 606 1358 tam
631 1311 822 1359 miserae
849 1329 1000 1361 causa
1019 1313 1155 1360 fuere
1179 1313 1326 1376 fugae.

143 1386 213 1433 At
235 1394 290 1434 tu
314 1404 402 1452 per
427 1388 577 1436 studii
603 1390 885 1437 communia
908 1389 1094 1437 foedera
1117 1391 1259 1446 sacri,

209 1464 308 1512 Per
332 1482 430 1512 non
454 1466 549 1513 vile
573 1466 664 1513 tibi
690 1482 869 1514 nomen
894 1467 1151 1521 amicitiae;

144 1541 228 1590 Sic
249 1551 395 1607 capto
422 1543 576 1591 Latiis
597 1544 926 1592 Germanicus
952 1545 1094 1603 hoste
1119 1545 1325 1601 catenis,

1464 1549 1526 1593 45

207 1620 474 1669 Materiam
496 1623 672 1670 vestris
699 1622 889 1670 adferat
913 1622 1152 1685 ingeniis3

144 1697 226 1745 Sic
251 1699 447 1747 valeant
465 1701 622 1764 pueri,
648 1707 817 1748 votum
843 1717 1106 1748 commune
1134 1699 1370 1755 Deorum,

209 1774 347 1830 Quos
371 1777 479 1824 laus
504 1776 786 1825 formandos
813 1785 889 1825 est
914 1778 1004 1825 tibi
1026 1793 1207 1839 magna
1229 1777 1400 1834 dat0s3

183 1960 237 1991 29.
251 1959 320 1991 Esse
329 1955 510 2000 pudicarum
522 1968 550 1992 te
562 1961 688 1997 Vestam,
699 1962 800 1997 Livia,

140 2009 299 2050 matrum]
318 2010 387 2040 Hoc
403 2015 461 2046 est,
472 2020 567 2052 quam
577 2016 724 2041 matronae
737 2021 801 2041 om-

142 2069 196 2089 nes
218 2057 340 2100 pudicae
362 2058 460 2089 instar
475 2059 581 2090 Vestae
598 2064 799 2090 venerentur:

139 2106 184 2138 sic
207 2107 356 2138 Junonem
378 2107 502 2138 Liviam
526 2119 650 2149 quoque
669 2107 803 2144 vocavit,

139 2156 194 2187 lib.
210 2155 256 2187 iii.
271 2156 360 2197 Eleg.
382 2156 405 2187 i.
421 2167 486 2187 ver.
505 2158 576 2188 117.
619 2156 710 2187 Nihil
733 2168 804 2198 ergo

142 2204 201 2235 hoc
216 2204 284 2235 loco
299 2210 347 2235 est
360 2205 556 2236 mutandum.
586 2206 704 2236 Hms.
731 2206 802 2235 Μα-

141 2260 224 2284 trum
237 2255 430 2294 pudicarum.
453 2255 725 2291 Quemadmodum
742 2255 802 2285 vir-

142 2304 250 2345 ginum
263 2303 336 2334 Dea
349 2309 397 2334 est
410 2304 520 2340 Vesta,
536 2304 580 2335 sic
594 2309 804 2335 matronarum

143 2353 216 2383 Dea
229 2357 275 2383 est
288 2352 387 2384 Livia.

186 2403 239 2433 31.
263 2401 332 2432 Esse
356 2404 429 2433 duos
440 2403 597 2443 juvenes]
639 2403 804 2435 Germani-

143 2461 215 2482 cum
238 2450 359 2482 scilicet
386 2451 558 2488 Juniorem,
583 2452 681 2482 filium
709 2452 806 2483 Drusi

140 2498 275 2541 privigni
303 2499 440 2541 Augusti
469 2501 662 2539 naturalem;
690 2506 722 2532 et
749 2511 805 2543 per

144 2548 343 2590 adoptionem
363 2548 480 2579 Tiberii
506 2560 650 2591 quoque:
675 2555 706 2581 et
727 2550 803 2581 alte-

144 2607 223 2633 rum,
234 2597 373 2627 Drusum
381 2597 499 2628 Tiberii
509 2598 608 2628 filium
620 2599 804 2629 naturalem.

147 2646 252 2677 Firma
287 2648 463 2686 adjumenta
497 2650 643 2686 parentis.
703 2648 805 2679 Firma

143 2694 289 2736 praesidia
298 2695 414 2726 Tiberii
428 2697 535 2738 patris.

189 2745 240 2775 33.
266 2745 364 2785 Haza]
385 2745 452 2776 Has
467 2746 576 2777 laudes
588 2745 793 2787 supradictas.

910 1962 963 1992 34.
1000 1961 1088 1991 Venit
1110 1962 1149 1990 ad
1173 1969 1247 1990 meos
1273 1959 1410 2000 digitos]
1447 1959 1531 1990 Meis

868 2010 1011 2041 manibus
1037 2015 1171 2040 tractata
1197 2014 1244 2039 est
1269 2007 1451 2039 recitando:
1480 2009 1529 2040 vel

868 2057 922 2088 ubi
944 2057 1069 2099 perveni
1092 2058 1132 2088 ad
1151 2063 1323 2089 extremam
1338 2056 1484 2098 paginam
1500 2063 1532 2088 et

870 2106 974 2138 finem.

913 2157 968 2186 35.
1009 2156 1049 2185 Et
1083 2155 1202 2194 capum]
1245 2154 1343 2191 Quasi
1372 2155 1530 2186 laudando

870 2216 947 2247 opus
961 2204 1051 2239 illud,
1067 2210 1098 2234 et
1113 2203 1305 2235 adfirmando
1321 2202 1353 2233 id
1370 2203 1433 2234 fore
1453 2215 1529 2236 eau-

869 2264 946 2290 sam,
961 2258 996 2283 ut
1011 2253 1208 2284 reduceretur
1224 2253 1255 2283 in
1269 2253 1401 2294 patriam
1423 2259 1528 2294 poeta,

869 2313 992 2334 movere
1014 2309 1045 2333 et
1069 2307 1165 2344 caput
1188 2308 1219 2333 et
1239 2302 1416 2344 pharetras:
1442 2304 1532 2344 quasi

870 2363 924 2395 per
949 2352 1110 2394 pharetras
1134 2358 1165 2382 et
1190 2352 1319 2393 sagittas
1338 2352 1480 2393 jurarent
1500 2360 1532 2383 et

874 2402 1073 2432 adfirmarent
1086 2403 1132 2432 ita
1147 2402 1224 2433 fore.

915 2452 967 2482 36.
993 2451 1033 2481 Et
1046 2453 1166 2493 longum
1176 2450 1341 2491 murman]
1369 2452 1409 2481 Et
1421 2452 1531 2492 longus

873 2499 911 2530 de
924 2500 984 2530 hac
1000 2510 1031 2530 re
1047 2511 1156 2531 sermo.

915 2549 966 2579 45.
992 2549 1217 2589 Germanicus]
1244 2548 1451 2580 Germanicus
1472 2549 1528 2579 Ju-

873 2597 949 2633 nior,
979 2597 1061 2628 filius
1089 2597 1206 2628 Tiberii
1234 2608 1287 2639 per
1321 2596 1530 2638 adoptionem.

873 2647 972 2676 Latiis
986 2648 1108 2677 catenis.
1146 2646 1277 2682 Italicis,
1289 2646 1401 2688 quibus
1415 2646 1530 2686 captivi

872 2694 1060 2736 ligabantur.

916 2744 967 2774 47.
992 2744 1040 2774 Sic
1062 2746 1182 2775 valeant
1202 2744 1316 2783 pueri]
1343 2743 1393 2774 Sic
1409 2744 1469 2774 sint
1484 2745 1530 2776 in-
