1760 3172
216 188 300 229 110

610 186 660 227 P.
694 184 908 227 OVIDII
943 185 1223 227 NASONIS

218 302 283 349 Et
311 302 460 349 Parin
486 301 683 348 OEnone
709 317 929 348 summos
956 301 1204 349 tenuisset
1229 302 1291 348 ad
1318 318 1491 357 annos,

285 379 339 425 Si
365 395 461 426 non
488 378 687 425 OEbalia
713 377 890 442 pellice
917 378 1037 424 laesa
1061 377 1202 425 foret.

220 457 463 520 Conjugis
489 456 707 520 Odrysio
733 454 1008 519 placuisset
1033 454 1189 502 forma
1213 462 1451 518 tyranno:

286 535 387 582 Sed
414 534 587 581 melior
611 534 794 580 clausae
820 532 978 580 forma
1001 533 1182 580 sororis
1208 540 1332 581 erat.

1513 536 1611 580 460

217 611 352 666 Quid
378 627 539 658 moror
558 610 820 674 exemplis,
848 626 1059 673 quorum
1082 626 1162 658 me
1184 610 1331 657 turba
1354 610 1559 674 fatigat?

287 689 588 736 Successore
614 703 739 734 novo
764 686 978 734 vincitur
1002 687 1162 735 omnis
1189 703 1341 736 amor.

218 766 415 813 Fortius
440 781 467 813 e
493 764 662 811 multis
688 771 847 811 mater
871 764 1127 812 desiderat
1151 780 1330 822 unum;

284 843 449 898 Quam
469 842 548 889 cui
570 842 694 889 flens
720 841 920 897 clamat,
946 840 1024 888 Tu
1049 841 1166 887 mihi
1195 841 1330 888 solus
1351 857 1475 888 eras,

216 921 289 968 Ac
316 938 378 968 ne
403 920 528 967 forte
553 926 701 983 putes
727 935 853 966 nova
876 935 956 966 me
983 919 1073 966 tibi
1100 919 1314 966 condere
1334 919 1471 981 jura;
1513 921 1610 966 465

284 999 478 1061 (Atque
503 998 695 1044 utinam
720 997 907 1045 inventi
933 997 1090 1059 gloria
1114 1003 1284 1044 nostra
1307 995 1480 1057 foret!)

216 1076 358 1124 Vidit
375 1077 425 1123 id
451 1076 671 1123 Atrides.
712 1075 833 1139 quid
853 1075 986 1123 enim
1012 1091 1110 1122 non
1133 1075 1216 1122 ille
1238 1074 1446 1129 videret,

289 1154 449 1216 Cujus
475 1153 525 1199 in
551 1153 755 1200 arbitrio
782 1153 981 1200 Graecia
1006 1160 1113 1200 tota
1136 1152 1257 1199 fuit?

221 1230 386 1279 Marte
412 1247 501 1278 suo
527 1238 729 1294 captam
757 1231 1040 1295 Chryseida
1064 1231 1223 1278 victor
1248 1230 1477 1277 amabat:

285 1308 355 1355 At
380 1307 543 1355 senior
563 1308 715 1356 stulte
739 1308 894 1355 flebat
915 1308 1104 1370 ubique
1130 1323 1328 1371 parens.

1517 1310 1616 1355 470

219 1385 352 1440 Quid
376 1385 622 1441 lacrimas,
649 1385 820 1432 odiose
847 1385 1032 1433 senex?
1070 1385 1200 1432 bene
1225 1383 1459 1431 convenit
1483 1384 1596 1431 illis.

288 1462 465 1509 Officio
490 1468 661 1509 natan]
685 1461 844 1517 laedis,
872 1461 1058 1526 inepte,
1086 1468 1190 1508 tuo.

218 1540 382 1594 Quam
399 1546 667 1604 postquam
691 1539 832 1586 reddi
855 1539 1090 1595 Calchas,
1111 1555 1206 1603 ope
1229 1545 1367 1585 tutus
1387 1537 1615 1593 Achillis,

284 1616 314 1664 J
319 1622 529 1673 usserat,
558 1623 609 1663 et
632 1617 794 1680 patria
820 1623 898 1664 est
921 1617 1005 1664 illa
1029 1622 1234 1681 recepta
1251 1615 1423 1673 dom03
1465 1620 1469 1621 ⁷

221 1693 330 1747 Est,
357 1693 427 1741 ait
451 1692 673 1750 Atrides,
701 1694 772 1740 illi
798 1709 951 1757 quam
977 1694 1207 1758 proxima
1229 1692 1412 1750 forma3

1521 1695 1617 1740 475

286 1770 371 1826 Et,
400 1771 440 1817 si
466 1770 627 1835 Prima
651 1771 781 1818 sinat
805 1770 1017 1835 syllaba,
1045 1786 1228 1818 nomen
1254 1769 1415 1817 idem:

216 1903 263 1935 bri
277 1904 413 1945 quadam
429 1902 601 1945 cupiditate
615 1901 790 1934 Callirrhoe
805 1904 883 1945 Ery-

216 1953 319 1995 philes
334 1952 449 1983 monile
464 1962 660 1994 summopere
675 1952 736 1982 sibi
751 1958 883 1994 optaret,

218 2002 371 2043 Phegiain
383 2003 422 2032 ol)
436 2001 467 2031 id
484 2012 643 2043 regressus
658 2001 833 2035 Alcmaeon.
845 2003 884 2033 ab

218 2050 335 2093 Phegei
352 2050 425 2081 filiis
437 2051 576 2082 Temeno
587 2056 619 2082 et
631 2050 755 2082 Axione
766 2051 886 2082 occisus

218 2107 276 2132 est.
323 2101 438 2131 NAUG.

261 2152 335 2181 459.
353 2148 513 2191 Odrysia]
538 2149 622 2180 Hinc
634 2154 724 2191 patet
734 2149 885 2181 Ovidium

218 2200 310 2231 solito
326 2199 379 2229 illo
396 2205 536 2231 veterum
553 2209 663 2235 errore,
676 2210 768 2241 quem
786 2200 887 2241 tangit

217 2248 432 2290 Thucydides,
444 2247 499 2278 lib.
512 2247 544 2279 ii.
558 2258 586 2279 c.
602 2248 796 2280 29.Tereum
811 2259 884 2279 cum

218 2298 298 2329 Tere
315 2297 519 2328 confredisse.

263 2348 337 2378 463.
364 2347 494 2377 Parcius
507 2357 521 2376 e
536 2348 639 2377 multis
656 2354 752 2378 mater
772 2348 886 2378 deside-

218 2404 266 2428 ται
294 2397 416 2437 urrann]
447 2395 568 2437 Regius
596 2396 884 2439 praestantissimuS,

220 2447 353 2477 Foritus.
386 2446 480 2487 Lege,
507 2445 640 2476 Fortius.
663 2451 696 2476 et
719 2446 790 2477 vide
816 2457 886 2487 quae

221 2495 336 2531 notavi,
367 2505 446 2526 vers.
468 2495 544 2525 281.
579 2495 648 2526 libri
673 2494 764 2536 primi
791 2495 887 2527 Artis.

221 2545 332 2580 Fortis,
343 2554 413 2585 quae
429 2543 528 2574 dolori
545 2543 725 2575 moderatur
736 2550 767 2574 et
780 2544 887 2575 adfec-

219 2594 313 2624 tibus.
350 2592 444 2634 idque
473 2603 510 2623 ex
541 2592 658 2635 placito
695 2593 884 2629 Stoicorum,

221 2642 303 2684 apud
330 2652 408 2684 quos
431 2641 579 2673 fortitudo
605 2641 637 2672 in
660 2643 766 2673 robore
791 2641 887 2672 animi

221 2692 361 2723 consistit
377 2691 489 2733 potius,
507 2702 603 2733 quam
619 2691 651 2721 in
667 2692 803 2733 corporis
816 2690 887 2722 viri-

220 2742 289 2772 bus.
334 2740 451 2772 Statius
465 2740 566 2771 Theb.
579 2752 610 2771 v.
627 2741 702 2772 653.
748 2741 866 2771 Ili-:ms

995 1904 1068 1934 464.
1095 1903 1194 1937 Quam
1214 1903 1368 1944 quaeflens
1384 1903 1522 1943 clamat]
1550 1902 1616 1933 Re-

951 1952 1021 1994 gius
1032 1951 1192 1988 mendose,
1209 1952 1302 1986 Quem
1317 1951 1528 1993 qnoqueflens.
1552 1952 1622 1982 Sar-

952 2002 1110 2037 ravianus,
1136 2002 1294 2043 qitiflens.
1325 2002 1422 2043 Lege,
1451 2000 1550 2035 Quam
1571 2004 1621 2032 cui

943 2052 1027 2092 fleus
1041 2052 1163 2081 clamat.
1209 2050 1329 2082 Hrms.

996 2101 1070 2130 471.
1096 2099 1177 2130 Bene
1192 2101 1317 2141 contigit
1335 2099 1410 2140 ma]
1437 2098 1544 2130 Prima
1555 2098 1622 2130 edi-

951 2148 994 2179 tio
1005 2159 1076 2179 cum
1087 2148 1211 2190 scriptis
1223 2148 1285 2179 fere
1301 2148 1456 2183 omnibus,
1466 2149 1536 2179 bene
1551 2159 1620 2179 con-

951 2200 1031 2228 venit
1059 2199 1118 2234 illi,
1135 2204 1248 2240 praeter
1272 2197 1407 2240 optimos
1433 2196 1568 2238 Regium
1590 2203 1623 2228 et

952 2248 1160 2284 Puteaneum,
1183 2247 1216 2278 in
1237 2247 1364 2289 quibus,
1389 2248 1527 2278 convenit
1551 2248 1624 2278 illis.

952 2307 1034 2328 vere.
1050 2296 1191 2328 Martial.
1207 2296 1262 2327 lib.
1278 2295 1344 2327 viii.
1361 2296 1420 2338 Ep.
1436 2307 1534 2326 xxxv.

999 2346 1101 2376 ,Miror
1114 2358 1172 2377 mm
1187 2348 1257 2376 bene
1273 2347 1430 2377 convenire
1445 2346 1535 2375 vobis.

999 2396 1074 2427 473.
1100 2396 1198 2430 Quam
1220 2402 1373 2435 postquam
1388 2396 1475 2425 reddi
1491 2394 1621 2425 Calchas

954 2456 1008 2484 ope
1025 2451 1110 2475 tulus
1126 2445 1253 2476 Achillis
1274 2443 1440 2484 Jusser‹1t.]
1467 2443 1537 2474 Hoc
1551 2453 1569 2474 e
1584 2443 1622 2473 li-

955 2495 1011 2524 bro
1034 2494 1056 2524 i.
1082 2493 1200 2524 Iliados
1224 2492 1410 2524 translatum
1434 2497 1492 2523 est.
1530 2492 1624 2523 Crof.

957 2544 1071 2574 Achilli
1087 2543 1306 2578 Farnesianus,
1321 2548 1405 2573 recte
1421 2541 1558 2572 omnino.
1583 2540 1626 2571 ita

959 2593 1110 2635 Virgilius
1125 2604 1219 2635 smpe.
1243 2593 1288 2623 sic
1305 2598 1336 2624 et
1357 2592 1457 2633 Ulyssi
1474 2596 1578 2622 noster
1594 2590 1625 2621 in

955 2643 1035 2674 Met.
1052 2642 1166 2684 passim
1188 2641 1326 2672 secundo
1345 2651 1431 2672 casu.
1456 2639 1561 2671 monui
1585 2639 1622 2670 ad

956 2691 1070 2722 librum
1087 2690 1106 2721 i.
1120 2691 1206 2721 Artis
1222 2701 1301 2722 vers.
1319 2691 1396 2721 743.
1440 2689 1562 2720 HfflNs.

1002 2740 1076 2771 475.
1101 2741 1222 2770 Atrides
1243 2741 1298 2775 ait,
1321 2746 1361 2770 est
1386 2740 1469 2769 itlius
1492 2740 1625 2778 prosimu
