1760 3172
207 183 291 223 404

597 183 646 222 P.
680 182 893 224 OVIDII
927 184 1204 226 NASONIS

211 297 353 344 Hanc
379 312 471 359 ego
497 313 609 352 non,
636 305 689 344 ut
713 314 791 345 me
816 297 1081 346 defendere
1105 307 1278 357 tentet,
1306 301 1483 359 ador0;
1525 305 1586 348 55

278 374 391 421 Νο11
417 380 493 420 est
516 373 727 421 confessi
754 390 905 421 causa
928 377 1112 423 tuenda
1135 377 1221 424 rei.

210 451 343 498 Num
369 458 536 498 tamen
561 467 770 498 excuses
797 451 971 498 erroris
997 452 1210 515 imagine
1235 452 1436 510 factum,

273 528 352 574 An
378 528 496 574 nihil
521 529 757 591 expediat
781 529 877 575 tale
904 545 1115 585 movere,
1142 530 1270 578 vide.

208 605 437 652 Vulneris
457 605 505 651 id
529 621 684 667 genus
705 612 796 661 est,
816 606 949 668 quod
967 622 1121 668 quum
1147 605 1368 654 sanabile
1388 623 1483 653 11011
1504 607 1584 663 sit,

275 683 388 730 Non
414 682 707 730 contrectari
733 683 887 729 tutius
914 699 1023 729 esse
1050 690 1236 746 putem.
1523 686 1586 730 60
1611 679 1614 683 ’

207 762 412 823 Lingua,
441 760 558 816 sile;
587 776 683 806 non
707 766 783 807 est
807 761 936 807 ultra
960 762 1201 808 narrabile
1227 761 1530 824 quidquam:

273 838 430 885 Posse
455 837 600 884 velim
626 836 817 884 cineres
843 838 1050 884 obruere
1077 837 1182 901 ipse
1207 854 1360 884 meos.

207 915 291 962 Sic
317 915 481 977 igitur,
509 913 652 976 quasi
677 930 756 960 me
781 915 946 961 nullus
972 914 1228 979 deceperit
1252 931 1398 971 error,

270 991 437 1038 Verba
455 990 579 1045 face,
606 997 662 1036 ut
685 990 800 1046 vita,
829 1007 978 1053 quam
1004 992 1143 1039 dedit
1167 992 1289 1055 ipse,
1317 992 1462 1039 fruar.

205 1070 473 1131 Quumque
489 1083 691 1115 serenus
711 1068 819 1123 erit,
832 1069 1097 1131 vultusque
1114 1069 1356 1116 remiserit
1369 1069 1496 1124 illos,
1520 1071 1581 1115 65

270 1146 366 1200 Qui
392 1161 562 1192 secum
586 1152 740 1192 terras
767 1145 1128 1209 imperiumque
1154 1153 1379 1202 movent3

204 1224 452 1286 Exiguam
477 1238 538 1269 ne
562 1238 641 1269 me
666 1223 884 1286 praedam
910 1223 1038 1270 sinat
1063 1238 1172 1270 esse
1200 1223 1457 1279 Getarum,

269 1301 470 1363 Detque
497 1300 654 1346 solum
681 1300 871 1347 miserae
898 1299 1034 1356 mite,
1062 1316 1279 1363 precare,
1306 1299 1453 1362 fugae.

199 1379 419 1441 Tempus
435 1377 578 1423 adest
593 1384 763 1440 aptum
778 1377 1008 1440 precibus
1028 1394 1037 1424 :
1060 1378 1193 1424 valet
1208 1377 1330 1440 ipse,
1344 1376 1579 1439 videtque

267 1454 404 1509 Quas
429 1453 546 1500 fecit
570 1454 712 1510 vires,
742 1454 917 1510 Roma,
944 1455 1105 1501 valere
1131 1461 1259 1501 tuas.
1516 1457 1579 1500 70

201 1531 470 1580 Incolumis
496 1531 678 1593 conqu
703 1547 793 1577 sua
817 1530 1091 1594 pulvinaria
1115 1538 1301 1578 servat:

264 1608 531 1655 Promovet
554 1606 830 1654 Ausonium
856 1607 983 1653 filius
1010 1607 1284 1671 imperium.

240 1802 291 1833 56.
309 1801 377 1831 Non
399 1806 439 1830 est
464 1800 613 1841 consessa]
640 1801 774 1831 Causam
797 1802 850 1832 ad—

150 1856 157 1863 ”
196 1852 309 1893 signat,
322 1861 376 1881 cur
392 1860 453 1880 non
475 1855 574 1880 tentet
588 1861 620 1881 se
636 1861 655 1881 a
670 1851 852 1882 Messallino

195 1900 334 1935 defendi,
358 1907 392 1929 ut
419 1910 456 1929 ex
481 1909 517 1929 eo
542 1899 649 1940 probet
672 1910 704 1929 se
728 1910 788 1930 non
813 1901 851 1931 ob

194 1960 263 1980 eam
273 1958 398 1979 causam
412 1947 547 1978 venerari
559 1947 690 1978 hominis
701 1948 850 1989 linguam.

197 1999 296 2029 Causa
316 1999 359 2027 rei
381 1998 514 2037 confessi.
539 1997 642 2027 Causa
661 2008 740 2033 mea,
757 2008 850 2039 quam

193 2047 351 2079 confessus
366 2056 432 2077 sum
448 2056 514 2077 esse
530 2045 693 2077 infirmam.

236 2098 290 2128 59.
311 2096 450 2126 Vulneris
465 2097 496 2125 id
510 2106 604 2136 genus
619 2095 687 2135 esu]
715 2096 850 2126 Causam

193 2146 347 2186 adsignat,
374 2155 428 2175 cur
457 2144 536 2174 inter
565 2144 775 2175 excusandum
803 2155 848 2175 er·

193 2195 268 2226 roris
294 2193 484 2224 mentionem
514 2193 578 2224 fieri
603 2204 663 2224 non
688 2192 763 2224 utile
784 2203 850 2224 esse

192 2243 310 2274 innuat.
341 2242 491 2283 Adpellat
516 2247 619 2273 autem
644 2242 769 2277 crimen,
788 2253 848 2284 quo

191 2293 370 2333 Augustum
383 2291 473 2329 laesit,
485 2294 605 2329 vulnus,
616 2292 710 2333 idque
725 2292 847 2323 insana-

190 2342 253 2372 bile
269 2352 336 2372 esse
352 2340 441 2372 dicit.

235 2391 288 2421 62.
305 2391 383 2421 Meos
398 2390 536 2431 cineres]
551 2389 649 2427 Quasi
660 2390 754 2427 dicat,
768 2392 847 2422 velle

191 2451 278 2482 posse
299 2440 392 2471 celari
415 2440 533 2470 cineres
553 2450 635 2474 suos,
654 2446 688 2469 ut
703 2441 769 2481 ejus
788 2441 846 2471 cri—

192 2499 262 2520 men
279 2489 372 2519 etiam
388 2499 459 2519 cum
475 2488 536 2519 illis
552 2488 656 2519 lateat.

234 2539 285 2569 64.
297 2539 390 2572 Quasi
403 2550 445 2568 me
459 2539 561 2568 nullus
573 2539 717 2577 deceperit
731 2538 842 2578 erran]

192 2587 364 2618 Fatendum
374 2591 421 2617 est
436 2597 485 2617 me
499 2596 656 2628 peccasse.
698 2587 725 2616 U
729 2593 738 2616 t
743 2587 845 2626 frum

190 2638 263 2666 vita.
298 2636 435 2666 Fortasse
459 2635 620 2676 Augustus
642 2634 748 2671 iratus,
769 2635 843 2666 mihi

190 2683 297 2719 vitam,
313 2694 406 2724 quam
421 2684 583 2719 concessit,
599 2683 759 2714 adimeret.

234 2733 285 2764 65.
305 2733 466 2773 Vultusque
488 2735 631 2763 remiserit
653 2732 747 2772 illos]
774 2732 842 2763 Hoc

921 1807 977 1836 est,
1006 1801 1112 1832 vultus
1141 1801 1210 1831 illos
1246 1810 1368 1831 severos
1395 1806 1427 1831 et
1454 1809 1575 1840 graves,

921 1861 1051 1891 quorum
1073 1856 1162 1886 nutu,
1178 1850 1253 1885 sive,
1269 1849 1382 1880 intuitu
1402 1854 1499 1879 totum
1519 1849 1576 1880 im-

919 1900 1036 1940 perium
1054 1905 1273 1934 commovetur,
1289 1898 1466 1939 deposuerit
1481 1903 1575 1938 atque

919 1948 1108 1979 exhilararit.
1145 1949 1273 1978 war..

962 2000 1015 2028 67.
1036 1998 1212 2039 Enganna]
1236 1999 1336 2034 Forte,
1357 1999 1506 2039 exiguum,
1523 2008 1576 2038 per

919 2046 1162 2088 adpositionem3
1188 2057 1236 2077 me
1258 2046 1416 2087 exiguum,
1436 2052 1466 2077 et
1480 2046 1574 2077 vilem

918 2106 956 2126 ne
972 2097 1047 2126 velit
1063 2106 1128 2127 esse
1144 2096 1292 2138 praedam.
1331 2097 1446 2126 BunM.

961 2146 1010 2175 71.
1025 2144 1201 2185 Incolumi]
1222 2145 1294 2174 Non
1310 2145 1391 2174 male
1407 2145 1529 2175 Sar-rav.
1543 2150 1575 2174 et

917 2195 1031 2225 Bavar.
1054 2194 1142 2225 Livia
1164 2199 1267 2225 servat
1289 2193 1462 2224 thalamum
1483 2204 1573 2224 suum

916 2248 947 2273 et
968 2243 1114 2284 Augusti,
1130 2243 1217 2285 quasi
1239 2243 1366 2274 deorum
1387 2244 1573 2283 pulvinaria.

916 2291 1038 2323 Liviam
1064 2303 1147 2333 ergo,
1172 2292 1215 2323 ait
1236 2293 1398 2333 Verpoort.
1417 2292 1484 2333 jam
1505 2297 1572 2322 tum

916 2340 1003 2381 quasi
1033 2341 1224 2372 sacerdotem
1249 2340 1383 2382 Augusti
1413 2340 1571 2378 describit,

915 2401 984 2431 qum
1009 2398 1040 2421 et
1064 2397 1132 2432 post
1153 2391 1220 2432 ejus
1239 2390 1357 2421 obitum
1379 2390 1407 2421 ei
1428 2390 1571 2421 sacerdos

915 2439 1083 2470 constituta
1112 2447 1160 2470 est
1176 2440 1298 2471 decreto
1324 2440 1478 2478 Senatus3
1500 2440 1570 2471 vide

915 2488 1028 2519 Vellei.
1049 2488 1080 2518 ii.
1097 2489 1148 2519 75.
1186 2488 1330 2518 servandi
1357 2499 1480 2530 quoque
1502 2500 1569 2519 ver-

913 2537 985 2567 bum
1009 2548 1045 2568 ex
1077 2537 1241 2579 disciplina
1265 2547 1421 2568 sacrorum
1444 2543 1500 2573 est,
1525 2539 1568 2568 uti

913 2585 1055 2617 Vestales
1078 2592 1226 2617 aeternum
1248 2586 1351 2627 ignem
1377 2597 1492 2616 serrare
1521 2586 1568 2617 di-

912 2641 1033 2666 cuntur.
1070 2635 1120 2666 Cf.
1133 2636 1183 2666 Tr.
1199 2635 1218 2665 i.
1234 2637 1263 2666 8.
1276 2637 1327 2666 50.
1366 2636 1510 2666 I‘Linrffis.

955 2685 1006 2714 72.
1023 2684 1148 2725 Filius]
1175 2684 1314 2714 Tiberius
1328 2683 1424 2715 Liviae
1441 2684 1521 2715 filius
1536 2690 1568 2715 et

913 2732 1044 2773 Augusti
1058 2744 1110 2774 per
1126 2733 1333 2774 adoptionem.
