1760 3172
171 172 256 214 120

565 168 616 209 P.
650 166 863 209 OVIDII
898 165 1180 208 NASONIS

177 285 293 333 Non
319 297 492 331 curare
516 288 594 330 sat
618 289 710 330 est.
750 280 864 329 odio
890 281 976 344 qui
1001 281 1110 328 finit
1134 297 1368 336 amorem,

243 361 347 408 Aut
368 366 516 415 amat,
544 366 630 406 aut
655 373 785 421 aegre
810 357 1006 405 desinet
1030 373 1141 406 esse
1166 358 1331 406 miser.

175 437 359 501 Turpe,
381 437 453 485 vir
473 443 524 484 et
547 435 738 490 mulier,
754 434 916 497 juncti
938 433 1102 489 modo,
1127 434 1351 497 protinus
1371 435 1564 482 hostes:

245 514 362 561 Non
386 514 496 560 illas
522 513 634 560 lites
660 510 853 575 Appias
879 511 989 574 ipsa
1013 511 1207 574 probat.

1472 513 1576 558 660

181 591 328 655 Saepe
353 606 462 638 reas
487 589 694 643 faciunt,
721 595 772 636 et
797 594 981 635 amant.
1021 588 1106 634 ubi
1131 588 1269 634 nulla
1292 587 1519 634 simultas

247 666 446 722 Incidit,
474 665 731 713 admonitu
757 665 884 712 liber
908 666 1106 712 aberrat
1131 681 1284 712 amor.

182 744 331 792 Forte
357 745 557 791 aderam
575 743 747 806 juveni
769 760 778 790 :
819 742 1071 789 dominam
1096 742 1277 789 lectica
1300 741 1531 789 tenebat:

248 821 534 869 Horrebant
558 821 701 868 saevis
727 820 893 867 onmia
915 820 1067 867 verba
1090 819 1252 866 minis.

180 898 397 961 Jamque
422 898 706 953 vadaturus,
736 896 938 944 Lectica
961 896 1200 960 prodeat:
1240 895 1419 959 inquit.
1475 898 1571 942 665

250 974 540 1022 Prodierat:
578 975 685 1021 visa
712 975 925 1037 conjuge
950 981 1117 1020 mutus
1143 980 1265 1021 erat.

180 1050 247 1099 Et
271 1067 462 1107 manus,
490 1058 541 1099 et
563 1050 793 1097 manibus
818 1050 1046 1114 duplices
1073 1049 1301 1097 cecidere
1325 1049 1522 1096 tabellae
1542 1066 1552 1097 :

246 1127 398 1175 Venit
421 1127 471 1173 in
496 1127 786 1190 amplexus:
827 1133 980 1189 atque
1005 1127 1088 1182 ita,
1115 1126 1307 1182 Vincis,
1336 1126 1420 1174 ait.

186 1203 386 1266 [Tutius
412 1210 505 1259 est,
533 1210 809 1266 aptumque
834 1203 1010 1265 magis,
1039 1203 1299 1250 discedere
1324 1218 1466 1267 pace,

257 1280 421 1335 Quam
447 1287 619 1344 petere
644 1296 673 1327 a
697 1279 928 1327 thalamis
954 1279 1171 1342 litigiosa
1194 1280 1339 1341 fora.]

1484 1283 1582 1328 670

193 1356 407 1406 Munera
431 1373 544 1421 quae
571 1357 785 1413 dederis,
812 1357 998 1404 habeat
1022 1357 1129 1404 sine
1153 1357 1240 1404 lite
1259 1358 1465 1421 jubeto:

255 1434 382 1483 Esse
406 1435 568 1482 solent
592 1451 773 1498 magno
797 1435 982 1482 damna
1006 1434 1199 1482 minora
1221 1436 1370 1483 bono.

231 1641 305 1671 660.
327 1640 467 1681 Appias]
501 1640 610 1672 Venus
626 1640 694 1683 ipsa
708 1641 855 1683 genitrix,

189 1690 280 1732 cujus
305 1690 457 1732 templum
481 1696 548 1721 erat
575 1690 606 1721 in
631 1691 695 1721 soro
721 1691 760 1722 C.
785 1691 855 1722 Cae-

189 1738 285 1776 saris;
307 1739 351 1770 sic
364 1739 582 1780 cognominata
599 1740 637 1770 ab
654 1750 737 1782 aqua
749 1740 857 1782 Appia

191 1798 262 1830 quae
278 1787 342 1818 illic
358 1793 433 1818 erat.
479 1787 597 1818 Ama.

234 1837 309 1868 663.
326 1837 415 1868 Forte
430 1838 694 1878 aderatjunenis]
714 1838 752 1868 In
769 1844 854 1869 vete-

192 1885 373 1928 ribus‚forte
384 1889 629 1927 aderam-juveni.
653 1888 768 1919 Nico.
787 1888 856 1918 Imo

190 1936 313 1966 aderam
326 1937 438 1975 juveni
459 1946 532 1966 cum
552 1935 665 1975 Regio,
685 1936 856 1972 I‘uteaneo,

192 1994 254 2014 uno
265 1995 302 2014 ex
313 1984 400 2019 ineis,
412 1989 443 2015 et
452 1985 551 2026 prima
562 1984 711 2015 editione.
723 1987 856 2021 oderam,

194 2032 441 2068 advocationem,
471 2034 670 2074 praestabam.
703 2033 747 2064 ita
779 2034 857 2064 illud

194 2091 318 2122 quoque
341 2081 592 2122 intelligendum,
621 2081 676 2113 lib.
703 2081 747 2113 iii.
775 2082 860 2113 Artis

193 2130 268 2161 531.

240 2177 375 2208 Munera
393 2180 442 2209 det
462 2180 621 2219 dives,jus
641 2182 693 2220 qui
712 2181 861 2221 prqfilebi-

282 2233 347 2263 tur,
363 2229 453 2258 adsit.

195 2276 267 2307 Huc
291 2281 413 2318 spectat
434 2276 522 2308 locus
546 2287 671 2319 quoque
700 2277 752 2309 ille
778 2277 862 2319 apud

196 2324 349 2361 Gellium,
368 2325 425 2356 lib.
446 2325 469 2356 i.
490 2336 559 2368 cap.
580 2326 657 2357 xxii.
681 2327 734 2357 ubi
750 2333 863 2368 praetor

197 2374 237 2405 ad
252 2373 432 2416 imperitum
451 2380 628 2416 patronum,
643 2375 697 2417 qui
717 2387 749 2407 se
768 2388 863 2408 causae

197 2434 343 2464 superesse
367 2423 507 2455 dixisset.
555 2425 600 2455 Tu
624 2427 727 2465 plane,
755 2428 862 2467 inquit,

196 2484 326 2513 superes,
346 2485 406 2504 non
426 2475 506 2505 ades.
529 2484 584 2516 pro
603 2475 708 2505 lectica
732 2477 860 2510 tenebat,

198 2522 374 2554 Vaticanus
405 2533 497 2560 unus,
522 2525 647 2554 tenebas.
679 2534 740 2555 non
766 2524 864 2555 inele-

199 2578 319 2613 ganter.
352 2573 471 2604 mes.
501 2573 627 2604 Ferebat
656 2573 718 2605 duo
745 2573 862 2614 scripti.

199 2621 278 2652 forte
301 2621 395 2653 etiam
415 2623 540 2664 tegebat,
556 2629 592 2653 ut
608 2621 646 2654 de
663 2629 740 2653 tecta
757 2623 863 2653 lectica

198 2679 270 2701 cum
287 2669 481 2702 Bersmanno
502 2671 655 2714 capiatur.
671 2671 725 2714 qui
736 2677 864 2715 secutus

922 1642 1045 1674 videtur
1082 1642 1299 1674 auctoritatem
1336 1642 1445 1685 Lipsii.
1480 1643 1535 1675 lib.
1566 1645 1588 1676 i.

923 1691 1059 1723 Elector.
1074 1702 1147 1734 cap.
1165 1693 1214 1723 19.

966 1741 1043 1772 667.
1070 1742 1215 1781 Duplices
1230 1743 1374 1784 tabellae.]
1402 1743 1482 1780 Quae
1498 1742 1587 1773 vadi·

923 1789 1018 1820 monii
1046 1790 1211 1821 formulam
1234 1792 1447 1823 continebant.
1469 1791 1540 1823 vide
1566 1792 1588 1823 i.

923 1837 1031 1869 Amor.
1056 1839 1108 1870 xii.
1131 1841 1185 1870 23.
1230 1840 1341 1882 Inepte
1365 1841 1526 1883 Crispinus
1547 1852 1585 1873 ex

924 1887 1051 1918 Merula
1067 1899 1125 1919 sua
1140 1889 1206 1920 sine
1222 1889 1286 1919 ullo
1305 1889 1430 1921 delectu
1446 1890 1590 1921 transcri-

925 1936 1012 1972 bens,
1033 1937 1204 1974 codicillos,
1221 1939 1336 1980 quibus
1355 1939 1427 1981 jura
1450 1939 1591 1971 contine-

925 1985 1039 2016 bantur
1063 1985 1295 2028 interpretatur.
1315 1989 1429 2019 vellem
1452 1989 1592 2021 addidis-

927 2040 996 2065 sent
1010 2038 1165 2076 quaejura
1183 2037 1370 2078 intelligant.
1405 2038 1530 2069 Merula
1545 2046 1591 2070 ta-

926 2094 997 2115 men
1011 2084 1111 2121 addit,
1124 2091 1159 2116 ut
1170 2086 1312 2118 videatur
1327 2087 1425 2118 forum
1441 2088 1590 2130 tetigisse,

928 2135 1041 2173 scripta
1056 2137 1226 2175 utriusque,
1240 2138 1385 2176 adjura.
1408 2137 1433 2167 si
1449 2148 1508 2168 non
1523 2149 1592 2180 per-

928 2192 1047 2223 peram,
1058 2183 1313 2226 interpretatione
1330 2192 1412 2217 certe
1427 2186 1501 2229 ipsis
1516 2188 1592 2220 Ovi-

929 2230 972 2260 dii
989 2232 1091 2263 verbis
1105 2234 1292 2266 obscuriore.
1336 2236 1453 2268 Bumu.

974 2282 1047 2312 669.
1074 2281 1183 2313 Tutius
1206 2291 1247 2315 est
1275 2292 1436 2326 aptumque
1464 2288 1591 2329 magis]

931 2330 1033 2361 Nemo
1057 2331 1133 2362 mihi
1155 2334 1341 2374 persuasen't
1360 2335 1418 2366 hoc
1437 2336 1593 2368 distichon

930 2379 1122 2411 Nasonianae
1134 2392 1221 2412 venae
1237 2382 1347 2414 foetum
1362 2394 1440 2415 esse.
1476 2385 1595 2418 mes.

975 2429 1048 2459 671.
1074 2430 1206 2460 Munera
1238 2443 1301 2471 quer
1327 2435 1459 2470 dederas,
1487 2436 1593 2467 habeat

930 2479 993 2508 siue
1018 2479 1082 2513 lite,
1098 2480 1234 2520 jubeam]
1270 2481 1377 2512 Verba
1400 2483 1475 2514 artis
1499 2490 1592 2515 sunt:

931 2525 975 2556 sic
989 2527 1071 2556 enim
1087 2527 1209 2559 solebat
1223 2529 1340 2566 dicere,
1356 2531 1409 2572 qui
1426 2531 1591 2563 divortium

931 2574 1091 2606 faciebat:
1114 2578 1218 2615 Abeas,
1243 2580 1352 2616 valeas,
1379 2587 1446 2612 tuas
1470 2592 1516 2612 res
1541 2583 1594 2613 tibi

931 2625 1045 2656 habeas.
1070 2626 1195 2658 Mmu.
