1760 3172
182 185 267 225 262

574 183 622 223 P.
659 182 869 224 OVIDII
910 181 1190 223 NAsONIS

185 298 305 345 Haec
333 298 451 344 mihi
478 299 563 360 qui
591 296 783 352 referet,
812 314 923 360 quae
952 313 1046 343 non
1076 297 1256 343 vidisse
1283 296 1479 351 dolebo,

249 375 339 422 Ille
366 391 489 422 meae
515 375 683 421 domui
710 376 934 438 protinus
960 375 1143 437 hospes
1170 374 1277 421 erit.
1509 375 1572 419 50

186 452 298 500 Heu
316 452 455 498 mihi!
478 453 649 515 jamne
665 452 842 499 domus
863 451 1101 514 Scythico
1120 450 1336 498 Nasonis
1357 449 1404 495 in
1425 449 1573 496 orbe?

249 529 466 592 Jamque
492 545 636 575 suum
663 529 780 575 mihi
808 530 893 575 dat
918 545 1006 592 plo
1034 528 1158 576 Late
1186 543 1334 592 poena
1358 525 1555 573 locum?

184 607 249 653 Di
274 606 474 662 faciant,
501 607 671 654 Caesal
697 620 793 654 non
820 607 898 653 hic
925 606 1181 670 penetrale
1207 606 1530 693 domumque,

249 682 537 746 Hospitium
563 700 720 746 poenae
748 684 834 759 sed
863 683 979 730 velit
1007 700 1117 730 esse
1142 699 1281 729 meae.
1472 697 1478 700 ·

607 1004 952 1052 ELEGIA
1005 1005 1156 1052 XIII.

184 1148 330 1196 EccE
358 1162 710 1211 supervacuus,
740 1146 862 1208 quid
886 1146 1017 1192 enim
1039 1145 1131 1192 fuit
1156 1146 1278 1192 utile
1306 1145 1474 1209 gigni?

246 1224 327 1271 Ad
353 1240 444 1272 sua
468 1223 647 1270 natalis
672 1230 899 1285 tempora
925 1230 1093 1269 noster
1119 1222 1289 1270 adest:

183 1301 338 1357 Dure,
366 1301 487 1364 quid
509 1301 572 1347 ad
597 1299 804 1346 miseros
829 1299 1065 1346 veniebas
1092 1301 1280 1347 exsulis
1307 1301 1496 1348 annos?

250 1379 510 1426 Debueras
536 1377 633 1423 illis
658 1376 955 1439 imposuisse
981 1376 1202 1423 modum.

182 1457 235 1504 Si
260 1456 350 1503 tibi
376 1471 496 1503 eura
519 1454 634 1510 mei,
662 1455 738 1501 vel
765 1454 805 1500 si
832 1454 992 1518 pudor
1016 1454 1146 1500 ullus
1173 1454 1375 1506 inesset,
1543 1457 1572 1501 5

248 1533 363 1581 Non
389 1535 518 1580 ultra
543 1531 754 1596 patriam
780 1548 859 1579 me
886 1547 1152 1594 sequerere
1178 1547 1371 1588 meam3

181 1610 397 1673 Quoque
414 1611 523 1657 loco
539 1609 755 1673 primum
771 1609 860 1655 tibi
878 1624 988 1655 sum
1004 1609 1132 1655 male
1150 1609 1379 1671 cognitus
1396 1608 1572 1664 infans,

248 1687 341 1734 Illo
366 1695 615 1735 tentasses
641 1687 845 1733 ultimus
871 1702 982 1733 esse
1007 1686 1144 1733 mihi.

179 1763 397 1827 Jamque
424 1764 768 1826 relinquenda,
797 1764 932 1826 quod
958 1763 1091 1811 idem
1117 1763 1280 1810 fecere
1307 1754 1521 1819 sodales,

246 1840 323 1887 Tu
349 1857 550 1904 quoque
577 1840 792 1887 dixisses
818 1841 973 1887 tristis
999 1840 1048 1886 in
1075 1841 1216 1895 urbe,
1244 1840 1368 1887 vale.
1518 1844 1575 1887 lO

222 2005 274 2035 52.
299 2004 428 2035 Heinsio
451 2011 616 2046 suspectus
638 2015 706 2035 esse
723 2003 845 2035 videtur

179 2052 230 2084 hic
256 2053 354 2085 locus.
410 2054 477 2095 Ego
503 2064 574 2084 vero
604 2064 704 2095 neque
730 2054 843 2084 vellem

179 2101 257 2133 adeo
287 2101 378 2133 facile
413 2113 605 2144 expungere,
635 2113 736 2144 neque
773 2113 843 2133 curn

179 2151 290 2182 Burm.
317 2152 482 2192 corrigere,
507 2151 616 2182 Jumne
641 2163 746 2182 norum
773 2153 843 2182 mihi

178 2203 234 2232 dat
258 2212 314 2240 pro
341 2203 404 2231 lare
437 2213 522 2240 pirna
549 2201 669 2243 jhs-um.
728 2202 843 2232 Sensus

178 2251 261 2281 enim
286 2257 343 2282 est.
388 2252 460 2281 Jam
488 2261 584 2292 poena
610 2251 674 2281 sive
697 2250 841 2282 exsilium

179 2310 281 2331 nonne
312 2299 388 2330 mihi
418 2300 473 2331 dat
501 2300 646 2330 stabilem
676 2301 842 2341 quemdam

178 2350 282 2381 locum
306 2356 339 2380 et
359 2349 587 2381 habitationem
609 2360 664 2391 pro
687 2349 844 2380 domicilio

178 2398 350 2430 Romano?
395 2398 474 2434 Aut,
496 2399 521 2429 si
543 2399 730 2440 conjecturae
755 2399 844 2430 locus

178 2448 314 2485 dabitur,
339 2448 400 2490 legi
426 2449 553 2491 poterit.
588 2449 716 2489 Jamque
738 2450 842 2485 ulium,

180 2504 234 2528 aut
263 2498 332 2528 Jam
363 2501 501 2528 miserum
532 2499 612 2534 mihi,
642 2498 702 2529 ἃς.
741 2505 775 2529 ut
805 2498 844 2529 sit

179 2547 269 2588 quasi
312 2547 481 2590 explicatio
521 2558 625 2578 versus
666 2548 841 2589 superioris.

180 2596 327 2627 Huius.

221 2695 251 2723 4.
279 2694 432 2734 Modum]
465 2694 580 2729 Finem,
600 2702 631 2725 ut
646 2705 788 2725 morerer.

955 2007 985 2035 5.
1006 2004 1109 2035 Pudor
1127 2005 1208 2034 ullus
1221 2003 1364 2043 adesset-J
1390 2003 1499 2034 Inesset
1511 2004 1577 2046 ple-

912 2053 1012 2095 rique.
1058 2054 1177 2084 mes.

957 2105 988 2138 7,
1016 2104 1045 2133 8.
1081 2102 1217 2144 Impium
1247 2102 1305 2132 hoc
1332 2101 1488 2133 distichon
1515 2113 1576 2133 non

912 2162 1001 2193 aeque
1031 2152 1147 2194 placet,
1173 2162 1267 2193 quarn
1287 2151 1372 2182 fictio
1396 2150 1520 2193 poetica
1545 2158 1576 2182 et

912 2201 1071 2232 adlocutio
1088 2201 1128 2231 ad
1145 2201 1292 2237 natalem,
1305 2211 1398 2242 quem
1415 2208 1575 2242 tamquam

912 2251 1050 2281 Genium
1066 2257 1118 2281 aut
1132 2251 1288 2282 hominem
1303 2250 1435 2286 inducit,
1448 2256 1479 2281 et
1490 2261 1576 2281 acer-

912 2300 952 2330 ba
981 2300 1146 2342 brevisque
1174 2299 1372 2342 reprehensio
1397 2299 1576 2331 timidorum

912 2349 1093 2384 amicorum,
1120 2352 1197 2390 quod
1224 2351 1297 2379 idem
1320 2349 1426 2390 jecere
1454 2350 1576 2380 sodales.

913 2398 1060 2430 HAans.

957 2449 986 2478 7.
1014 2448 1135 2489 Quoque
1152 2450 1212 2479 Ioco
1225 2448 1387 2488 primurm]
1415 2448 1574 2485 Sulmone,

913 2508 1007 2539 quum
1035 2498 1166 2539 primum
1189 2504 1281 2528 natus
1304 2497 1358 2528 fui.
1404 2497 1475 2528 Sum
1501 2500 1576 2530 mole

1118 2548 1193 2577 Sum
1222 2546 1387 2577 infeliciter
1421 2548 1575 2588 cognitus,

913 2595 1002 2626 malis
1031 2602 1060 2626 et
1085 2596 1261 2627 infortuniis
1287 2595 1398 2628 exsilii.
1433 2596 1576 2626 Creditus

911 2645 990 2675 (ἵοιΙ.
1004 2647 1147 2675 Strozzae.

912 2548 1058 2587 cognitus.
