1760 3172
444 175 634 218 ARTIS
664 175 1023 217 AMATORIAE
1056 176 1177 219 LIB.
1210 177 1305 219 ΙΙΙ.
1523 180 1581 222 75

187 291 361 355 Nupta
382 293 538 339 virum
566 292 766 339 timeat:
806 298 913 339 rata
937 291 1001 338 sit
1025 292 1256 340 custodia
1280 301 1467 357 nuptae.

252 367 364 416 Hoc
389 369 560 418 decet:
600 370 694 417 hoc
719 369 856 432 leges
878 370 1066 433 jusque
1098 371 1359 434 pudorque
1380 373 1579 435 jubent.

184 444 256 493 Te
281 462 484 510 quoque
510 446 708 503 servari,
735 446 884 493 modo
911 462 1063 509 quam
1087 447 1309 494 vindicta
1332 449 1559 506 redemit,

251 523 376 578 Quis
401 524 555 572 ferat?
593 531 648 571 ut
672 524 830 581 fallas,
857 525 921 571 ad
942 540 1056 571 mea
1079 540 1222 572 sacra
1245 525 1374 573 veni.
1481 530 1577 574 616

187 601 282 649 Tot
304 602 422 650 licet
445 603 727 659 observent,
755 602 910 665 (adsit
933 602 1081 649 modo
1108 610 1245 649 certa
1267 602 1518 665 voluntas)

252 678 389 733 Quot
411 681 607 728 fuerant
630 680 766 743 Argo
791 680 994 736 lumina,
1022 680 1174 727 verba
1198 679 1360 726 dabis.

188 756 393 804 Scilicet
416 758 637 805 obstabit
662 765 848 814 custos,
876 774 938 804 ne
966 757 1184 804 scribere
1209 756 1389 820 possis,

254 833 522 882 Sumendae
547 835 693 882 detur
717 851 833 882 cum
857 834 948 882 tibi
974 841 1174 898 tempus
1201 834 1377 897 aquae?

1483 837 1581 882 620

187 910 404 959 Conscia
427 928 541 959 cum
566 913 726 977 possit
750 914 963 976 scriptas
989 920 1187 976 portare
1212 912 1442 968 tabellas,

251 987 388 1042 Quas
413 996 551 1052 tegat
575 990 624 1037 in
648 990 819 1054 tepido
844 989 1001 1036 fascia
1023 990 1125 1036 lata
1149 989 1295 1036 sinu?

187 1064 318 1112 Cum
342 1067 502 1129 possit
525 1067 642 1114 sura
669 1067 865 1114 chartas
892 1066 1056 1113 celare
1079 1066 1286 1128 ligatas;

252 1141 320 1190 Et
342 1143 506 1191 vincto
532 1144 742 1191 blandas
769 1144 862 1191 sub
888 1143 1017 1207 pede
1042 1142 1169 1190 ferre
1195 1142 1373 1189 notas?

187 1219 389 1268 Caverit
412 1221 519 1269 haec
545 1229 738 1270 custos:
774 1237 863 1286 pro
889 1222 1064 1268 charta
1091 1219 1294 1267 conscia
1318 1226 1514 1282 tergum

252 1297 511 1357 Praebeat3
552 1299 704 1362 inque
730 1315 821 1345 suo
848 1314 1054 1362 corpore
1078 1298 1231 1345 verba
1255 1296 1395 1344 ferat.

1483 1300 1579 1344 626

185 1372 316 1421 Tuta
339 1391 543 1439 quoque
569 1382 662 1432 est,
690 1376 917 1438 fallitque
942 1375 1112 1421 oculos
1138 1391 1165 1422 e
1190 1375 1320 1421 lacte
1346 1374 1534 1421 recenti

252 1450 445 1500 Litera:
486 1453 715 1501 carbonis
741 1452 943 1517 pulvere
969 1459 1147 1514 tange3
1187 1452 1343 1514 legeS.

227 1643 302 1674 613.
324 1643 405 1674 Rata
420 1646 458 1675 sit
474 1646 609 1675 custodia
624 1644 753 1685 numan]
781 1644 848 1674 Ha-

182 1693 279 1723 beant
302 1699 409 1735 nuptae
429 1694 484 1736 qui
511 1701 646 1731 servent,
669 1700 703 1725 et
728 1694 848 1724 aditum

183 1753 307 1774 omnem
329 1743 520 1775 amatoribus
541 1744 751 1786 praecludant,
774 1754 848 1774 con-

183 1791 262 1823 cedo
276 1792 441 1834 equidem;
465 1793 536 1835 quis
550 1804 623 1824 vero
640 1793 728 1829 ferat,
742 1798 773 1824 te
788 1804 848 1824 ser-

183 1843 261 1877 vari,
274 1852 370 1883 quam
382 1842 474 1873 modo
490 1842 609 1873 Praetor
624 1843 656 1874 in
670 1842 848 1873 libertatem

182 1890 373 1922 vindicavit'!
401 1892 523 1933 Vir-gam
543 1897 660 1928 autem,
675 1901 738 1933 qua
753 1891 847 1922 liber-

183 1945 247 1970 tate
270 1939 349 1970 servi
370 1940 580 1976 donabantur,
601 1942 766 1971 vindictam
783 1946 847 1970 tra-

183 1989 263 2020 dunt
271 1988 400 2030 quidam
414 1989 605 2032 adpellatam
617 1989 722 2026 fuisse,
736 2000 754 2020 a
766 1990 847 2020 Vin-

183 2037 276 2074 dicio,
300 2038 354 2079 qui
377 2048 485 2070 servus
510 2039 680 2069 Brutorum
703 2038 847 2080 conjura-

184 2087 301 2118 tionem
314 2088 473 2130 patefecit.
497 2088 566 2119 Liv.
582 2087 615 2119 ii.
627 2089 657 2124 4,
675 2090 706 2119 5.
729 2088 847 2119 AMAR.

184 2136 318 2167 Minime
333 2141 410 2178 puto
425 2137 476 2168 hic
490 2144 617 2177 nuptam
632 2136 748 2179 opponi
764 2137 847 2168 solu-

183 2190 222 2215 tae
238 2190 269 2215 et
286 2184 391 2216 liberae
404 2197 412 2224 ;
435 2185 490 2216 sed
509 2192 666 2216 matronas
681 2185 846 2222 libertinis,

184 2244 254 2275 quae
271 2244 332 2265 non
348 2235 443 2276 justis
466 2235 594 2277 nuptiis,
611 2235 665 2266 sed
685 2235 749 2266 fere
770 2246 845 2267 con-

184 2283 334 2314 cubinatu
371 2290 460 2315 erant
484 2284 616 2326 junctae‚
647 2295 704 2315 nec
735 2295 847 2316 nomen

185 2338 348 2372 nuptarum
373 2338 428 2364 aut
451 2340 660 2364 matronarum
684 2335 847 2365 mereban-

184 2387 251 2420 tur;
266 2381 400 2423 ideoque
415 2388 504 2413 extra
518 2393 647 2424 poenam
660 2383 737 2424 legis
748 2390 847 2414 erant.

184 2434 217 2460 et
231 2430 291 2461 hoc
307 2429 472 2472 sequentia
486 2430 599 2462 docent
614 2431 791 2462 manifeste:
816 2438 847 2464 et

185 2478 298 2509 Noster
313 2479 375 2510 fere
395 2489 517 2521 semper
537 2487 702 2520 nuptarum
722 2481 847 2513 nomine

184 2534 341 2559 matronas
369 2528 528 2570 intelligit.
555 2528 600 2560 sic
628 2529 684 2560 lib.
715 2529 748 2561 ii.
777 2531 847 2563 Art.

183 2577 259 2608 388.
291 2577 410 2609 Medic.
434 2579 507 2609 Fac.
533 2579 586 2609 26.
612 2584 643 2609 et
669 2579 762 2610 alibi:
788 2581 847 2612 fre-

184 2626 388 2668 quentissima
402 2627 498 2658 etiam
515 2627 680 2665 adulteria,
694 2627 720 2658 si
735 2629 779 2661 ita
794 2641 845 2661 vo-

183 2685 254 2706 care
276 2675 360 2711 licet,
382 2676 415 2706 in
437 2676 652 2708 libertinarum
676 2677 775 2710 classe
799 2690 846 2711 se-

183 2724 287 2756 cunda
308 2726 460 2757 committi
477 2726 575 2758 solere
591 2726 682 2759 docet
698 2728 847 2761 Horatius

915 1643 936 1674 i.
952 1643 1016 1673 Sat.
1033 1642 1065 1674 ii.
1081 1643 1133 1673 47.
1149 1647 1180 1673 et
1196 1641 1282 1673 alibi.
1298 1647 1330 1673 et
1344 1641 1394 1672 hae
1410 1647 1491 1678 sunt,
1508 1653 1579 1684 quze

914 1691 1000 1723 vittae
1012 1698 1044 1723 et
1057 1691 1143 1722 stolae
1157 1691 1271 1722 honore
1283 1691 1443 1728 carebant,
1457 1691 1495 1723 de
1510 1691 1581 1733 qui-

914 1743 972 1773 bus
989 1742 1081 1772 toties
1095 1742 1222 1772 Noster.
1268 1742 1386 1772 Bunm.

959 1792 1032 1822 615.
1060 1791 1099 1821 Te
1118 1802 1230 1831 <litoque
1249 1792 1375 1827 servari,
1391 1792 1475 1821 modo
1493 1803 1582 1831 quam

914 1842 1051 1871 vindicta
1063 1840 1216 1881 redemit]
1235 1839 1387 1882 Loquitur
1400 1840 1439 1870 de
1454 1839 1582 1872 muliere

915 1890 1120 1922 manumissa.
1167 1890 1260 1922 Cior.

964 1940 1131 1980 Vindicta]
1158 1939 1304 1971 Praetoris
1319 1940 1417 1981 virga,
1433 1950 1504 1980 quae
1521 1939 1585 1970 alio

916 1991 1169 2032 nominefestuca
1191 1989 1318 2021 dicitur.
1364 1989 1449 2020 Vide
1466 1990 1584 2020 Obser-

916 2039 1058 2070 vationes
1073 2039 1105 2069 in
1120 2039 1176 2070 lib.
1193 2038 1235 2069 vi.
1251 2039 1337 2069 Fast.
1383 2038 1477 2069 C1or.

959 2090 1033 2120 616.
1054 2089 1187 2129 Fallas.]
1207 2088 1245 2118 Id
1260 2094 1306 2119 est
1318 2088 1429 2119 lateas.
1450 2088 1583 2119 Dor'ZA.

959 2139 1033 2170 622.
1057 2138 1097 2169 In
1125 2140 1221 2169 medio
1246 2138 1352 2178 fascia
1381 2138 1446 2168 lata
1480 2138 1578 2178 sinin]

917 2187 1025 2218 Fascia
1050 2189 1139 2228 longa
1165 2185 1332 2217 Politiani:
1359 2186 1420 2217 huc
1448 2187 1583 2228 pertinet

914 2236 1046 2279 Turpilii
1065 2236 1154 2267 locus
1177 2235 1261 2277 apud
1283 2235 1423 2266 Nonium
1444 2235 1476 2265 in
1497 2236 1582 2266 Stro-

911 2287 1026 2326 phium.
1052 2286 1103 2315 Me
1118 2287 1266 2321 miseram,
1282 2286 1354 2325 quid
1370 2286 1477 2325 agam?
1500 2286 1582 2316 inter

915 2336 979 2365 vias
997 2335 1120 2375 epistola
1136 2335 1246 2364 eicidit
1266 2334 1350 2364 mihi.
1374 2334 1482 2375 infelix
1502 2335 1583 2365 inter
1644 2371 1655 2373 ‚

916 2386 1049 2414 iunicum
1080 2395 1115 2414 ac
1152 2383 1319 2422 strophium
1355 2383 1584 2415 collocaveram·

915 2433 1032 2463 Bunn.

958 2482 1033 2512 623.
1057 2481 1142 2512 Soled
1170 2482 1291 2511 chartus
1316 2481 1413 2510 celare
1439 2481 1578 2523 ligatas]

915 2531 995 2561 Sunt
1017 2531 1112 2562 editio
1133 2530 1234 2572 prima
1254 2536 1284 2561 et
1306 2528 1412 2570 scripti
1431 2536 1580 2571 praestan-

915 2581 1007 2611 tiores
1021 2591 1135 2621 magno
1149 2589 1288 2610 numero.
1305 2583 1400 2609 recte.
1421 2578 1482 2610 nisi
1497 2581 1581 2621 quod

915 2629 1034 2660 malim.
1048 2629 1120 2659 ειη-ά
1138 2628 1245 2670 ligant.
1269 2628 1313 2658 sic
1336 2628 1467 2658 vinctum
1477 2632 1582 2668 pedem.

915 2690 987 2709 mox
1014 2678 1108 2709 dicet.
1132 2677 1229 2708 fascia
1251 2676 1336 2708 enim
1357 2687 1437 2708 surae
1461 2679 1581 2722 obliga-

915 2730 1039 2760 bantur.
1084 2727 1205 2759 mes.
