1760 3172
380 174 471 216 EX
504 173 716 216 PONTO
752 172 868 214 LIB.
904 173 968 214 II.
1003 173 1192 215 EPIST.
1226 174 1333 215 VII.
1462 176 1546 217 423

167 288 258 336 Est
282 289 350 335 illi
376 305 505 337 curae
532 305 610 336 me
635 288 859 352 perdere,
888 303 1102 351 quaeque
1128 289 1319 336 solebat

233 365 358 413 Esse
383 366 520 423 levis,
548 372 781 413 constans
807 372 858 413 et
880 366 1008 414 bene
1033 372 1170 412 certa
1195 374 1356 414 nocet.

167 443 331 490 Crede
355 443 490 499 mihi,
519 442 559 489 si
584 458 693 490 sum
718 442 819 489 veri
843 441 932 489 tibi
958 442 1188 505 cognitus
1214 443 1328 499 oris,

233 519 281 566 N
285 536 341 567 ec
366 520 498 567 fraus
523 520 571 566 in
598 520 778 567 nostris
803 519 1001 567 casibus
1028 536 1137 567 esse
1164 527 1356 584 potest3

168 596 431 661 Cinyphiae
457 597 642 659 segetis
668 597 815 644 citius
841 597 1125 656 numerabis
1147 597 1341 654 aristaS,
1487 600 1548 644 25

232 673 450 738 Altaque
475 690 626 738 quam
647 674 814 721 multis
840 675 1013 722 floreat
1038 673 1209 737 Hybla
1232 674 1435 738 thymis,

170 750 235 798 Et
258 758 381 814 quot
405 767 519 799 aves
545 752 690 798 motis
716 751 937 798 nitantur
962 751 1012 797 in
1038 765 1152 798 aera
1176 750 1371 813 pennis,

234 827 469 891 Quotque
493 834 666 876 natent
689 827 853 891 pisces
879 843 1094 890 aequore,
1122 834 1288 875 certus
1314 827 1428 883 eris,

169 904 332 960 Quam
356 905 447 953 tibi
473 912 751 953 nostrorum
777 910 1025 952 statuatur
1049 920 1244 952 summa
1262 905 1504 961 laborum,

234 982 372 1037 Quos
397 999 489 1045 ego
514 998 624 1029 sum
649 989 793 1040 terra,
822 998 949 1046 quos
975 998 1068 1045 ego
1094 999 1271 1046 passus
1298 998 1443 1045 aqua.
1490 986 1553 1029 30

170 1058 322 1107 Nulla
348 1060 491 1108 Getis
519 1067 623 1108 toto
650 1076 772 1123 gens
797 1066 875 1108 est
897 1059 1222 1106 truculentior
1246 1060 1395 1107 orbe:

237 1137 338 1185 Sed
364 1145 532 1186 tamen
557 1138 606 1185 hi
626 1138 808 1185 nostris
833 1137 1121 1200 ingemuere
1145 1137 1307 1184 malis.

169 1213 293 1269 Quae
318 1215 407 1263 tibi
429 1217 470 1263 si
495 1215 700 1264 memori
726 1232 874 1264 coner
898 1215 1206 1280 perscribere
1231 1231 1393 1270 versu,

237 1291 354 1340 Ilias
380 1300 457 1340 est
479 1292 592 1340 fatis
617 1293 765 1355 longa
788 1292 951 1341 futura
975 1292 1116 1341 meis.

171 1367 286 1416 Non
305 1369 453 1432 igitur
470 1386 656 1426 vereor,
674 1370 808 1433 quod
831 1377 878 1417 te
897 1386 1004 1417 rear
1025 1385 1136 1418 esse
1151 1370 1438 1425 verendum,
1490 1372 1552 1416 35

237 1446 395 1510 Cujus
421 1463 557 1495 amor
581 1446 724 1494 nobis
748 1445 957 1511 pignora
980 1447 1114 1494 mille
1140 1447 1307 1504 dedit3

172 1523 274 1570 Sed
299 1523 417 1586 quia
438 1540 516 1572 res
534 1524 710 1571 timida
730 1531 806 1572 est
824 1524 983 1572 omnis
1008 1524 1173 1581 miser,
1197 1531 1248 1572 et
1275 1524 1393 1587 quia
1410 1524 1556 1586 longo

238 1600 483 1665 Tempore
506 1601 690 1648 laetitiae
711 1602 866 1664 janua
890 1602 1059 1649 clausa
1084 1618 1208 1656 meae
1234 1608 1326 1649 est.

171 1676 201 1723 J
207 1693 286 1725 am
310 1678 450 1726 dolor
475 1679 524 1725 in
548 1695 736 1726 morem
758 1679 893 1726 venit
916 1695 1057 1726 meus
1077 1696 1095 1734 :>¹
1114 1685 1273 1742 utque
1297 1677 1500 1726 caducis

241 1755 491 1803 Percussu
515 1756 688 1803 crebro
714 1771 837 1803 saxa
861 1763 1096 1803 cavantur
1122 1756 1293 1820 aquis;
1493 1757 1557 1800 40

176 1831 260 1880 Sic
286 1849 378 1896 ego
403 1834 636 1882 continuo
661 1833 869 1881 fortunae
893 1833 1120 1880 vulneror
1145 1832 1275 1890 ictu;

238 1910 439 1974 Vixque
464 1911 615 1959 habet
639 1911 689 1958 in
709 1911 852 1958 nobis
872 1913 976 1975 jam
1002 1927 1127 1958 nova
1149 1911 1299 1974 plaga
1323 1910 1504 1957 locum.

175 1987 285 2036 Nec
308 1989 466 2053 magis
492 1990 700 2037 adsiduo
724 2006 893 2037 vomer
917 1995 1150 2036 tenuatur
1175 1989 1236 2035 ab
1263 2004 1374 2042 usu,

242 2065 352 2114 Nec
377 2068 535 2130 magis
560 2075 638 2115 est
662 2068 823 2115 curvis
850 2066 1016 2131 Appia
1040 2065 1157 2113 trita
1180 2063 1316 2120 rotis,

219 2290 271 2320 22.
298 2289 443 2321 Constans
467 2297 496 2322 et
520 2293 589 2322 bene
615 2298 697 2322 certa
719 2290 834 2331 nocet-J
901 2288 1048 2320 frumenti
1064 2287 1196 2330 copiam,
1213 2286 1354 2317 horreum
1371 2285 1429 2316 fuit
1443 2284 1560 2314 Roma-

176 2339 270 2369 Nunc
290 2349 352 2370 non
375 2345 422 2371 est
443 2340 577 2382 amplius
596 2339 767 2377 mutabilis,
783 2345 837 2371 aut
903 2349 1025 2369 norum.

175 2388 253 2419 levis
267 2388 400 2425 fortuna,
415 2388 472 2421 sed
492 2395 636 2421 constans
651 2395 682 2421 et
700 2389 788 2420 firma
803 2388 835 2419 in
946 2388 999 2418 33.
1014 2386 1202 2417 Persei-ibere
1223 2382 1337 2423 versu]
1367 2382 1562 2423 Destringere

178 2437 319 2469 nocendo
333 2437 421 2469 mihi.
902 2436 1151 2470 Twisdenianus‚
1168 2444 1221 2476 pro
1239 2432 1368 2463 strictim
1383 2440 1542 2462 recensere
1554 2442 1563 2469 3

219 2488 274 2518 25.
301 2487 455 2528 Cinyphiae
475 2488 606 2530 segetis]
629 2487 748 2530 Cinyps
777 2487 834 2518 flu·
902 2487 1076 2527 eleganter.
1110 2484 1223 2515 Glossa
1247 2482 1324 2524 ejus,
1346 2481 1378 2511 id
1393 2486 1450 2517 est,
1464 2482 1561 2519 effpri-

179 2536 246 2567 vius
273 2541 320 2567 est
349 2537 593 2577 Garamantum3
615 2537 704 2568 Mela
729 2535 834 2567 scribit
905 2546 981 2566 mere
995 2541 1023 2566 et
1039 2544 1178 2565 narrare.
1216 2533 1334 2563 HmNs.

178 2585 309 2616 fluvium
333 2597 400 2618 esse
421 2587 454 2618 in
476 2587 587 2629 Libya,
608 2598 664 2629 per
682 2585 838 2617 uberrima
948 2585 1000 2615 34.
1016 2584 1122 2625 Longa
1139 2581 1240 2621 Ilias]
1268 2581 1412 2620 Longum
1427 2587 1515 2619 opus,
1529 2579 1564 2608 ut

179 2646 253 2666 arva
277 2636 451 2673 cadentem,
475 2648 494 2668 a
515 2648 577 2679 quo
598 2635 763 2678 Cinyphiae
789 2645 835 2666 se·
905 2638 953 2664 est
968 2632 1094 2663 Homeri
1106 2630 1181 2661 Ilias
1197 2630 1235 2660 de
1250 2628 1333 2660 bello
1347 2627 1491 2679 Trojano.

179 2690 266 2725 getes
293 2685 491 2727 adpellantur
515 2697 534 2717 a
557 2687 666 2729 poetis,
694 2685 752 2715 hoc
781 2690 838 2719 est,
949 2683 1001 2712 44.
1017 2680 1141 2720 Appiam]
1165 2679 1226 2710 Via
1244 2677 1300 2708 illa
1316 2677 1355 2707 ab
1371 2676 1476 2717 Appio
1491 2684 1563 2705 cen-

180 2733 304 2775 Libycae
319 2745 328 2772 3
357 2735 457 2777 Libya
489 2735 573 2766 enim
603 2736 642 2766 ob
671 2734 839 2765 maximam
907 2742 973 2762 sore
989 2734 1086 2762 strata
1102 2735 1134 2760 et
1149 2726 1376 2770 cognominata.

1038 2779 1064 2809 E
1078 2790 1096 2809 E
1112 2780 1131 2808 4
