1760 3172
549 175 847 218 REMEDIA
878 176 1139 219 AMORIS.

1457 181 1543 223 109

149 288 334 338 Hortor
357 299 423 348 et,
450 299 506 339 ut
530 292 716 356 pariter
741 292 882 339 binas
908 292 1136 340 habeatis
1162 294 1364 342 amicas.

214 367 408 416 Fortior
432 377 524 425 est,
547 370 714 434 plures
741 370 782 416 si
807 369 920 432 quis
946 370 1131 417 habere
1152 377 1336 434 potest.

147 444 300 493 Secta
319 446 554 510 bipartito
575 464 689 494 cum
714 464 855 495 mens
881 447 1114 494 discurrit
1138 454 1379 510 utroque:

208 521 427 570 Alterius
451 525 580 572 vires
605 524 855 571 subtrahit
879 524 1004 571 alter
1029 540 1182 570 amor.

145 599 365 667 Grandia
390 617 478 664 per
502 602 684 648 multos
709 608 977 649 tenuantur
1002 601 1208 649 flumina
1234 601 1378 658 rivos,
1439 607 1537 651 445

210 677 471 742 Cassaque
496 679 704 726 seducto
731 678 900 741 stipite
926 678 1128 725 flamma
1152 679 1299 742 perit.

142 754 189 800 N
194 771 256 801 on
283 755 402 803 satis
427 772 527 803 una
549 762 688 803 tenet
712 764 905 803 ceratas
933 757 1152 803 anchora
1176 773 1398 820 puppes:

208 831 325 879 Non
350 833 469 882 satis
495 841 572 882 est
590 834 794 897 liquidis
819 834 995 881 unicus
1022 835 1199 881 hamus
1226 834 1388 897 aquis.

123 908 239 963 ,Qui
265 910 358 958 sibi
379 912 483 974 jam
508 911 702 975 pridem
728 911 905 958 solatia
929 911 1048 958 bina
1074 911 1288 975 paravit;

202 986 234 1032 J
238 1003 318 1035 am
342 988 535 1052 pridem
561 989 756 1041 summa
782 988 938 1036 victor
962 988 1012 1035 in
1037 1005 1151 1037 arce
1177 989 1285 1036 fuit.
1434 992 1533 1037 400

1473 993 1495 1015 f.

136 1064 205 1113 At
229 1066 336 1122 tibi,
365 1066 451 1130 qui
475 1066 688 1114 dominae
713 1065 864 1113 fueris
891 1067 1020 1113 male
1046 1066 1267 1114 creditus
1295 1066 1396 1122 uni,

203 1143 352 1192 Nunc
378 1145 558 1193 saltem
582 1160 739 1191 novus
766 1150 844 1191 est
868 1143 1195 1192 inveniendus
1222 1160 1375 1192 amor.

138 1221 413 1286 Pasiphaes
439 1222 608 1270 Minos
633 1223 683 1269 in
708 1222 948 1270 Procride
974 1223 1194 1286 prodidit
1215 1223 1385 1285 ignes:

178 1313 182 1316 ’
204 1299 375 1348 Cessit
398 1300 460 1347 ab
487 1299 626 1347 Idaea
648 1301 863 1362 conjuge
888 1300 1021 1347 victa
1045 1300 1196 1364 prior.

136 1375 455 1440 Amphilochi
476 1376 628 1425 frater
647 1392 709 1423 ne
729 1376 959 1438 Phegida
979 1393 1177 1441 semper
1196 1384 1404 1434 amaret,
1431 1381 1531 1425 455

206 1454 456 1502 Callirhoe
474 1454 594 1503 fecit
618 1461 761 1519 parte
786 1461 991 1519 recepta
1015 1456 1127 1504 tori.

179 1599 253 1630 446.
277 1599 420 1641 Sectaque
437 1601 580 1631 subducto
600 1601 799 1642 stipiteflam-

134 1661 181 1680 ma
190 1649 296 1690 perit]
321 1650 373 1681 Ita
387 1650 489 1681 Jureti
503 1650 613 1681 codex.
628 1650 711 1692 quod
728 1649 799 1681 ferri

134 1711 195 1731 non
211 1705 324 1742 potest,
337 1711 407 1731 cum
422 1710 493 1730 mox
509 1701 714 1742 praecesserit.
738 1699 799 1730 Po-

132 1749 244 1786 litiani,
258 1750 408 1790 Loetaque.
424 1749 555 1791 Regius,
568 1750 724 1790 Hcrsaque,
737 1750 797 1786 vel,

135 1800 290 1841 Cassaque.
314 1800 398 1842 quod
409 1805 601 1841 postremum
617 1799 798 1842 amplector.

131 1849 236 1886 Silius,
251 1849 307 1880 lib.
321 1861 352 1880 v.
368 1850 443 1880 571.

303 1898 425 1939 δΐίριιίά
435 1899 601 1938 crepitabat
616 1899 703 1928 inani

174 1947 261 1990 Ignis
275 1949 367 1984 iners,
383 1958 550 1988 cassamque
563 1948 655 1978 dabat
669 1949 732 1978 sine
746 1959 794 1978 ro-

258 1998 500 2040 boreflammam.
675 1997 795 2028 mes.

173 2047 248 2078 453.
279 2047 319 2078 In
344 2047 498 2090 Prognide
520 2049 654 2087 perdidit
677 2047 791 2088 ignes]

130 2096 182 2128 Ne
196 2096 308 2128 dubita
323 2096 400 2138 quin
422 2097 567 2127 Procride
593 2096 632 2127 sit
656 2096 794 2128 scriben-

131 2145 217 2177 dum.
275 2146 367 2177 Hanc
401 2144 485 2176 enim
523 2145 641 2176 amavit
676 2146 794 2177 Minos.

130 2195 240 2227 Obiter
262 2206 328 2227 rem
355 2201 488 2237 tangunt
517 2195 673 2227 Antonius
701 2195 794 2227 Libe-

129 2245 202 2277 ralis
224 2246 282 2276 sub
305 2245 399 2276 finem
421 2245 732 2287 Metamorphoseon,
748 2246 794 2276 A-

128 2294 307 2336 pollodorus
330 2294 363 2325 in
382 2294 591 2331 Bibliotheca,
608 2300 641 2326 et
666 2295 794 2327 Tzetzes

131 2343 268 2376 Chiliad.
283 2344 304 2375 i.
319 2345 397 2376 Fab.
411 2355 464 2375 xx.
503 2344 596 2376 Certe
611 2345 793 2376 Procridem

129 2393 171 2424 ad
185 2394 326 2426 Minoem
342 2394 458 2436 fugisse
482 2394 514 2425 in
537 2395 663 2426 Cretam
687 2395 793 2437 plures

127 2449 291 2481 testantur,
311 2455 447 2486 eumque
470 2455 508 2475 ex
526 2445 630 2476 ulcere
646 2445 793 2477 laboran-

127 2497 192 2523 tem
220 2504 357 2530 sanasse,
382 2504 460 2536 quos
482 2493 564 2525 inter
587 2494 733 2536 Hyginus
759 2495 792 2527 in

128 2541 253 2583 poe'tico
275 2542 503 2579 Astronomico,
521 2549 553 2574 et
575 2543 790 2586 Palaephatus.

125 2589 147 2621 i.
171 2592 246 2632 περὶ
269 2591 393 2633 μυθῶν,
413 2597 526 2633 praeter
551 2597 693 2624 auctores
718 2599 791 2625 ante

126 2639 282 2671 laudatos.
327 2641 447 2672 Hms.

173 2689 248 2720 454.
280 2690 326 2720 Ab
351 2688 462 2731 Ιᾱιεᾶ.]
490 2689 618 2721 Plotida
642 2689 792 2732 intelligit

130 2738 267 2776 Merula,
283 2750 353 2781 quae
373 2739 543 2776 Cretensis,
559 2739 598 2770 ab
613 2739 671 2771 Ida
686 2747 792 2772 monte

869 1600 950 1632 Idam
968 1601 1064 1632 dicta.
1088 1601 1141 1632 sed
1159 1601 1274 1632 rectius
1294 1600 1477 1632 Parrhasius
1494 1600 1533 1632 ad

868 1650 1039 1682 Claudiani
1060 1651 1082 1682 i.
1106 1651 1145 1682 de
1170 1651 1268 1693 Rapt.
1289 1652 1431 1692 Proserp.
1455 1662 1535 1682 vers,

870 1701 942 1731 199.
959 1701 999 1731 de
1020 1700 1189 1743 Cleopatra
1213 1700 1309 1742 capit,
1325 1711 1421 1742 quam
1443 1700 1534 1731 duxit

866 1749 951 1791 prius
961 1749 1172 1786 Phineus,sed
1181 1750 1217 1780 eii
1228 1749 1392 1791 repudiata
1402 1749 1533 1785 Idaeam,

866 1798 1008 1829 Dardani
1032 1799 1168 1840 Scythiae
1196 1799 1276 1840 regis
1298 1798 1406 1835 filiam,
1431 1798 1533 1829 duxit.

864 1847 984 1879 Idaeam
994 1848 1075 1880 hanc
1086 1849 1267 1891 Schyticam
1280 1848 1432 1879 Pellicem
1440 1854 1533 1879 vocat

863 1898 1052 1929 Scholiastes
1079 1898 1236 1941 Apollonii
1262 1898 1302 1929 ad
1328 1898 1383 1929 lib.
1404 1898 1437 1928 ii.
1452 1908 1532 1929 vers.

865 1949 937 1979 140.
947 1960 983 1980 ex
997 1949 1060 1990 qua
1068 1949 1215 1990 Thynum
1229 1954 1260 1979 et
1272 1947 1531 1989 Maryandynum

862 2000 999 2042 suscepit
1017 1999 1169 2030 Phineus.
1218 1999 1336 2029 Burin.

905 2050 980 2081 455.
1005 2050 1193 2089 Amphilochi
1208 2049 1328 2091 frater,
1350 2048 1426 2089 &c.]
1453 2048 1531 2079 Alc-

863 2109 1014 2130 maeonem
1035 2099 1173 2141 profecto
1195 2098 1355 2139 intelligit,
1372 2098 1436 2139 qui,
1459 2108 1530 2128 cum

863 2147 967 2179 occisa
983 2154 1081 2179 matre
1091 2147 1177 2189 Argo
1189 2147 1312 2188 fugiens
1327 2147 1530 2188 Psophidem,

863 2202 938 2228 tunc
963 2197 1116 2239 Phegiam
1137 2207 1155 2227 a
1176 2197 1302 2238 Phegeo
1325 2196 1454 2233 dictam,
1476 2207 1530 2227 ve-

863 2246 970 2283 nisset,
981 2246 1217 2288 Alphesibaeam
1230 2246 1348 2287 Phegei
1359 2245 1456 2276 filiam
1472 2258 1530 2277 ux-

862 2307 946 2328 orem
962 2297 1069 2327 duxit:
1095 2295 1145 2327 cui
1160 2296 1240 2326 inter
1256 2301 1362 2326 cetera
1373 2301 1404 2326 et
1419 2295 1527 2326 matris

861 2346 976 2377 monile
998 2347 1080 2377 dono
1102 2345 1202 2376 dedit.
1226 2353 1338 2386 postea
1361 2356 1433 2376 cum
1454 2345 1528 2377 hinc

861 2395 967 2431 etiam,
982 2395 1098 2437 quippe
1114 2393 1167 2425 ubi
1187 2393 1234 2424 illi
1249 2393 1281 2424 in
1297 2393 1363 2424 dies
1377 2404 1527 2434 augesce-

859 2450 907 2476 ret
922 2445 1025 2487 potius
1041 2455 1135 2486 quam
1156 2444 1347 2474 minueretur
1363 2443 1454 2480 furor,
1471 2455 1526 2476 au-

860 2495 1003 2536 fugisset,
1024 2494 1166 2525 consulto
1191 2492 1349 2534 Delphico
1375 2492 1526 2531 Oraculo,

858 2544 891 2575 in
912 2554 981 2575 eam
1003 2542 1161 2585 regionem
1175 2541 1271 2577 venit,
1289 2541 1350 2582 qua
1367 2541 1526 2574 Achelous

860 2594 892 2624 in
905 2604 989 2624 mare
1006 2592 1166 2634 irrumpit:
1192 2591 1242 2621 hic
1259 2596 1290 2622 et
1306 2590 1447 2621 consedit
1458 2592 1524 2629 ille,

859 2648 891 2674 et
910 2641 1107 2674 Callirrhoen
1123 2639 1255 2671 Acheloi
1276 2639 1374 2669 filiam
1396 2651 1524 2673 uxorem

858 2690 980 2727 habuit,
994 2694 1032 2721 ex
1049 2690 1111 2731 qua
1127 2688 1354 2731 Amphoterum
1377 2694 1409 2719 et
1423 2689 1524 2721 Acar-

859 2750 973 2772 nanem
985 2739 1064 2771 filios
1077 2737 1198 2780 genuit.
1234 2737 1316 2769 Cum
1329 2746 1401 2768 vero
1414 2738 1527 2770 mulie-
