1760 3172
345 207 436 248 EX
469 207 681 249 PONTO
716 207 835 248 LIB.
868 207 951 248 IV.
985 206 1176 248 EPIST.
1209 206 1264 246 V.

1406 205 1489 245 491

113 321 288 385 Egeris
312 328 364 369 et
387 322 588 369 meritas
616 322 820 386 Superis
844 339 957 369 cum
985 322 1182 371 Caesare
1204 330 1384 386 grates,

179 398 277 453 Qui
301 415 522 454 causam,
548 398 701 446 facias
727 415 814 463 cur
834 399 902 446 ita
927 416 1076 463 saepe,
1103 401 1269 448 dabit:

1427 406 1493 447 40

113 475 236 523 Inde
261 476 463 523 domum
487 483 684 539 repetes
709 483 812 523 toto
838 475 1105 523 comitante
1131 484 1321 533 senatu,

179 552 412 600 Officium
436 553 605 616 populi
630 553 713 599 vix
735 553 963 616 capiente
989 554 1151 600 domo.

113 628 200 677 Me
221 629 473 685 miserum,
491 630 638 676 turba
662 629 797 692 quod
823 646 919 677 non
945 647 1037 693 ego
1063 647 1235 679 cernor
1259 633 1308 680 in
1334 634 1443 681 illa!

179 706 289 754 Nec
313 713 547 770 poterunt
570 705 678 753 istis
703 707 890 753 lumina
914 714 1081 755 nostra
1104 708 1224 755 frui!

111 783 400 839 Quamlibet
424 785 698 841 absentem,
723 801 823 847 qua
846 802 1066 848 possum,
1098 794 1262 834 mente
1281 787 1459 835 videbo

176 861 440 925 Adspiciet
463 862 627 909 vultus
653 861 869 908 consulis
895 862 979 909 illa
1004 862 1095 909 sui.
1428 868 1491 912 46

114 937 177 984 Di
202 938 403 996 saciant,
433 937 600 1001 aliquo
626 939 803 985 subeat
825 939 915 986 tibi
940 945 1163 1003 ternpore
1188 947 1409 989 nostrum

179 1014 376 1063 Nomen
393 1015 499 1076 ;⁵et,
525 1015 649 1062 heu!
677 1015 831 1071 dicas,
859 1015 981 1079 quid
1005 1017 1154 1065 miser
1177 1017 1259 1066 ille
1284 1019 1436 1066 facit?

112 1092 235 1140 Haec
260 1099 347 1141 tua
371 1093 630 1157 pertulerit
650 1093 695 1158 ,si
721 1093 833 1156 quis
858 1094 977 1140 mihi
1001 1096 1166 1151 verba,
1193 1095 1384 1145 fatebor

178 1169 411 1218 Protinus
437 1170 667 1218 exsilium
692 1170 888 1217 mollius
912 1186 1023 1219 esse
1048 1188 1230 1220 meum.
1433 1179 1495 1222 50

536 1420 578 1468 E
594 1421 636 1468 P
654 1421 676 1468 Ι
696 1421 729 1468 S
747 1421 787 1468 T
806 1422 849 1469 O
868 1421 961 1470 LA
1006 1423 1066 1471 V.

376 1546 421 1587 S.
455 1544 743 1586 POMPEIO
774 1545 899 1588 JAM
932 1546 1226 1590 CONSULI.

114 1650 226 1706 ΙΤΕ,
254 1650 386 1697 leves
412 1647 557 1711 elegi,
581 1647 754 1695 doctas
781 1648 843 1695 ad
869 1649 1085 1697 consulis
1112 1667 1270 1706 aures,

179 1727 444 1789 Verbaque
469 1725 706 1772 honorato
731 1725 853 1773 ferte
877 1726 1089 1788 legenda
1112 1727 1232 1774 viro.

116 1804 287 1866 Longa
308 1803 388 1850 via
411 1809 514 1858 est3
551 1818 643 1850 nec
666 1818 751 1849 vos
777 1803 989 1866 pedibus
1015 1805 1282 1867 proceditis
1308 1808 1493 1870 aequis3

180 1881 437 1943 Tectaque
460 1878 670 1926 brumali
695 1879 787 1926 sub
814 1879 923 1926 nive
948 1886 1079 1927 terra
1102 1882 1240 1929 latet.
1465 1889 1494 1932 4

115 1959 283 2014 Quum
307 1957 524 2020 gelidam
549 1956 793 2013 Thracen,
821 1964 873 2004 et
895 1965 1123 2021 opertum
1144 1960 1359 2008 nubibus
1381 1961 1495 2009 Hae—

182 2036 249 2085 Et
271 2034 421 2083 maris
446 2033 574 2082 Ionii
598 2035 888 2083 transieritis
914 2051 1099 2100 aquas;

159 2170 304 2210 Prospera
321 2170 371 2200 lux
392 2170 502 2204 oritur,
516 2170 629 2210 linguis
647 2170 770 2200 animis-

240 2230 297 2261 que
301 2218 427 2261 favete.-

202 2269 295 2300 Nunc
304 2270 431 2299 dicenda
443 2269 513 2298 bono
522 2275 593 2299 sunt
603 2269 675 2298 bona
686 2268 773 2298 verba

243 2320 305 2349 die.

159 2368 211 2398 40.
230 2367 292 2402 Qui
312 2368 395 2398 dabit
415 2366 561 2406 causam]
585 2366 647 2402 Qui
667 2365 773 2396 Caesar

115 2417 267 2460 praebebit
279 2417 453 2448 materiam.
491 2416 556 2446 Cur
570 2417 615 2446 ita
636 2414 772 2456 saepefa-

115 2469 186 2498 cias.
211 2466 275 2497 Cur
288 2466 334 2497 ita
347 2476 431 2508 saepe
445 2464 561 2507 gratias
575 2474 660 2505 agas.
693 2464 772 2493 Cau-

115 2526 177 2546 sam
201 2516 296 2546 dabit.
337 2515 463 2546 Dabunt
485 2520 546 2545 tres
567 2512 672 2555 scripti
685 2524 694 2551 ;
717 2512 773 2543 sed

116 2564 229 2595 rectius
241 2575 369 2595 causam
384 2563 501 2606 gratias
515 2563 575 2594 Dis
590 2562 702 2604 agendi
718 2561 772 2593 uni

117 2614 234 2645 Caesari
248 2613 459 2656 imputaverit.
494 2613 610 2644 Herus.

164 2713 257 2744 1-3.
279 2713 370 2744 Leves
396 2712 500 2754 elegi]
529 2711 613 2750 Quia
636 2710 716 2751 elegi
744 2710 775 2740 in

117 2762 210 2792 rebus
234 2761 410 2798 levioribus,
433 2761 589 2803 praecipue
620 2759 776 2790 amatoriis

1342 2039 1495 2100 [mon,

839 2169 1078 2200 adhibebantur.
1114 2170 1224 2200 Horat.
1239 2169 1263 2200 i.
1280 2170 1342 2201 Od.
1354 2171 1409 2201 33.
1425 2173 1456 2207 2,
1468 2173 1499 2202 3.

840 2224 930 2249 vocat
944 2220 1124 2249 miserabiles
1138 2220 1242 2260 elegos,
1254 2219 1308 2249 ubi
1319 2224 1382 2250 vet.
1396 2220 1500 2251 Schol.

841 2268 948 2309 Elegos
965 2268 1054 2308 παρὰ
1074 2269 1132 2299 τοῦ
1148 2268 1173 2303 ἓ,
1192 2268 1216 2304 ἓ,
1236 2279 1298 2308 quae
1317 2279 1370 2299 vox
1389 2276 1429 2299 est
1454 2271 1497 2300 la-

840 2319 1050 2348 mentantium.
1088 2317 1236 2348 HARLES.

883 2367 915 2396 4.
940 2366 1063 2406 Ter-rm]
1090 2366 1149 2397 Per
1173 2376 1267 2407 quam
1292 2367 1426 2397 ostendit
1448 2367 1498 2397 iti-

840 2415 920 2445 neris
945 2425 1089 2456 magnam
1113 2414 1349 2446 difficultatem:
1375 2421 1407 2446 et
1430 2416 1500 2448 ideo

840 2463 919 2494 dixit
939 2470 1041 2506 poeta,
1067 2464 1124 2500 Ite,
1148 2466 1220 2495 leves
1243 2466 1336 2506 elegi:
1358 2465 1417 2496 hoc
1440 2472 1498 2503 est,

840 2513 968 2544 celeres.

882 2564 913 2593 5.
939 2562 1008 2596 Qua
1027 2564 1159 2604 gelidam
1177 2562 1340 2603 Thrac-em]
1366 2563 1499 2594 Thracia

841 2611 924 2653 regio
947 2617 994 2642 est
1015 2612 1187 2642 secundum
1211 2611 1335 2642 Indiam
1361 2612 1498 2643 omnium

843 2661 990 2692 maxima.
1037 2662 1077 2691 Et
1102 2661 1177 2703 quia
1197 2661 1407 2703 septemtrioni
1429 2673 1499 2704 pro-

842 2709 926 2741 xima
952 2716 1008 2747 est,
1030 2710 1100 2741 ideo
1125 2716 1216 2752 poeta
1233 2712 1364 2751 gelidam
1389 2711 1496 2752 adpel-

842 2760 897 2790 lat.
951 2759 991 2789 Et
1022 2766 1153 2799 opertum
1192 2761 1318 2790 ¹nubibus
1348 2760 1397 2790 Ha
1406 2772 1497 2790 mum.
