1760 3172
198 194 284 236 180

591 192 643 234 Ρ.
676 192 890 236 OVIDII
924 191 1207 236 NASONIS

204 308 420 371 Quaque
445 315 619 356 tenent
644 308 793 355 Ponti
821 308 1070 372 Byzantia
1093 308 1241 356 litora
1263 307 1463 357 fauces:

270 385 366 433 Hic
391 386 530 433 locus
555 392 634 433 est
657 385 841 448 gemini
862 386 1017 448 Janua
1038 391 1182 432 vasta
1204 385 1370 432 maris.

205 461 344 518 Haec,
361 478 552 527 precor,
570 462 779 518 evincat,
796 461 1135 526 propulsaque
1151 462 1386 509 flantibus
1397 461 1596 509 Austris

267 539 511 588 Transeat
533 540 790 587 instabiles
815 546 1018 586 strenua
1043 539 1292 602 Cyaneas,

1530 540 1593 585 34

201 615 590 681 Thyniacosque
623 616 791 675 sinus;
831 622 882 662 et
908 616 971 662 ab
997 615 1090 671 his,
1117 631 1207 678 per
1230 614 1478 678 Apollinis
1511 630 1592 661 ur-

268 693 388 741 Alta
412 694 505 740 sub
529 691 760 740 Anchiali
785 691 968 740 moenia
989 691 1166 739 tendat
1189 691 1308 738 iter:

200 848 349 886 pontiacis
372 852 542 888 surgentem
566 845 695 886 Cyzicon
708 856 719 882 ‚·
743 855 816 875 nam
834 843 866 874 in

202 895 288 927 edito
309 895 390 926 colle
417 895 477 926 sita
499 900 588 933 erat;
624 894 698 925 Val.
723 894 866 930 Flaccus,

203 944 236 976 ii.
252 945 326 976 635.
341 955 410 986 sqq.

247 997 312 1027 Nec
324 997 431 1036 procul
446 997 486 1026 ad
502 996 599 1026 tenuis
622 995 721 1036 surgit
737 993 868 1034 confinia

287 1047 373 1085 ponti

252 1096 329 1127 Urbs
345 1095 473 1135 placidis
488 1095 610 1124 demissa
615 1094 705 1134 jugis
720 1103 731 1129 ,·
754 1102 806 1122 reo.-
820 1092 867 1122 cli-

290 1146 361 1175 vitis
376 1145 445 1186 agri

249 1194 396 1235 Cyzicu55

205 1243 260 1275 sed
290 1249 321 1274 et
347 1242 533 1284 Apollonius
559 1239 705 1271 Rhodius
737 1239 769 1270 in
801 1239 869 1280 ejus

204 1293 412 1335 descriptione
427 1304 434 1322 :

240 1342 337 1375 Ἐστι
360 1341 391 1373 δέ
419 1353 468 1379 τις
496 1339 612 1372 αἰπεῖα
641 1337 870 1381 Προποντίδος

291 1391 398 1423 ἔνδοθι
413 1393 530 1429 νῆσος,

248 1441 377 1473 ΤυτΘὸν
404 1439 474 1472 ἀπὸ
506 1437 654 1482 Φρυγίης
682 1436 868 1475 πολυληῒου

290 1490 451 1532 ἠπείροιο,

248 1534 305 1571 Εἰς
327 1534 394 1565 ἅλα
417 1530 601 1574 κεκλιμένη,
624 1530 726 1562 ὅσσον
749 1528 775 1561 τ’
801 1529 868 1560 ἐπι-

289 1583 423 1626 μύρεται
439 1582 554 1624 ἰσθμὸς

248 1631 363 1675 Χέρσῳ
377 1631 566 1674 ἐπιπρηνὴς
582 1628 806 1670 καταείμενος·
832 1627 868 1660 ἐν

293 1681 324 1713 δέ
350 1680 380 1712 οἱ
403 1680 501 1712 ἀκταὶ

247 1730 448 1773 Ἀμφὶδυμοι·
472 1729 594 1761 κείνται
609 1727 633 1759 δ’
648 1727 730 1769 ὑπὲρ
754 1725 871 1764 ὓδατος

291 1779 468 1818 Αἰσήποιο.
663 1777 783 1807 HmNs.

250 1828 451 1869 Haerentem.]
471 1826 554 1859 Vide
566 1826 714 1868 Apollon.
726 1825 832 1857 Rhod.
847 1825 869 1856 i.

206 1879 281 1910 936.
292 1889 361 1920 sqq.
373 1877 480 1919 ibique
492 1875 705 1908 scholiastem.
718 1875 870 1917 Pompon.

205 1927 286 1959 Mel.
301 1927 322 1958 i.
335 1929 384 1958 19.
400 1928 439 1958 ab
455 1925 523 1957 init.
549 1925 647 1956 Trans
661 1936 776 1955 amnem
791 1927 870 1955 sedet

205 1979 239 2007 in
255 1979 367 2007 cervice
381 1977 543 2016 peninsulae
561 1975 713 2015 Cyzicum.
746 1974 794 2004 Ex
810 1973 869 2004 hoc

206 2026 277 2057 loco
296 2026 377 2056 bene
396 2024 536 2055 vindicat
555 2023 665 2054 Burm.
689 2024 865 2054 haerentem:

207 2086 281 2106 nam
296 2075 328 2106 in
342 2074 456 2105 isthmo
474 2073 527 2104 illo
545 2073 646 2115 posita
662 2071 796 2113 Cyzicus
815 2074 868 2102 ad-

208 2125 298 2155 haeret
324 2125 394 2155 oris.
453 2121 602 2153 Heinsius
630 2127 739 2152 contra
762 2120 870 2151 rescri-

208 2172 347 2204 bendum
368 2177 494 2215 putarat
520 2177 701 2213 surgentem,
726 2169 816 2211 quasi
838 2169 871 2200 in

209 2222 363 2254 adscensu
398 2221 487 2253 collis
519 2220 579 2251 sita
604 2226 683 2251 erat.
714 2231 744 2249 v.
773 2219 869 2250 etiam

208 2272 373 2313 Verpoort.
387 2271 420 2302 in
436 2270 557 2313 praefat.
598 2271 738 2300 flineaus
753 2274 869 2305 autem,

209 2321 334 2352 natione
369 2321 547 2356 Thessalus,
582 2318 761 2361 (Thessalia
797 2328 869 2348 vero

209 2370 377 2401 Haemonia
399 2369 474 2401 olim
495 2369 682 2407 vocabatur)
698 2372 787 2409 pater
805 2367 868 2408 Cy-

209 2421 267 2452 zici
305 2419 458 2452 exstruxit
494 2419 613 2454 urbem,
643 2423 710 2453 aut,
743 2422 778 2448 ut
815 2415 869 2447 alii

214 2471 336 2508 volunt,
364 2470 432 2501 urbi
463 2479 577 2500 nomen
608 2467 697 2499 dedit
725 2465 869 2508 Cyzicus.

211 2521 359 2552 Hanmzs.

254 2571 307 2601 31.
333 2570 457 2609 Quaque
479 2574 582 2599 tenent
607 2567 699 2597 Ponti
721 2565 873 2607 Byzantia

212 2622 302 2651 litora
322 2618 454 2659 fauces]
503 2616 532 2647 A
560 2616 675 2658 Cyzico
701 2627 734 2647 se
758 2615 872 2647 deinde

211 2668 332 2699 venisse
348 2667 425 2698 dicit
440 2666 479 2698 ad
495 2665 664 2697 Thracium
689 2665 872 2706 Bosporum,

211 2717 243 2749 in
272 2717 362 2758 cujus
395 2716 482 2747 litore
511 2715 634 2746 sinistro
668 2713 706 2744 ad
740 2714 873 2745 Pontum

1440 691 1596 752 [bem‚

934 842 1094 873 Euxinum
1122 840 1343 883 navigantibus
1375 846 1443 871 erat
1472 841 1597 882 Byzan-

934 891 1024 927 tium,
1050 890 1122 922 urbs
1147 902 1244 933 quum
1269 896 1382 921 natura
1406 889 1466 921 loci
1491 889 1594 920 muni·

935 941 1064 978 tissima,
1085 946 1153 971 tum
1178 940 1219 971 ad
1242 938 1434 971 fertilitatem
1458 939 1596 970 omnium

934 1001 1037 1021 rerum
1053 989 1326 1032 opportunissima.

978 1041 1033 1070 32.
1063 1040 1184 1070 Gemini
1198 1039 1317 1080 maris-J
1353 1037 1552 1081 Propontidis
1567 1043 1599 1069 et

935 1088 1028 1120 maris
1044 1088 1177 1120 Euxini:
1201 1088 1282 1119 inter
1309 1098 1378 1130 quae
1405 1087 1504 1118 maria
1525 1092 1599 1118 sunt

934 1138 1053 1174 fauces,
1083 1148 1153 1179 quae
1181 1137 1332 1168 Thracius
1357 1137 1516 1179 Bosporus
1542 1146 1597 1179 ap-

934 1187 1102 1229 pellantur.

980 1238 1033 1267 33.
1062 1237 1268 1277 Propulsaque
1285 1236 1423 1281 fortibus
1446 1234 1595 1276 Austris]

938 1285 1076 1316 Flatibus
1111 1287 1218 1316 Austri
1252 1291 1373 1316 veteres
1405 1295 1522 1326 magna
1558 1294 1597 1315 ex

935 1340 1041 1376 parte:
1072 1333 1284 1365 Medonianus
1300 1335 1432 1375 flatibus
1456 1335 1599 1364 Austris.-

935 1383 1035 1415 scribe
1049 1383 1203 1425 flantibus
1217 1384 1348 1420 Austris,
1362 1389 1398 1414 ut
1421 1382 1506 1425 apud
1529 1382 1599 1414 Sta-

936 1432 1025 1469 tium,
1040 1432 1141 1463 Theb.
1156 1431 1213 1462 lib.
1230 1431 1272 1462 xi.
1285 1442 1366 1463 vers.
1381 1433 1434 1462 42.
1447 1442 1505 1474 sqq
1518 1443 1527 1470 3

1024 1492 1078 1512 cen
1093 1482 1354 1524 circumflantibus
1369 1483 1491 1513 Austris

980 1532 1126 1562 Alternus
1138 1533 1307 1570 procumbit
1321 1542 1394 1573 ager
1406 1544 1414 1562 :

935 1580 961 1611 si
979 1580 1050 1622 quis
1057 1581 1190 1622 flatibus
1202 1581 1310 1611 Austri
1327 1580 1429 1616 malit,
1446 1590 1521 1611 ecce
1545 1591 1599 1623 pa-

935 1628 982 1659 ria
1003 1629 1087 1659 Met.
1104 1628 1160 1660 vii.
1176 1640 1242 1660 ver.
1260 1629 1334 1660 532.
1388 1629 1500 1661 Cicero
1521 1629 1599 1660 Cor·

936 1677 1054 1715 nificio,
1078 1678 1134 1710 lib.
1157 1677 1211 1709 xii.
1230 1679 1332 1721 Epist.
1357 1680 1470 1710 Auster
1491 1681 1600 1710 adver-

936 1738 985 1758 sus
1008 1729 1134 1758 maximo
1148 1729 1237 1769 flatu
1262 1739 1307 1759 me
1331 1730 1372 1759 ad
1392 1729 1514 1759 tribules
1536 1735 1601 1760 tuos

939 1776 1089 1818 Rhegium
1104 1778 1222 1807 retulit.
1267 1777 1387 1809 Hzms.

980 1826 1033 1856 34.
1059 1825 1219 1857 Instabiles
1245 1825 1409 1867 Cyaneas]
1436 1826 1475 1857 In
1497 1826 1600 1858 Ponto

937 1874 1007 1905 duae
1023 1882 1105 1912 sunt,
1117 1875 1203 1906 mille
1219 1881 1251 1906 et
1262 1875 1442 1917 quingentis
1456 1876 1601 1918 passibus

937 1924 976 1955 ab
992 1925 1127 1967 Europa,
1145 1924 1382 1966 quatuordecim
1404 1925 1544 1956 millibus
1559 1926 1601 1957 ab

936 1974 1027 2011 ostio,
1049 1975 1198 2016 Cyaneae,
1222 1975 1262 2005 ab
1285 1974 1354 2005 aliis
1378 1974 1601 2017 Symplegades,

936 2022 969 2053 id
987 2029 1045 2060 est,
1061 2029 1294 2060 concurrentes,
1320 2024 1486 2066 appellatae
1503 2037 1511 2063 3
1535 2030 1598 2056 tra-

936 2072 1076 2114 ditaeque
1102 2072 1217 2104 sabulis
1240 2073 1321 2104 inter
1344 2083 1377 2104 se
1398 2073 1601 2111 concurrisse,
1626 2071 1632 2074 ⁴

937 2121 1084 2163 quoniam
1097 2132 1192 2164 parvo
1211 2122 1354 2153 discretae
1370 2121 1545 2161 intervallo,
1561 2134 1600 2155 ex

936 2171 1067 2202 adverso
1082 2171 1270 2202 intrantibus
1282 2171 1414 2213 geminae
1428 2174 1600 2205 cerneban-

937 2226 996 2250 tur.

980 2269 1032 2300 36.
1056 2269 1130 2300 Alta
1150 2271 1203 2300 sub
1220 2271 1363 2301 Anchiali
1378 2271 1601 2311 moeniafindat

937 2318 1022 2359 itm-,J
1050 2319 1181 2350 Praefert
1200 2320 1312 2350 Burm.
1330 2321 1419 2356 Acta,
1441 2320 1467 2352 si
1490 2321 1535 2352 ita
1552 2320 1601 2351 di-

935 2368 1112 2409 stinguatur
1130 2380 1136 2398 :

1023 2424 1051 2448 et
1066 2420 1103 2448 ab
1119 2419 1163 2448 his
1174 2430 1228 2459 per
1245 2419 1392 2458 Apolli-nis
1407 2420 1510 2450 urbem

982 2468 1071 2503 Acta,
1099 2469 1153 2497 sub
1182 2468 1327 2498 Anchiali
1359 2470 1467 2499 moenia
1496 2471 1601 2500 tendat

1067 2517 1136 2547 iter.

939 2566 1106 2603 Anchiala,
1116 2577 1171 2597 seu
1181 2566 1339 2603 Achialia,
1353 2578 1407 2599 seu
1417 2567 1601 2605 Anchialos,

940 2615 1104 2646 castellum
1129 2615 1188 2646 suit
1208 2616 1247 2646 ab
1262 2615 1473 2658 Apolloniatis
1493 2617 1600 2648 condi-

941 2671 1018 2700 tum,
1035 2674 1104 2706 quae
1127 2670 1158 2695 et
1175 2665 1315 2695 Fullonia
1332 2665 1496 2698 dicebatur
1510 2678 1516 2696 τ
1541 2666 1600 2697 suit

942 2721 1046 2745 autem
1064 2714 1095 2746 in
1110 2725 1163 2746 ora
1180 2715 1285 2747 Getici
1299 2715 1407 2747 litoris.
