1760 3172
305 160 397 202 EX
430 160 642 202 PONTO
678 160 799 202 LIB.
835 160 916 201 IV.
950 160 1143 202 EPIST.
1176 160 1312 202 XVI.

1427 161 1512 203 533

112 275 497 339 Trinacriusque
523 292 625 323 suae
652 275 916 323 Perseidos
939 283 1112 322 auctor
1125 294 1149 333 3,
1166 282 1217 323 et
1235 282 1406 324 auctor
1445 279 1508 323 25

179 352 455 400 Tantalidae
481 353 678 400 reducis
703 353 744 399 T
748 340 1346 416 yndaridosque'Lupus3

115 429 182 477 Et
206 430 293 492 qui
320 429 586 477 Maeoniam
612 429 881 477 Phaeacida
905 429 1081 486 vertit3
1124 415 1175 477 et
1197 445 1298 476 una

181 506 462 553 Pindaricae
487 507 669 554 fidicen
693 514 748 553 tu
774 522 993 569 quoque,
1022 505 1170 561 Rufe,
1196 506 1344 569 lyrae3

116 582 368 646 Musaque
393 583 617 639 Turrani,
643 583 844 646 tragicis
870 583 1043 630 innixa
1070 583 1353 639 cothurnis;

184 659 250 707 Et
273 667 359 707 tua
383 676 497 707 cum
523 676 670 707 socco
696 659 862 715 Musa,
891 659 1115 715 Mehsse,
1139 659 1259 706 levis
1280 677 1290 707 ε

1444 663 1508 706 30

118 737 285 792 Quum
310 737 471 785 Varus
510 738 874 800 Gracchusque
910 738 1088 784 darent
1122 736 1226 783 fera
1260 736 1396 783 dicta
1428 743 1506 799 ty-

185 814 479 862 Callimachi
496 814 740 862 Proculus
758 814 904 862 molle
919 819 1113 861 teneret
1134 813 1248 870 iter3
1290 812 1477 874 [rannis
1494 831 1504 870 ;

118 890 319 955 Tityrus
345 892 577 955 antiquas
604 900 654 954 et
678 899 783 939 erat
807 891 893 955 qui
917 898 1150 955 pasceret
1174 891 1380 948 herbas3

186 967 422 1032 Aptaque
446 968 644 1016 venanti
672 968 874 1016 Gratius
900 984 1037 1015 arma
1060 968 1223 1015 daret:

164 1145 219 1175 25.
264 1144 497 1186 Trinacriusque
532 1157 591 1177 suae
628 1146 781 1177 Perseidos

120 1200 227 1224 auctor
241 1200 269 1224 et
289 1195 399 1236 acton]
426 1195 538 1238 Scripti
554 1196 779 1236 Τιίιαενίιιειμιε,

124 1242 355 1284 Tenacrz'usque,
374 1244 583 1285 Taenariusqne
598 1250 629 1275 et
649 1244 779 1275 similia:

120 1303 234 1323 nomen
248 1292 333 1324 haud
348 1293 443 1324 dubie
455 1299 649 1335 corruptum:
668 1294 781 1325 deinde

121 1340 336 1372 scribendum:
364 1342 518 1373 Perseidos
532 1349 648 1380 auctor,
661 1349 688 1373 et
707 1355 779 1373 auc-

122 1396 169 1420 tor
191 1390 359 1421 Tantalidae
382 1392 519 1428 redztcis;
543 1397 578 1422 ut
602 1397 684 1422 recte
705 1403 781 1422 non-

123 1438 202 1470 nulli
221 1439 365 1470 codices:
391 1439 430 1471 de
455 1446 558 1470 actore
584 1452 673 1481 nugae
697 1446 781 1471 sunt.

123 1488 228 1530 Lupus
248 1488 313 1525 ille,
338 1488 479 1530 quisquis
503 1495 561 1525 est,
580 1500 691 1531 poema
710 1500 782 1520 con-

122 1538 287 1580 scripserat
298 1538 337 1570 de
347 1537 450 1569 reditu
459 1539 599 1570 Menelai
610 1544 641 1569 et
652 1539 782 1570 Helenae

121 1594 192 1630 post
205 1593 331 1630 captam
344 1588 481 1630 Trojam.
526 1589 644 1619 mes.

166 1638 219 1668 27.
245 1637 285 1668 Et
299 1638 349 1678 qui
366 1637 521 1668 Maeonidoe
542 1638 702 1669 Phaeacida
717 1648 781 1667 ver-

123 1687 189 1728 tin]
215 1687 277 1718 Hic
291 1686 463 1718 Tuticanus
478 1685 548 1718 fuit.
592 1687 674 1717 Mic.

165 1737 221 1767 29.
246 1735 359 1767 Innioea
373 1736 528 1776 cothurn]
555 1735 620 1766 Erf.
632 1735 671 1766 de
682 1735 782 1766 Thur-

123 1797 199 1817 rano
214 1797 243 1817 v.
257 1786 366 1817 Burm.
381 1785 418 1816 de
440 1785 581 1820 Melisso,
596 1785 783 1815 Maecenatis

123 1835 245 1872 liberto,
272 1837 311 1866 ab
338 1834 483 1876 Augusto
515 1835 712 1866 bibliothecae
751 1834 783 1864 in

124 1884 266 1915 Octaviae
282 1884 401 1926 porticu
414 1884 572 1926 praefecto,
588 1884 642 1925 qui
657 1884 783 1915 Comoe-

125 1933 193 1965 dias
229 1933 352 1976 scripsit
389 1933 558 1964 Trabeatas
595 1934 631 1974 (a
667 1933 784 1968 trabea,

125 1988 212 2014 veste
222 1983 338 2014 ducum
348 1987 380 2014 et
390 1981 559 2024 equitum,)
572 1993 601 2012 v.
611 1982 785 2013 Heinsium.

126 2032 274 2064 HARLEs.

169 2083 224 2113 31.
251 2082 351 2116 Quum
374 2082 497 2122 Varus]
530 2081 640 2112 Poeta.
686 2081 784 2112 Grac-

125 2131 253 2171 chusque
277 2133 386 2162 darent
411 2130 487 2172 fera
524 2131 605 2160 dicta
636 2132 785 2170 tyrannis.

127 2179 299 2218 Quintilius
327 2181 431 2211 Varus
463 2179 523 2210 fuit
556 2178 785 2214 Cremonensis,

127 2239 223 2271 eques
237 2229 412 2265 Romanus,
425 2229 514 2270 cujus
530 2228 671 2259 meminit
686 2229 785 2258 Hora-

127 2278 189 2309 tius
203 2279 235 2309 in
247 2278 336 2314 Odis,
347 2284 378 2309 et
386 2280 489 2314 Maro,
502 2288 598 2320 quum
612 2278 666 2313 ait,
677 2278 786 2319 Eclog.

127 2328 173 2359 ix.
189 2339 252 2359 ver.
267 2329 308 2359 35
321 2340 327 2358 :

172 2378 252 2408 Nam
273 2389 366 2418 neque
387 2378 486 2408 adhuc
506 2377 583 2407 Varo
608 2378 719 2412 videor,
733 2387 786 2406 uec

213 2427 310 2457 dicere
327 2427 427 2458 Cinna

172 2476 289 2517 Digna.

128 2525 291 2557 Gracchus
317 2529 421 2555 autem
448 2524 507 2554 suit
532 2529 624 2566 poeta
645 2522 784 2565 ejusdem

127 2573 285 2615 temporis,
296 2573 350 2615 qui
363 2584 434 2604 eam
446 2573 631 2614 tragoediam
642 2572 786 2613 Thyestis

126 2623 293 2659 scribebat,
313 2633 408 2664 quam
432 2622 527 2653 etiam
548 2622 663 2652 Varus.
708 2621 786 2650 Ideo

127 2672 298 2714 subjungit,
313 2674 421 2703 darent
434 2672 511 2713 fera
526 2673 608 2702 dicta
630 2672 785 2711 tyrannis:

128 2720 186 2752 hoc
208 2727 265 2758 est,
288 2720 459 2753 scriberent
483 2720 514 2751 in
538 2719 601 2751 suis
625 2718 786 2760 tragoediis

848 1146 942 1177 verba
964 1150 996 1176 et
1016 1145 1121 1187 jurgia
1142 1144 1287 1187 Thyestis
1308 1144 1340 1175 in
1360 1144 1506 1180 Atreum,

849 1201 880 1226 et
895 1201 1014 1225 contra.

892 1245 944 1275 32.
960 1245 1138 1274 Callimachi
1151 1242 1323 1283 Proculus]
1341 1243 1509 1274 Proculum

848 1299 973 1336 poetam
995 1293 1087 1324 etiam
1107 1293 1262 1324 celebrem
1277 1297 1509 1328 commemorat,

850 1343 903 1384 qui
932 1343 1049 1384 elegias
1078 1342 1214 1384 scripsit:
1245 1341 1509 1382 quemadmodum

851 1390 1076 1427 Callimachus,
1089 1390 1141 1431 qui
1158 1389 1245 1420 Fabii
1256 1390 1431 1421 testimonio
1446 1391 1509 1421 ele-

849 1439 908 1481 giae
923 1439 1066 1481 princeps
1078 1440 1220 1470 habetur.
1250 1439 1416 1476 Caeterum,
1433 1440 1508 1471 Pro-

850 1488 913 1519 culi
927 1488 1109 1530 cognomine
1120 1489 1226 1519 multae
1240 1487 1365 1518 familiae
1379 1488 1510 1528 insigni-

850 1544 901 1574 tae,
917 1539 961 1569 ita
982 1544 1027 1575 ut,
1051 1539 1109 1569 nisi
1134 1549 1247 1569 nomen
1270 1543 1387 1579 pateat,
1409 1537 1448 1569 de
1472 1549 1509 1569 eo

849 1588 962 1618 frustra
977 1599 1161 1629 quaeramus.
1196 1588 1289 1618 Molle
1305 1589 1374 1617 iter.
1404 1588 1509 1618 Lasci-

849 1647 922 1667 vum
937 1636 1092 1667 scribendi
1116 1648 1226 1677 genus,
1243 1636 1317 1677 quia
1338 1636 1377 1667 de
1398 1637 1508 1668 amori-

848 1686 907 1717 bus
920 1686 1037 1727 elegias
1049 1687 1268 1728 componebat.

893 1737 945 1766 33.
973 1736 1096 1776 Tityrus
1110 1737 1249 1775 antiquas
1263 1742 1291 1765 et
1308 1742 1373 1766 erat
1389 1737 1440 1775 qui
1453 1747 1508 1775 pa-

850 1791 941 1816 sceret
962 1785 1090 1825 herbas]
1119 1786 1196 1815 Haec
1219 1795 1276 1815 nec
1292 1784 1403 1815 Latina
1427 1791 1509 1821 sunt,

851 1845 908 1865 nec
939 1834 1013 1865 satis
1039 1834 1180 1875 intelligo
1210 1833 1285 1875 quid
1315 1834 1374 1865 sibi
1397 1834 1507 1865 velint.

851 1884 1052 1915 Hafniensis:
1088 1884 1212 1924 Tityrus
1239 1890 1360 1914 ‘stez-nos
1389 1892 1509 1915 caneret

852 1936 902 1974 qui
929 1940 1063 1973 procreet
1089 1934 1204 1964 herbas.
1248 1933 1363 1963 Moreti
1388 1933 1507 1964 codex:

855 1982 981 2023 Tityron
1002 1984 1140 2022 antiquas
1162 1983 1312 2013 recubasse
1327 1981 1454 2023 referret
1470 1985 1509 2013 ad

851 2033 991 2068 umbras,·
1016 2036 1050 2062 ut
1074 2037 1105 2061 et
1124 2031 1202 2061 liber
1222 2030 1306 2061 Petri
1326 2029 1436 2067 Servii,
1452 2032 1510 2061 nisi

853 2080 934 2121 quod
958 2081 989 2111 in
1011 2091 1046 2111 eo
1066 2091 1152 2110 aras:
1178 2079 1230 2110 alii
1246 2079 1347 2110 aliter.
1394 2080 1510 2111 Moreti

852 2129 964 2159 librum
981 2140 1102 2170 sequor,
1119 2129 1191 2159 dum
1211 2128 1337 2159 meliora
1353 2139 1418 2159 sese
1435 2129 1508 2159 offe-

853 2185 934 2208 runt.
962 2179 1080 2208 Hssixs.
1121 2178 1244 2218 Tityrus
1258 2179 1409 2217 antiquas.
1447 2178 1509 2208 Hic

852 2238 906 2269 per
925 2228 1062 2268 Tityrum
1075 2228 1240 2258 Maronem
1256 2227 1409 2267 designat,
1422 2227 1511 2257 adlu-

852 2277 928 2307 dens
944 2277 983 2307 ad
999 2277 1066 2318 ejus
1082 2287 1207 2307 carmen
1223 2275 1418 2306 Bucolicum.
1449 2276 1510 2310 Qui

850 2333 981 2365 pasceret
1001 2328 1139 2366 antiquas
1155 2326 1267 2355 herbas.
1311 2324 1372 2361 Qui
1388 2335 1508 2365 perma*

853 2381 938 2406 neret
953 2375 985 2405 in
996 2375 1133 2417 antiquis
1148 2374 1210 2405 suis
1222 2373 1345 2416 praediis
1361 2384 1431 2404 cum
1448 2374 1511 2405 suis

853 2425 994 2466 capellis.

895 2475 946 2504 34.
970 2475 1107 2514 Aptaque
1127 2474 1249 2504 venanti
1274 2473 1402 2503 Gratius
1425 2484 1510 2503 arma

852 2523 969 2563 daret]
1016 2522 1144 2553 Gratius
1180 2521 1287 2553 Ovidii
1323 2521 1512 2563 temporibus

853 2578 943 2613 poeta
959 2571 1026 2607 fuit,
1043 2577 1077 2601 ut
1092 2582 1129 2601 ex
1153 2571 1209 2601 hoc
1227 2571 1294 2601 loco
1306 2575 1444 2601 constat:
1470 2570 1509 2600 de

853 2620 1017 2651 venatione
1053 2620 1185 2662 scripsit.
1240 2620 1337 2661 Cujus
1371 2619 1510 2650 carmina

854 2680 915 2700 una
939 2680 1010 2700 cum
1034 2668 1141 2700 Ovidii
1164 2669 1344 2699 Halieutico
1366 2679 1381 2698 e
1404 2668 1510 2699 Gallia

854 2718 885 2749 in
898 2719 1022 2750 Italiam
1037 2718 1141 2750 attulit
1156 2718 1370 2750 Sannazarius.
1416 2717 1509 2748 Hunc
