1760 3172
327 195 419 237 EX
449 195 662 237 PONTO
692 195 812 237 LIB.
842 195 922 238 IV.
955 197 1147 241 EPIST.
1177 199 1260 241 VI.

1399 204 1486 245 495

101 310 130 357 J
136 326 216 358 am
239 310 391 358 timeo
417 317 635 358 nostram
661 311 893 373 cuiquam
918 313 1152 360 mandare
1178 315 1411 365 salutem:

168 387 343 451 Ipsum
367 395 524 436 morte
547 395 631 435 tua
658 388 876 435 concidit
900 389 1156 438 auxilium.

101 464 337 528 Coeperat
360 465 617 528 Augustus
639 465 863 528 deceptae
888 465 1145 527 ignoscere
1169 469 1357 532 culpae3
1428 474 1484 518 15

169 541 323 605 Spem
348 548 568 589 nostram
589 547 745 588 terras
770 541 1094 605 deseruitque
1122 544 1284 592 simul.

96 617 258 673 Quale
283 626 451 667 tamen
474 619 630 682 potui,
658 619 720 665 de
745 618 925 675 coelite,
954 619 1127 676 Brute,
1154 624 1339 670 recenti

166 695 346 743 Vestra
369 697 542 760 procul
566 695 758 759 positus
783 710 984 743 carmen
1008 697 1059 760 in
1083 714 1169 745 ora
1192 699 1324 748 dedi.

100 771 225 827 Quae
250 774 407 837 prosit
430 774 590 842 pietas
616 772 807 819 utinam
832 772 982 819 mihi!
1015 771 1189 837 'sitque
1214 778 1454 826 malorum

165 850 196 897 J
201 866 280 898 am
304 851 497 908 modus,
525 858 575 898 et
600 865 754 897 sacrae
779 849 942 896 mitior
967 851 1038 898 ira
1061 852 1260 900 domus!

1423 860 1486 902 20

100 928 172 977 Te
198 945 401 992 quoque
425 929 574 984 idem,
600 927 790 991 liquido
816 943 1019 990 possum
1040 930 1222 992 jurare,
1251 934 1456 995 precari,

172 1006 216 1052 O
243 1006 363 1053 mihi
388 1023 486 1054 non
510 1005 664 1053 dubia
687 1004 902 1066 cognite,
932 1004 1104 1063 Brute,
1132 1009 1272 1056 nota!

105 1083 252 1139 Nam,
266 1099 421 1146 quum
431 1082 717 1147 praestiteris
728 1097 898 1128 verum
909 1082 1028 1130 mihi
1040 1100 1236 1149 semper
1247 1102 1461 1135 amorem
1474 1107 1484 1145 ;

169 1160 266 1209 Hic
289 1168 458 1209 tamen
483 1160 690 1208 adverso
711 1165 934 1222 tempore
959 1161 1113 1210 crevit
1136 1178 1286 1212 amor.

102 1338 200 1369 quum
216 1338 277 1358 non
289 1333 394 1370 posset
413 1328 492 1360 ferre
508 1330 575 1371 ejus
590 1328 762 1360 absentiam

101 1382 135 1408 et
156 1376 314 1413 exsilium,
331 1388 394 1419 prae
418 1377 523 1409 dolore
543 1389 614 1410 eum
634 1377 762 1420 periisse

103 1431 194 1468 putat
215 1431 318 1468 poeta.
363 1427 414 1458 De
433 1433 530 1458 morte
542 1427 679 1458 Maximi
699 1437 763 1458 me-

103 1475 196 1506 minit
230 1476 370 1512 Tacitus,
399 1476 486 1507 Ann.
515 1476 537 1507 i.
567 1476 616 1507 his
644 1476 762 1508 verbis:

102 1530 124 1542 “
141 1525 268 1568 Quippe
297 1536 400 1556 rumor
431 1525 614 1562 incesserat,
646 1536 765 1568 paucos

102 1581 176 1606 ante
196 1586 331 1611 menses,
349 1575 527 1617 Augustum
553 1575 663 1607 electis
691 1586 763 1607 con-

102 1623 187 1660 sciis,
211 1630 243 1655 et
266 1625 379 1655 comite
402 1635 464 1655 uno
488 1624 584 1655 Fabio
607 1625 763 1661 Maximo,

103 1673 287 1705 Planasiam
307 1678 445 1709 vectum,
470 1673 510 1704 ad
534 1673 697 1705 visendum
719 1674 764 1704 A-

103 1724 268 1766 grippam:
292 1724 407 1754 multas
427 1723 515 1754 illinc
538 1723 693 1765 utrimque
718 1724 763 1754 la-

103 1784 239 1814 crymas,
262 1778 295 1805 et
320 1773 410 1815 signa
436 1773 585 1809 caritatis,
612 1783 764 1815 spemque

104 1833 143 1853 ex
170 1833 207 1853 eo
231 1822 308 1858 fore,
325 1828 360 1854 ut
379 1822 502 1864 juvenis
524 1822 690 1864 penatibus
715 1821 765 1853 avi

105 1872 299 1904 redderetur.
342 1872 434 1910 Quod
462 1871 640 1903 Maximum
676 1871 765 1903 uxori

107 1920 232 1952 Martiae
249 1921 416 1963 aperuisse,
429 1921 517 1952 illam
531 1920 639 1957 Liviae,
650 1920 688 1952 C.
700 1921 766 1952 Na-

108 1971 195 2001 nium
217 1970 250 2001 id
273 1970 401 2001 Caesari.
445 1971 559 2011 Neque
577 1970 676 2002 multo
698 1976 768 2013 post

107 2020 262 2051 exstincto
275 2020 427 2057 Maximo,
438 2019 569 2050 dubium
584 2030 623 2051 an
637 2020 769 2062 quaesita

108 2075 218 2106 morte,
238 2068 360 2100 auditos
381 2068 415 2100 in
431 2069 538 2100 funere
561 2069 627 2111 ejus
642 2070 767 2101 Martiae

109 2119 254 2160 gemitus,
264 2124 361 2150 semet
374 2117 558 2155 incusantis,
573 2119 657 2160 quod
673 2130 768 2151 causa

109 2168 196 2200 exitii
210 2168 321 2200 marito
335 2168 455 2205 fuisset,
471 2168 555 2199 &c.’'
600 2169 691 2200 Hanc
709 2169 767 2211 igi-

108 2224 158 2250 tur
173 2228 313 2255 causam,
331 2218 405 2260 quia
420 2218 566 2255 Ovidius,
582 2224 689 2261 utpote
703 2225 766 2250 tam

106 2269 201 2310 longe
224 2273 369 2305 remotus,
388 2268 466 2299 scire
491 2279 552 2299 non
574 2274 688 2310 posset,
713 2275 768 2300 aut

108 2319 216 2354 etiam,
234 2318 260 2348 si
280 2317 410 2354 sciebat,
425 2317 530 2360 palam
551 2318 641 2349 edere
661 2318 767 2355 nollet,

110 2367 200 2409 fingit
221 2378 256 2398 se
281 2367 436 2403 dubitare,
458 2373 561 2398 utrum
583 2366 650 2408 ipse
673 2378 769 2399 causa

110 2416 196 2447 illius
219 2416 326 2447 mortis
350 2416 513 2448 exstiterit.
559 2417 623 2447 Nec
641 2416 770 2458 fueram

111 2468 201 2497 tanti.
245 2467 290 2497 Ut
304 2476 375 2496 mea
385 2476 481 2497 causa
494 2465 664 2497 morereris.

156 2517 209 2547 13.
232 2515 394 2556 Salutem]
434 2515 503 2546 Hoc
532 2520 590 2551 est,
614 2515 710 2546 vitam
739 2522 771 2546 et

112 2564 368 2601 incolumitatem,
395 2570 431 2596 nt
459 2564 500 2595 sit
528 2575 655 2596 sensus:
687 2564 771 2602 Quia

112 2613 206 2656 igitur
230 2614 402 2651 Maximus,
416 2614 444 2645 is
470 2613 503 2645 in
532 2625 594 2655 quo
618 2625 771 2645 summam

111 2674 197 2706 spem
217 2662 352 2705 positam
375 2663 544 2699 habebam,
561 2663 704 2698 decessit,
719 2673 771 2694 ve-

112 2722 181 2743 reor
199 2711 348 2753 deinceps
368 2711 426 2743 ulli
448 2712 582 2754 amplius
603 2722 709 2743 curam
724 2722 772 2742 sa-

113 2760 188 2791 lutis
213 2766 245 2792 et
266 2760 489 2792 incolumitatis
513 2771 590 2791 meze
616 2771 773 2791 commen-

830 1329 914 1360 dare.
958 1330 1085 1361 an.

876 1379 924 1410 15.
958 1379 1060 1419 Culpae
1089 1381 1241 1422 deceptae]
1282 1381 1381 1413 Errori
1410 1393 1490 1418 ineo,

829 1427 883 1468 qui
908 1438 970 1464 me,
995 1433 1050 1459 aut
1080 1429 1207 1461 fortasse
1233 1429 1411 1470 Augustum
1437 1432 1491 1463 de-

830 1476 923 1518 cepit,
932 1477 1110 1509 credentem
1121 1489 1171 1509 me
1182 1480 1323 1510 consulto
1334 1491 1491 1521 peccasse,

831 1536 928 1567 quum
951 1526 1054 1568 potius
1079 1538 1133 1569 per
1150 1527 1393 1569 imprudentiam
1410 1540 1491 1560 erra-

832 1574 939 1605 verim.
984 1575 1045 1606 Vel
1060 1576 1166 1611 etiam,
1181 1579 1307 1616 deceptae
1319 1579 1424 1617 culpa,
1438 1589 1493 1620 per

831 1623 1048 1665 deceptionem
1079 1631 1111 1656 et
1140 1635 1272 1656 errorem
1308 1632 1492 1668 perpetratae

832 1679 926 1714 atque
942 1674 1129 1705 commissae.¹

879 1723 926 1753 16.
950 1723 1047 1754 Simul
1057 1724 1215 1764 deseruit]
1241 1724 1339 1755 Simul
1353 1725 1495 1757 destituit

831 1771 897 1815 ipse
913 1773 991 1803 Fab.
1006 1773 1181 1804 Maximus.
1216 1774 1276 1805 Vel
1295 1781 1377 1806 certe
1393 1775 1494 1816 (quod

831 1822 931 1863 magis
955 1822 1077 1864 placet)
1093 1823 1270 1864 Augustum
1295 1824 1389 1855 etiam
1413 1836 1493 1856 mor-

832 1877 920 1902 tuum
942 1881 1008 1902 esse
1030 1872 1117 1903 dicit.
1163 1873 1262 1904 Periit
1282 1873 1364 1904 enim
1385 1874 1494 1916 quinto

833 1921 934 1951 exsilii
950 1927 1049 1963 poetae
1065 1932 1157 1958 anno,
1171 1928 1206 1953 ut
1221 1922 1366 1954 diximus.
1410 1925 1494 1963 Spem

833 1978 974 2002 nostram.
1018 1972 1112 2014 Spem
1127 1972 1254 2004 reditus.

881 2021 930 2051 17.
955 2021 1001 2051 De
1011 2022 1256 2062 recentia-celita]
1283 2022 1495 2064 Compositum

835 2070 874 2101 de
894 2070 960 2111 ipso
975 2070 1119 2112 Augusto
1138 2070 1191 2112 qui
1213 2071 1252 2102 ad
1272 2071 1405 2114 Superos
1424 2083 1495 2104 evo-

836 2119 922 2150 lavit.
967 2120 1060 2150 Man.

880 2169 929 2199 18.
953 2168 992 2198 In
1020 2168 1100 2209 orm]
1133 2169 1171 2199 In
1200 2174 1399 2210 conspectum
1428 2180 1496 2201 ves-

835 2223 928 2248 trum.
975 2218 1095 2248 Positus
1113 2218 1231 2257 procul.
1277 2218 1382 2259 Longe
1408 2229 1495 2249 avo-

834 2268 882 2298 bis
897 2273 1043 2297 remotus.
1089 2267 1179 2297 Dedi.
1223 2266 1310 2297 Misi.

881 2318 930 2347 19.
954 2317 1025 2350 Ωιιιε
1037 2319 1129 2356 prosit
1140 2319 1235 2356 pietas
1247 2318 1363 2346 utinam
1384 2317 1494 2357 mihil]

836 2366 898 2403 Qui
921 2376 1004 2395 amor
1023 2376 1111 2396 meus
1130 2376 1203 2407 erga
1222 2365 1400 2407 Augustum
1420 2366 1494 2396 mihi

837 2416 953 2446 utinam
971 2415 1066 2456 prosit
1080 2415 1085 2444 ἔ

879 2466 932 2495 21.
960 2464 998 2494 Te
1023 2474 1134 2503 quoqne
1159 2465 1278 2503 precari
1308 2464 1411 2504 idean]
1451 2466 1495 2496 Te

838 2515 983 2549 Brutum,
997 2523 1015 2543 a
1024 2512 1148 2543 Tiberio
1160 2517 1191 2543 et
1204 2512 1389 2543 Germanico
1400 2514 1494 2544 etiam

838 2563 920 2594 idem
952 2568 1066 2604 petere,
1097 2561 1181 2602 quod
1209 2560 1324 2591 Fabius
1359 2564 1496 2603 petebat.

839 2611 901 2642 Vel
924 2611 1043 2652 precari
1067 2609 1149 2640 idem
1172 2608 1255 2650 quod
1278 2619 1351 2649 eg03
1375 2610 1495 2641 scilicet

839 2666 874 2691 ut
892 2670 963 2690 mea
982 2659 1082 2700 pietas
1103 2657 1179 2688 mihi
1199 2657 1304 2699 prosit,
1320 2663 1355 2688 ut
1372 2658 1412 2688 sit
1430 2670 1495 2690 mo-

840 2710 900 2741 dus
922 2709 1083 2744 malorum,
1100 2713 1131 2738 et
1151 2713 1186 2737 ut
1202 2707 1242 2737 sit
1261 2707 1335 2737 mihi
1353 2708 1418 2749 jam
1440 2710 1492 2740 be-

841 2760 936 2801 nigna
951 2760 1109 2791 Caesarum
1127 2757 1244 2788 domus.
