<?xml version="1.0" encoding="UTF-8"?>
<!DOCTYPE html PUBLIC "-//W3C//DTD XHTML 1.0 Transitional//EN"
    "http://www.w3.org/TR/xhtml1/DTD/xhtml1-transitional.dtd">
<html xmlns="http://www.w3.org/1999/xhtml" xml:lang="en" lang="en">
 <head>
  <title>
</title>
<meta http-equiv="Content-Type" content="text/html;charset=utf-8" />
  <meta name='ocr-system' content='tesseract 3.04.00' />
  <meta name='ocr-capabilities' content='ocr_page ocr_carea ocr_par ocr_line ocrx_word'/>
</head>
<body>
  <div class='ocr_page' id='page_1' title='image "./povidiinasonisop02oviduoft_0200.png"; bbox 0 0 1760 3172; ppageno 0'>
   <div class='ocr_carea' id='block_1_1' title="bbox 225 191 311 233">
    <p class='ocr_par' dir='ltr' id='par_1_1' title="bbox 225 191 311 233">
     <span class='ocr_line' id='line_1_1' title="bbox 225 191 311 233; baseline 0.012 -1"><span class='ocrx_word' id='word_1_1' title='bbox 225 191 311 233; x_wconf 87' lang='grc'>190</span> 
     </span>
    </p>
   </div>
   <div class='ocr_carea' id='block_1_2' title="bbox 617 186 1233 230">
    <p class='ocr_par' dir='ltr' id='par_1_2' title="bbox 617 186 1233 230">
     <span class='ocr_line' id='line_1_2' title="bbox 617 186 1233 230; baseline 0.002 -1"><span class='ocrx_word' id='word_1_2' title='bbox 617 187 668 229; x_wconf 88' lang='lat' dir='ltr'>P.</span> <span class='ocrx_word' id='word_1_3' title='bbox 703 186 918 229; x_wconf 92' lang='lat' dir='ltr'>OVIDII</span> <span class='ocrx_word' id='word_1_4' title='bbox 950 186 1233 230; x_wconf 89' lang='lat' dir='ltr'><strong>NASONIS</strong></span> 
     </span>
    </p>
   </div>
   <div class='ocr_carea' id='block_1_3' title="bbox 225 302 1620 367">
    <p class='ocr_par' dir='ltr' id='par_1_3' title="bbox 225 302 1620 367">
     <span class='ocr_line' id='line_1_3' title="bbox 225 302 1620 367; baseline 0.001 -15"><span class='ocrx_word' id='word_1_5' title='bbox 225 305 374 367; x_wconf 84' lang='lat' dir='ltr'>Ergo,</span> <span class='ocrx_word' id='word_1_6' title='bbox 415 304 672 351; x_wconf 90' lang='lat' dir='ltr'>hominum</span> <span class='ocrx_word' id='word_1_7' title='bbox 710 303 978 367; x_wconf 85' lang='lat' dir='ltr'>quaesitum</span> <span class='ocrx_word' id='word_1_8' title='bbox 1016 302 1186 350; x_wconf 89' lang='lat' dir='ltr'>odium</span> <span class='ocrx_word' id='word_1_9' title='bbox 1222 303 1343 350; x_wconf 90' lang='lat' dir='ltr'>mihi</span> <span class='ocrx_word' id='word_1_10' title='bbox 1381 305 1620 361; x_wconf 84' lang='lat' dir='ltr'>carmine,</span> 
     </span>
    </p>
   </div>
   <div class='ocr_carea' id='block_1_4' title="bbox 293 381 1322 437">
    <p class='ocr_par' dir='ltr' id='par_1_4' title="bbox 293 381 1322 437">
     <span class='ocr_line' id='line_1_4' title="bbox 293 381 1322 437; baseline 0.003 -9"><span class='ocrx_word' id='word_1_11' title='bbox 293 382 498 437; x_wconf 78' lang='lat' dir='ltr'>Debuit,</span> <span class='ocrx_word' id='word_1_12' title='bbox 527 388 604 429; x_wconf 89' lang='lat' dir='ltr'>est</span> <span class='ocrx_word' id='word_1_13' title='bbox 628 381 795 428; x_wconf 87' lang='lat' dir='ltr'>vultus</span> <span class='ocrx_word' id='word_1_14' title='bbox 821 381 968 428; x_wconf 87' lang='lat' dir='ltr'>turba</span> <span class='ocrx_word' id='word_1_15' title='bbox 992 389 1169 430; x_wconf 89' lang='lat' dir='ltr'>secuta</span> <span class='ocrx_word' id='word_1_16' title='bbox 1192 389 1322 431; x_wconf 64' lang='lat' dir='ltr'>tuos</span> 
     </span>
    </p>
   </div>
   <div class='ocr_carea' id='block_1_5' title="bbox 1397 386 1622 449">
    <p class='ocr_par' dir='ltr' id='par_1_5' title="bbox 1397 386 1622 449">
     <span class='ocr_line' id='line_1_5' title="bbox 1397 386 1622 449; baseline 0.009 -17"><span class='ocrx_word' id='word_1_17' title='bbox 1397 386 1622 449; x_wconf 88' lang='lat' dir='ltr'>[quaque</span> 
     </span>
    </p>
   </div>
   <div class='ocr_carea' id='block_1_6' title="bbox 223 458 1586 525">
    <p class='ocr_par' dir='ltr' id='par_1_6' title="bbox 223 458 1586 525">
     <span class='ocr_line' id='line_1_6' title="bbox 223 458 1586 525; baseline 0.004 -20"><span class='ocrx_word' id='word_1_18' title='bbox 223 458 307 514; x_wconf 91' lang='lat' dir='ltr'>At,</span> <span class='ocrx_word' id='word_1_19' title='bbox 329 459 548 514; x_wconf 88' lang='lat' dir='ltr'>memini,</span> <span class='ocrx_word' id='word_1_20' title='bbox 576 458 832 521; x_wconf 85' lang='lat' dir='ltr'>vitamque</span> <span class='ocrx_word' id='word_1_21' title='bbox 857 474 1020 506; x_wconf 86' lang='lat' dir='ltr'>meam</span> <span class='ocrx_word' id='word_1_22' title='bbox 1047 475 1313 523; x_wconf 88' lang='lat' dir='ltr'>moresque</span> <span class='ocrx_word' id='word_1_23' title='bbox 1338 463 1586 525; x_wconf 81' lang='lat' dir='ltr'>probabas</span> 
     </span>
    </p>
   </div>
   <div class='ocr_carea' id='block_1_7' title="bbox 292 536 1383 600">
    <p class='ocr_par' dir='ltr' id='par_1_7' title="bbox 292 536 1383 600">
     <span class='ocr_line' id='line_1_7' title="bbox 292 536 1383 600; baseline 0.003 -18"><span class='ocrx_word' id='word_1_24' title='bbox 292 536 401 592; x_wconf 91' lang='lat' dir='ltr'>Illo,</span> <span class='ocrx_word' id='word_1_25' title='bbox 431 552 581 600; x_wconf 89' lang='lat' dir='ltr'>quem</span> <span class='ocrx_word' id='word_1_26' title='bbox 607 536 834 591; x_wconf 83' lang='lat' dir='ltr'>dederas,</span> <span class='ocrx_word' id='word_1_27' title='bbox 863 537 1210 599; x_wconf 72' lang='lat' dir='ltr'>praetereuntis</span> <span class='ocrx_word' id='word_1_28' title='bbox 1237 553 1383 600; x_wconf 90' lang='lat' dir='ltr'>equo.</span> 
     </span>
    </p>
   </div>
   <div class='ocr_carea' id='block_1_8' title="bbox 1558 543 1621 587">
    <p class='ocr_par' dir='ltr' id='par_1_8' title="bbox 1558 543 1621 587">
     <span class='ocr_line' id='line_1_8' title="bbox 1558 543 1621 587; baseline -0.016 0"><span class='ocrx_word' id='word_1_29' title='bbox 1558 543 1621 587; x_wconf 85' lang='lat'>90</span> 
     </span>
    </p>
   </div>
   <div class='ocr_carea' id='block_1_9' title="bbox 221 612 1613 1062">
    <p class='ocr_par' dir='ltr' id='par_1_9' title="bbox 223 612 1483 753">
     <span class='ocr_line' id='line_1_9' title="bbox 223 612 1454 677; baseline 0.001 -17"><span class='ocrx_word' id='word_1_30' title='bbox 223 612 373 667; x_wconf 79' lang='lat' dir='ltr'>Quod</span> <span class='ocrx_word' id='word_1_31' title='bbox 400 614 439 660; x_wconf 91' lang='lat' dir='ltr'>si</span> <span class='ocrx_word' id='word_1_32' title='bbox 466 629 564 660; x_wconf 93' lang='lat' dir='ltr'>non</span> <span class='ocrx_word' id='word_1_33' title='bbox 589 613 809 677; x_wconf 88' lang='lat' dir='ltr'>prodest,</span> <span class='ocrx_word' id='word_1_34' title='bbox 838 618 888 658; x_wconf 90' lang='lat' dir='ltr'>et</span> <span class='ocrx_word' id='word_1_35' title='bbox 913 612 1108 659; x_wconf 86' lang='lat' dir='ltr'>honesti</span> <span class='ocrx_word' id='word_1_36' title='bbox 1135 614 1293 675; x_wconf 86' lang='lat' dir='ltr'>gratia</span> <span class='ocrx_word' id='word_1_37' title='bbox 1317 615 1454 662; x_wconf 86' lang='lat' dir='ltr'>nulla</span> 
     </span>
     <span class='ocr_line' id='line_1_10' title="bbox 291 688 1483 753; baseline 0.001 -16"><span class='ocrx_word' id='word_1_38' title='bbox 291 691 556 746; x_wconf 84' lang='lat' dir='ltr'>Redditur,</span> <span class='ocrx_word' id='word_1_39' title='bbox 585 696 636 737; x_wconf 88' lang='lat' dir='ltr'>at</span> <span class='ocrx_word' id='word_1_40' title='bbox 660 690 851 736; x_wconf 92' lang='lat' dir='ltr'>nullum</span> <span class='ocrx_word' id='word_1_41' title='bbox 877 688 1065 736; x_wconf 87' lang='lat' dir='ltr'>crimen</span> <span class='ocrx_word' id='word_1_42' title='bbox 1091 690 1305 753; x_wconf 85' lang='lat' dir='ltr'>adeptus</span> <span class='ocrx_word' id='word_1_43' title='bbox 1331 707 1483 739; x_wconf 88' lang='lat' dir='ltr'>eram.</span> 
     </span>
    </p>

    <p class='ocr_par' dir='ltr' id='par_1_10' title="bbox 221 766 1506 907">
     <span class='ocr_line' id='line_1_11' title="bbox 221 766 1506 825; baseline 0.001 -11"><span class='ocrx_word' id='word_1_44' title='bbox 221 766 330 814; x_wconf 92' lang='lat' dir='ltr'>Nec</span> <span class='ocrx_word' id='word_1_45' title='bbox 355 768 484 814; x_wconf 86' lang='lat' dir='ltr'>male</span> <span class='ocrx_word' id='word_1_46' title='bbox 510 766 777 814; x_wconf 89' lang='lat' dir='ltr'>commissa</span> <span class='ocrx_word' id='word_1_47' title='bbox 801 773 879 813; x_wconf 90' lang='lat' dir='ltr'>est</span> <span class='ocrx_word' id='word_1_48' title='bbox 903 766 1046 814; x_wconf 93' lang='lat' dir='ltr'>nobis</span> <span class='ocrx_word' id='word_1_49' title='bbox 1072 766 1269 814; x_wconf 86' lang='lat' dir='ltr'>fortuna</span> <span class='ocrx_word' id='word_1_50' title='bbox 1293 784 1506 825; x_wconf 90' lang='lat' dir='ltr'>reorum,</span> 
     </span>
     <span class='ocr_line' id='line_1_12' title="bbox 287 842 1366 907; baseline 0.002 -18"><span class='ocrx_word' id='word_1_51' title='bbox 287 843 473 907; x_wconf 81' lang='lat' dir='ltr'>Lisque</span> <span class='ocrx_word' id='word_1_52' title='bbox 497 844 674 891; x_wconf 86' lang='lat' dir='ltr'>decem</span> <span class='ocrx_word' id='word_1_53' title='bbox 698 843 868 890; x_wconf 89' lang='lat' dir='ltr'>decies</span> <span class='ocrx_word' id='word_1_54' title='bbox 894 842 1209 906; x_wconf 89' lang='lat' dir='ltr'>inspicienda</span> <span class='ocrx_word' id='word_1_55' title='bbox 1232 844 1366 891; x_wconf 90' lang='lat' dir='ltr'>viris.</span> 
     </span>
    </p>

    <p class='ocr_par' dir='ltr' id='par_1_11' title="bbox 222 919 1613 1062">
     <span class='ocr_line' id='line_1_13' title="bbox 222 919 1613 984; baseline 0.001 -16"><span class='ocrx_word' id='word_1_56' title='bbox 222 920 324 968; x_wconf 79' lang='lat' dir='ltr'>Res</span> <span class='ocrx_word' id='word_1_57' title='bbox 345 937 547 984; x_wconf 90' lang='lat' dir='ltr'>quoque</span> <span class='ocrx_word' id='word_1_58' title='bbox 567 920 783 984; x_wconf 85' lang='lat' dir='ltr'>privatas</span> <span class='ocrx_word' id='word_1_59' title='bbox 803 919 956 966; x_wconf 85' lang='lat' dir='ltr'>statui</span> <span class='ocrx_word' id='word_1_60' title='bbox 977 920 1084 967; x_wconf 90' lang='lat' dir='ltr'>sine</span> <span class='ocrx_word' id='word_1_61' title='bbox 1109 920 1316 969; x_wconf 89' lang='lat' dir='ltr'>crimine</span> <span class='ocrx_word' id='word_1_62' title='bbox 1334 921 1510 984; x_wconf 87' lang='lat' dir='ltr'>judex,</span> <span class='ocrx_word' id='word_1_63' title='bbox 1550 924 1613 969; x_wconf 88' lang='lat'>95</span> 
     </span>
     <span class='ocr_line' id='line_1_14' title="bbox 287 997 1532 1062; baseline 0.002 -18"><span class='ocrx_word' id='word_1_64' title='bbox 287 998 467 1062; x_wconf 82' lang='lat' dir='ltr'>Deque</span> <span class='ocrx_word' id='word_1_65' title='bbox 493 1014 606 1046; x_wconf 90' lang='lat' dir='ltr'>mea</span> <span class='ocrx_word' id='word_1_66' title='bbox 629 997 762 1045; x_wconf 83' lang='lat' dir='ltr'>fassa</span> <span class='ocrx_word' id='word_1_67' title='bbox 786 1002 868 1045; x_wconf 75' lang='lat' dir='ltr'>est</span> <span class='ocrx_word' id='word_1_68' title='bbox 891 1012 1006 1061; x_wconf 89' lang='lat' dir='ltr'>pars</span> <span class='ocrx_word' id='word_1_69' title='bbox 1033 1014 1234 1062; x_wconf 91' lang='lat' dir='ltr'>quoque</span> <span class='ocrx_word' id='word_1_70' title='bbox 1258 998 1393 1046; x_wconf 86' lang='lat' dir='ltr'>victa</span> <span class='ocrx_word' id='word_1_71' title='bbox 1415 998 1532 1046; x_wconf 91' lang='lat' dir='ltr'>fide.</span> 
     </span>
    </p>
   </div>
   <div class='ocr_carea' id='block_1_10' title="bbox 215 1204 881 2477">
    <p class='ocr_par' dir='ltr' id='par_1_12' title="bbox 216 1204 881 1389">
     <span class='ocr_line' id='line_1_15' title="bbox 217 1204 881 1245; baseline -0.003 -9"><span class='ocrx_word' id='word_1_72' title='bbox 217 1205 303 1236; x_wconf 87' lang='lat' dir='ltr'>rioris</span> <span class='ocrx_word' id='word_1_73' title='bbox 315 1205 453 1241; x_wconf 78' lang='lat' dir='ltr'>distichi,</span> <span class='ocrx_word' id='word_1_74' title='bbox 469 1211 575 1236; x_wconf 86' lang='lat' dir='ltr'>censet</span> <span class='ocrx_word' id='word_1_75' title='bbox 590 1204 750 1236; x_wconf 85' lang='lat' dir='ltr'>Heinsius.</span> <span class='ocrx_word' id='word_1_76' title='bbox 773 1204 881 1245; x_wconf 65' lang='lat' dir='ltr'>Atque</span> 
     </span>
     <span class='ocr_line' id='line_1_16' title="bbox 216 1252 881 1294; baseline -0.005 -9"><span class='ocrx_word' id='word_1_77' title='bbox 216 1266 275 1294; x_wconf 70' lang='lat' dir='ltr'>ego</span> <span class='ocrx_word' id='word_1_78' title='bbox 303 1253 518 1285; x_wconf 77' lang='lat' dir='ltr'>lubentissime</span> <span class='ocrx_word' id='word_1_79' title='bbox 555 1253 793 1289; x_wconf 78' lang='lat' dir='ltr'>subscriberem,</span> <span class='ocrx_word' id='word_1_80' title='bbox 822 1252 881 1283; x_wconf 90' lang='lat' dir='ltr'>nisi</span> 
     </span>
     <span class='ocr_line' id='line_1_17' title="bbox 218 1303 881 1345; baseline -0.002 -11"><span class='ocrx_word' id='word_1_81' title='bbox 218 1304 367 1335; x_wconf 86' lang='lat' dir='ltr'>Ovidium</span> <span class='ocrx_word' id='word_1_82' title='bbox 384 1304 526 1334; x_wconf 85' lang='lat' dir='ltr'>ubertate</span> <span class='ocrx_word' id='word_1_83' title='bbox 541 1309 572 1334; x_wconf 87' lang='lat' dir='ltr'>et</span> <span class='ocrx_word' id='word_1_84' title='bbox 593 1303 685 1344; x_wconf 88' lang='lat' dir='ltr'>copia</span> <span class='ocrx_word' id='word_1_85' title='bbox 705 1303 820 1345; x_wconf 88' lang='lat' dir='ltr'>saepius</span> <span class='ocrx_word' id='word_1_86' title='bbox 835 1303 881 1333; x_wconf 86' lang='lat' dir='ltr'>la·</span> 
     </span>
     <span class='ocr_line' id='line_1_18' title="bbox 219 1352 765 1389; baseline 0 -6"><span class='ocrx_word' id='word_1_87' title='bbox 219 1354 337 1389; x_wconf 86' lang='lat' dir='ltr'>borare,</span> <span class='ocrx_word' id='word_1_88' title='bbox 355 1358 462 1383; x_wconf 82' lang='lat' dir='ltr'>notum</span> <span class='ocrx_word' id='word_1_89' title='bbox 478 1357 570 1383; x_wconf 86' lang='lat' dir='ltr'>esset.</span> <span class='ocrx_word' id='word_1_90' title='bbox 616 1352 765 1383; x_wconf 75' lang='lat' dir='ltr'>HARLES.</span> 
     </span>
    </p>

    <p class='ocr_par' dir='ltr' id='par_1_13' title="bbox 215 1401 881 2430">
     <span class='ocr_line' id='line_1_19' title="bbox 261 1401 880 1442; baseline -0.003 -10"><span class='ocrx_word' id='word_1_91' title='bbox 261 1404 314 1433; x_wconf 84' lang='lat'>90.</span> <span class='ocrx_word' id='word_1_92' title='bbox 346 1402 563 1432; x_wconf 64' lang='lat' dir='ltr'>J‘raetereuntis</span> <span class='ocrx_word' id='word_1_93' title='bbox 591 1401 693 1442; x_wconf 57' lang='lat' dir='ltr'>equa]</span> <span class='ocrx_word' id='word_1_94' title='bbox 729 1401 880 1431; x_wconf 85' lang='lat' dir='ltr'>Probasse</span> 
     </span>
     <span class='ocr_line' id='line_1_20' title="bbox 217 1449 881 1492; baseline -0.002 -11"><span class='ocrx_word' id='word_1_95' title='bbox 217 1462 318 1482; x_wconf 77' lang='lat' dir='ltr'>mores</span> <span class='ocrx_word' id='word_1_96' title='bbox 332 1451 428 1492; x_wconf 78' lang='lat' dir='ltr'>ipsius</span> <span class='ocrx_word' id='word_1_97' title='bbox 444 1456 626 1492; x_wconf 86' lang='lat' dir='ltr'>argumento</span> <span class='ocrx_word' id='word_1_98' title='bbox 644 1461 711 1482; x_wconf 88' lang='lat' dir='ltr'>esse</span> <span class='ocrx_word' id='word_1_99' title='bbox 727 1449 781 1486; x_wconf 88' lang='lat' dir='ltr'>ait,</span> <span class='ocrx_word' id='word_1_100' title='bbox 798 1449 881 1491; x_wconf 88' lang='lat' dir='ltr'>quod</span> 
     </span>
     <span class='ocr_line' id='line_1_21' title="bbox 217 1498 881 1541; baseline -0.005 -10"><span class='ocrx_word' id='word_1_101' title='bbox 217 1501 256 1531; x_wconf 89' lang='lat' dir='ltr'>ab</span> <span class='ocrx_word' id='word_1_102' title='bbox 278 1511 326 1536; x_wconf 83' lang='lat' dir='ltr'>en,</span> <span class='ocrx_word' id='word_1_103' title='bbox 346 1506 381 1530; x_wconf 92' lang='lat' dir='ltr'>ut</span> <span class='ocrx_word' id='word_1_104' title='bbox 402 1510 541 1536; x_wconf 85' lang='lat' dir='ltr'>censore,</span> <span class='ocrx_word' id='word_1_105' title='bbox 565 1510 645 1541; x_wconf 89' lang='lat' dir='ltr'>equo</span> <span class='ocrx_word' id='word_1_106' title='bbox 671 1499 805 1530; x_wconf 87' lang='lat' dir='ltr'>donatus</span> <span class='ocrx_word' id='word_1_107' title='bbox 830 1498 881 1528; x_wconf 85' lang='lat' dir='ltr'>sit.</span> 
     </span>
     <span class='ocr_line' id='line_1_22' title="bbox 218 1548 881 1591; baseline -0.002 -12"><span class='ocrx_word' id='word_1_108' title='bbox 218 1550 368 1591; x_wconf 84' lang='lat' dir='ltr'>Loquitur</span> <span class='ocrx_word' id='word_1_109' title='bbox 377 1555 481 1580; x_wconf 82' lang='lat' dir='ltr'>autem</span> <span class='ocrx_word' id='word_1_110' title='bbox 491 1549 529 1580; x_wconf 90' lang='lat' dir='ltr'>de</span> <span class='ocrx_word' id='word_1_111' title='bbox 541 1560 622 1590; x_wconf 84' lang='lat' dir='ltr'>equo</span> <span class='ocrx_word' id='word_1_112' title='bbox 631 1548 881 1579; x_wconf 84' lang='lat' dir='ltr'>transvectionis.</span> 
     </span>
     <span class='ocr_line' id='line_1_23' title="bbox 217 1598 881 1640; baseline -0.002 -11"><span class='ocrx_word' id='word_1_113' title='bbox 217 1598 400 1640; x_wconf 87' lang='lat' dir='ltr'>Dionysius,</span> <span class='ocrx_word' id='word_1_114' title='bbox 416 1598 470 1629; x_wconf 87' lang='lat' dir='ltr'>lib.</span> <span class='ocrx_word' id='word_1_115' title='bbox 486 1598 527 1629; x_wconf 89' lang='lat' dir='ltr'>vi.</span> <span class='ocrx_word' id='word_1_116' title='bbox 542 1598 661 1634; x_wconf 85' lang='lat' dir='ltr'>scribit,</span> <span class='ocrx_word' id='word_1_117' title='bbox 680 1598 712 1628; x_wconf 92' lang='lat' dir='ltr'>in</span> <span class='ocrx_word' id='word_1_118' title='bbox 733 1598 881 1628; x_wconf 88' lang='lat' dir='ltr'>honorem</span> 
     </span>
     <span class='ocr_line' id='line_1_24' title="bbox 216 1646 881 1689; baseline 0 -12"><span class='ocrx_word' id='word_1_119' title='bbox 216 1648 421 1689; x_wconf 77' lang='lat' dir='ltr'>adparitionis</span> <span class='ocrx_word' id='word_1_120' title='bbox 443 1648 618 1683; x_wconf 78' lang='lat' dir='ltr'>Castorum,</span> <span class='ocrx_word' id='word_1_121' title='bbox 646 1647 794 1688; x_wconf 90' lang='lat' dir='ltr'>illiusque</span> <span class='ocrx_word' id='word_1_122' title='bbox 816 1646 881 1677; x_wconf 84' lang='lat' dir='ltr'>vic-</span> 
     </span>
     <span class='ocr_line' id='line_1_25' title="bbox 215 1697 881 1739; baseline -0.002 -11"><span class='ocrx_word' id='word_1_123' title='bbox 215 1697 313 1733; x_wconf 63' lang='lat' dir='ltr'>tori-m,</span> <span class='ocrx_word' id='word_1_124' title='bbox 333 1708 402 1739; x_wconf 76' lang='lat' dir='ltr'>quae</span> <span class='ocrx_word' id='word_1_125' title='bbox 423 1697 463 1728; x_wconf 88' lang='lat' dir='ltr'>ad</span> <span class='ocrx_word' id='word_1_126' title='bbox 483 1698 588 1728; x_wconf 86' lang='lat' dir='ltr'>lacum</span> <span class='ocrx_word' id='word_1_127' title='bbox 606 1697 768 1738; x_wconf 84' lang='lat' dir='ltr'>Regillum</span> <span class='ocrx_word' id='word_1_128' title='bbox 789 1703 881 1739; x_wconf 85' lang='lat' dir='ltr'>parta</span> 
     </span>
     <span class='ocr_line' id='line_1_26' title="bbox 215 1746 880 1788; baseline -0.003 -10"><span class='ocrx_word' id='word_1_129' title='bbox 215 1754 271 1783; x_wconf 84' lang='lat' dir='ltr'>est,</span> <span class='ocrx_word' id='word_1_130' title='bbox 299 1747 387 1788; x_wconf 87' lang='lat' dir='ltr'>equis</span> <span class='ocrx_word' id='word_1_131' title='bbox 416 1747 562 1778; x_wconf 80' lang='lat' dir='ltr'>sedentes</span> <span class='ocrx_word' id='word_1_132' title='bbox 599 1747 767 1783; x_wconf 84' lang='lat' dir='ltr'>transvehi,</span> <span class='ocrx_word' id='word_1_133' title='bbox 801 1746 880 1777; x_wconf 88' lang='lat' dir='ltr'>inci-</span> 
     </span>
     <span class='ocr_line' id='line_1_27' title="bbox 215 1796 878 1838; baseline 0 -12"><span class='ocrx_word' id='word_1_134' title='bbox 215 1796 336 1838; x_wconf 80' lang='lat' dir='ltr'>pientes</span> <span class='ocrx_word' id='word_1_135' title='bbox 352 1807 370 1827; x_wconf 82' lang='lat' dir='ltr'>a</span> <span class='ocrx_word' id='word_1_136' title='bbox 386 1797 502 1838; x_wconf 83' lang='lat' dir='ltr'>templo</span> <span class='ocrx_word' id='word_1_137' title='bbox 515 1796 628 1827; x_wconf 83' lang='lat' dir='ltr'>Martis</span> <span class='ocrx_word' id='word_1_138' title='bbox 643 1801 878 1832; x_wconf 81' lang='lat' dir='ltr'>extramurano,</span> 
     </span>
     <span class='ocr_line' id='line_1_28' title="bbox 215 1845 878 1888; baseline 0 -12"><span class='ocrx_word' id='word_1_139' title='bbox 215 1845 386 1888; x_wconf 84' lang='lat' dir='ltr'>perrexisse</span> <span class='ocrx_word' id='word_1_140' title='bbox 398 1856 452 1887; x_wconf 88' lang='lat' dir='ltr'>per</span> <span class='ocrx_word' id='word_1_141' title='bbox 463 1846 575 1881; x_wconf 86' lang='lat' dir='ltr'>forum,</span> <span class='ocrx_word' id='word_1_142' title='bbox 585 1846 678 1887; x_wconf 84' lang='lat' dir='ltr'>juxta</span> <span class='ocrx_word' id='word_1_143' title='bbox 688 1845 787 1876; x_wconf 83' lang='lat' dir='ltr'>aedem</span> <span class='ocrx_word' id='word_1_144' title='bbox 801 1846 878 1876; x_wconf 78' lang='lat' dir='ltr'>Cas-</span> 
     </span>
     <span class='ocr_line' id='line_1_29' title="bbox 217 1895 878 1926; baseline 0 -1"><span class='ocrx_word' id='word_1_145' title='bbox 217 1895 299 1925; x_wconf 88' lang='lat' dir='ltr'>toris.</span> <span class='ocrx_word' id='word_1_146' title='bbox 345 1895 456 1925; x_wconf 82' lang='lat' dir='ltr'>Fiebat</span> <span class='ocrx_word' id='word_1_147' title='bbox 478 1901 582 1925; x_wconf 83' lang='lat' dir='ltr'>autem</span> <span class='ocrx_word' id='word_1_148' title='bbox 603 1895 669 1925; x_wconf 83' lang='lat' dir='ltr'>baec</span> <span class='ocrx_word' id='word_1_149' title='bbox 693 1895 878 1926; x_wconf 80' lang='lat' dir='ltr'>transvectio</span> 
     </span>
     <span class='ocr_line' id='line_1_30' title="bbox 215 1943 876 1986; baseline 0.002 -12"><span class='ocrx_word' id='word_1_150' title='bbox 215 1944 295 1975; x_wconf 86' lang='lat' dir='ltr'>idib.</span> <span class='ocrx_word' id='word_1_151' title='bbox 325 1943 532 1981; x_wconf 83' lang='lat' dir='ltr'>Quintilibus,</span> <span class='ocrx_word' id='word_1_152' title='bbox 557 1954 619 1985; x_wconf 87' lang='lat' dir='ltr'>quo</span> <span class='ocrx_word' id='word_1_153' title='bbox 645 1943 696 1974; x_wconf 90' lang='lat' dir='ltr'>die</span> <span class='ocrx_word' id='word_1_154' title='bbox 725 1943 809 1986; x_wconf 88' lang='lat' dir='ltr'>apud</span> <span class='ocrx_word' id='word_1_155' title='bbox 830 1944 876 1975; x_wconf 82' lang='lat' dir='ltr'>la-</span> 
     </span>
     <span class='ocr_line' id='line_1_31' title="bbox 216 1993 878 2034; baseline -0.003 -10"><span class='ocrx_word' id='word_1_156' title='bbox 216 2004 287 2024; x_wconf 87' lang='lat' dir='ltr'>cum</span> <span class='ocrx_word' id='word_1_157' title='bbox 300 1993 462 2034; x_wconf 84' lang='lat' dir='ltr'>Regillum</span> <span class='ocrx_word' id='word_1_158' title='bbox 478 2003 621 2034; x_wconf 84' lang='lat' dir='ltr'>prospere</span> <span class='ocrx_word' id='word_1_159' title='bbox 632 1998 806 2033; x_wconf 76' lang='lat' dir='ltr'>pugnatum</span> <span class='ocrx_word' id='word_1_160' title='bbox 820 1998 878 2029; x_wconf 89' lang='lat' dir='ltr'>est,</span> 
     </span>
     <span class='ocr_line' id='line_1_32' title="bbox 216 2041 879 2074; baseline -0.003 0"><span class='ocrx_word' id='word_1_161' title='bbox 216 2044 346 2074; x_wconf 74' lang='lat' dir='ltr'>Castore</span> <span class='ocrx_word' id='word_1_162' title='bbox 363 2048 393 2072; x_wconf 85' lang='lat' dir='ltr'>et</span> <span class='ocrx_word' id='word_1_163' title='bbox 412 2042 542 2072; x_wconf 88' lang='lat' dir='ltr'>Polluce</span> <span class='ocrx_word' id='word_1_164' title='bbox 557 2041 796 2073; x_wconf 78' lang='lat' dir='ltr'>auxiliantibus.</span> <span class='ocrx_word' id='word_1_165' title='bbox 840 2042 879 2072; x_wconf 92' lang='lat' dir='ltr'>In</span> 
     </span>
     <span class='ocr_line' id='line_1_33' title="bbox 217 2090 878 2132; baseline -0.002 -9"><span class='ocrx_word' id='word_1_166' title='bbox 217 2091 444 2123; x_wconf 78' lang='lat' dir='ltr'>transvectione</span> <span class='ocrx_word' id='word_1_167' title='bbox 459 2094 563 2122; x_wconf 86' lang='lat' dir='ltr'>autem</span> <span class='ocrx_word' id='word_1_168' title='bbox 582 2090 704 2132; x_wconf 77' lang='lat' dir='ltr'>equites</span> <span class='ocrx_word' id='word_1_169' title='bbox 720 2090 878 2122; x_wconf 84' lang='lat' dir='ltr'>veheban-</span> 
     </span>
     <span class='ocr_line' id='line_1_34' title="bbox 217 2139 879 2177; baseline -0.003 -5"><span class='ocrx_word' id='word_1_170' title='bbox 217 2149 277 2177; x_wconf 86' lang='lat' dir='ltr'>tur,</span> <span class='ocrx_word' id='word_1_171' title='bbox 303 2139 440 2172; x_wconf 77' lang='lat' dir='ltr'>coronati</span> <span class='ocrx_word' id='word_1_172' title='bbox 460 2140 612 2170; x_wconf 87' lang='lat' dir='ltr'>olivarum</span> <span class='ocrx_word' id='word_1_173' title='bbox 635 2139 739 2174; x_wconf 84' lang='lat' dir='ltr'>ramis,</span> <span class='ocrx_word' id='word_1_174' title='bbox 761 2139 879 2170; x_wconf 78' lang='lat' dir='ltr'>induti·</span> 
     </span>
     <span class='ocr_line' id='line_1_35' title="bbox 217 2187 879 2232; baseline 0 -11"><span class='ocrx_word' id='word_1_175' title='bbox 217 2201 277 2232; x_wconf 87' lang='lat' dir='ltr'>que</span> <span class='ocrx_word' id='word_1_176' title='bbox 292 2189 407 2221; x_wconf 82' lang='lat' dir='ltr'>trabeis</span> <span class='ocrx_word' id='word_1_177' title='bbox 419 2188 545 2230; x_wconf 85' lang='lat' dir='ltr'>punicei</span> <span class='ocrx_word' id='word_1_178' title='bbox 558 2187 679 2225; x_wconf 85' lang='lat' dir='ltr'>coloris,</span> <span class='ocrx_word' id='word_1_179' title='bbox 690 2199 796 2219; x_wconf 85' lang='lat' dir='ltr'>secum</span> <span class='ocrx_word' id='word_1_180' title='bbox 810 2200 879 2230; x_wconf 86' lang='lat' dir='ltr'>ges-</span> 
     </span>
     <span class='ocr_line' id='line_1_36' title="bbox 217 2239 880 2280; baseline -0.002 -9"><span class='ocrx_word' id='word_1_181' title='bbox 217 2246 320 2272; x_wconf 85' lang='lat' dir='ltr'>tantes</span> <span class='ocrx_word' id='word_1_182' title='bbox 345 2243 538 2274; x_wconf 84' lang='lat' dir='ltr'>ornamenta,</span> <span class='ocrx_word' id='word_1_183' title='bbox 561 2239 751 2280; x_wconf 65' lang='lat' dir='ltr'>praemiaque</span> <span class='ocrx_word' id='word_1_184' title='bbox 775 2239 880 2270; x_wconf 88' lang='lat' dir='ltr'>omnia</span> 
     </span>
     <span class='ocr_line' id='line_1_37' title="bbox 216 2287 879 2330; baseline -0.003 -9"><span class='ocrx_word' id='word_1_185' title='bbox 216 2288 417 2325; x_wconf 78' lang='lat' dir='ltr'>fortitudinis,</span> <span class='ocrx_word' id='word_1_186' title='bbox 434 2298 642 2329; x_wconf 83' lang='lat' dir='ltr'>quaecumque</span> <span class='ocrx_word' id='word_1_187' title='bbox 659 2287 690 2318; x_wconf 92' lang='lat' dir='ltr'>in</span> <span class='ocrx_word' id='word_1_188' title='bbox 706 2288 821 2330; x_wconf 83' lang='lat' dir='ltr'>praeliis</span> <span class='ocrx_word' id='word_1_189' title='bbox 840 2290 879 2319; x_wconf 86' lang='lat' dir='ltr'>ob</span> 
     </span>
     <span class='ocr_line' id='line_1_38' title="bbox 216 2336 880 2378; baseline -0.003 -8"><span class='ocrx_word' id='word_1_190' title='bbox 216 2351 280 2370; x_wconf 87' lang='lat' dir='ltr'>rem</span> <span class='ocrx_word' id='word_1_191' title='bbox 308 2340 387 2368; x_wconf 91' lang='lat' dir='ltr'>bene</span> <span class='ocrx_word' id='word_1_192' title='bbox 412 2343 542 2378; x_wconf 85' lang='lat' dir='ltr'>gestam,</span> <span class='ocrx_word' id='word_1_193' title='bbox 567 2347 586 2367; x_wconf 86' lang='lat' dir='ltr'>a</span> <span class='ocrx_word' id='word_1_194' title='bbox 607 2336 787 2368; x_wconf 87' lang='lat' dir='ltr'>ductoribus</span> <span class='ocrx_word' id='word_1_195' title='bbox 815 2337 880 2368; x_wconf 90' lang='lat' dir='ltr'>suis</span> 
     </span>
     <span class='ocr_line' id='line_1_39' title="bbox 216 2398 376 2430; baseline -0.013 -10"><span class='ocrx_word' id='word_1_196' title='bbox 216 2398 376 2430; x_wconf 69' lang='lat' dir='ltr'>accepere.</span> 
     </span>
    </p>

    <p class='ocr_par' dir='ltr' id='par_1_14' title="bbox 260 2435 877 2477">
     <span class='ocr_line' id='line_1_40' title="bbox 260 2435 877 2477; baseline -0.006 -8"><span class='ocrx_word' id='word_1_197' title='bbox 260 2450 310 2469; x_wconf 91' lang='lat' dir='ltr'>vv.</span> <span class='ocrx_word' id='word_1_198' title='bbox 325 2438 378 2474; x_wconf 84' lang='lat'>91,</span> <span class='ocrx_word' id='word_1_199' title='bbox 395 2437 447 2467; x_wconf 81' lang='lat'>92.</span> <span class='ocrx_word' id='word_1_200' title='bbox 471 2435 514 2466; x_wconf 90' lang='lat' dir='ltr'>Hi</span> <span class='ocrx_word' id='word_1_201' title='bbox 535 2445 660 2477; x_wconf 87' lang='lat' dir='ltr'>quoque</span> <span class='ocrx_word' id='word_1_202' title='bbox 683 2445 790 2466; x_wconf 89' lang='lat' dir='ltr'>versus</span> <span class='ocrx_word' id='word_1_203' title='bbox 812 2445 877 2466; x_wconf 87' lang='lat' dir='ltr'>sus—</span> 
     </span>
    </p>
   </div>
   <div class='ocr_carea' id='block_1_11' title="bbox 216 2479 890 2529">
    <p class='ocr_par' dir='ltr' id='par_1_15' title="bbox 216 2479 890 2529">
     <span class='ocr_line' id='line_1_41' title="bbox 216 2479 890 2529; baseline -0.007 -11"><span class='ocrx_word' id='word_1_204' title='bbox 216 2487 299 2529; x_wconf 88' lang='lat' dir='ltr'>pecti</span> <span class='ocrx_word' id='word_1_205' title='bbox 319 2492 391 2518; x_wconf 89' lang='lat' dir='ltr'>sunt</span> <span class='ocrx_word' id='word_1_206' title='bbox 406 2484 546 2516; x_wconf 88' lang='lat' dir='ltr'>Heinsio.</span> <span class='ocrx_word' id='word_1_207' title='bbox 593 2484 703 2514; x_wconf 88' lang='lat' dir='ltr'>Burm.</span> <span class='ocrx_word' id='word_1_208' title='bbox 720 2483 856 2525; x_wconf 84' lang='lat' dir='ltr'>conjecit</span> <span class='ocrx_word' id='word_1_209' title='bbox 870 2479 890 2514; x_wconf 72' lang='grc' dir='ltr'>ε’</span> 
     </span>
    </p>
   </div>
   <div class='ocr_carea' id='block_1_12' title="bbox 215 2533 878 2771">
    <p class='ocr_par' dir='ltr' id='par_1_16' title="bbox 215 2533 878 2717">
     <span class='ocr_line' id='line_1_42' title="bbox 219 2533 878 2575; baseline -0.005 -8"><span class='ocrx_word' id='word_1_210' title='bbox 219 2536 305 2570; x_wconf 75' lang='lat' dir='ltr'>Quod</span> <span class='ocrx_word' id='word_1_211' title='bbox 324 2537 348 2566; x_wconf 82' lang='lat' dir='ltr'>si</span> <span class='ocrx_word' id='word_1_212' title='bbox 366 2546 424 2566; x_wconf 86' lang='lat' dir='ltr'>non</span> <span class='ocrx_word' id='word_1_213' title='bbox 441 2535 569 2575; x_wconf 80' lang='lat' dir='ltr'>prodest,</span> <span class='ocrx_word' id='word_1_214' title='bbox 585 2540 613 2563; x_wconf 80' lang='lat' dir='ltr'>et</span> <span class='ocrx_word' id='word_1_215' title='bbox 632 2533 759 2563; x_wconf 73' lang='lat' dir='ltr'>lionestte</span> <span class='ocrx_word' id='word_1_216' title='bbox 772 2534 878 2575; x_wconf 58' lang='lat' dir='ltr'>gloria!</span> 
     </span>
     <span class='ocr_line' id='line_1_43' title="bbox 217 2584 876 2621; baseline -0.003 -6"><span class='ocrx_word' id='word_1_217' title='bbox 217 2587 282 2615; x_wconf 73' lang='lat' dir='ltr'>ritcc</span> <span class='ocrx_word' id='word_1_218' title='bbox 300 2585 472 2621; x_wconf 76' lang='lat' dir='ltr'>Perditur5</span> <span class='ocrx_word' id='word_1_219' title='bbox 496 2590 528 2614; x_wconf 79' lang='lat' dir='ltr'>at</span> <span class='ocrx_word' id='word_1_220' title='bbox 548 2584 670 2613; x_wconf 74' lang='lat' dir='ltr'>nullum</span> <span class='ocrx_word' id='word_1_221' title='bbox 688 2584 800 2613; x_wconf 81' lang='lat' dir='ltr'>crimen</span> <span class='ocrx_word' id='word_1_222' title='bbox 820 2585 876 2613; x_wconf 75' lang='lat' dir='ltr'>ad-</span> 
     </span>
     <span class='ocr_line' id='line_1_44' title="bbox 215 2630 877 2673; baseline -0.003 -9"><span class='ocrx_word' id='word_1_223' title='bbox 215 2635 285 2664; x_wconf 81' lang='lat' dir='ltr'>emit</span> <span class='ocrx_word' id='word_1_224' title='bbox 306 2644 422 2673; x_wconf 78' lang='lat' dir='ltr'>equum.</span> <span class='ocrx_word' id='word_1_225' title='bbox 467 2633 636 2673; x_wconf 82' lang='lat' dir='ltr'>Eleganter</span> <span class='ocrx_word' id='word_1_226' title='bbox 658 2630 797 2672; x_wconf 88' lang='lat' dir='ltr'>quidem,</span> <span class='ocrx_word' id='word_1_227' title='bbox 822 2631 877 2663; x_wconf 87' lang='lat' dir='ltr'>sed</span> 
     </span>
     <span class='ocr_line' id='line_1_45' title="bbox 216 2680 878 2717; baseline -0.002 -4"><span class='ocrx_word' id='word_1_228' title='bbox 216 2683 274 2713; x_wconf 81' lang='lat' dir='ltr'>lioc</span> <span class='ocrx_word' id='word_1_229' title='bbox 290 2682 348 2713; x_wconf 85' lang='lat' dir='ltr'>erit</span> <span class='ocrx_word' id='word_1_230' title='bbox 363 2693 461 2717; x_wconf 81' lang='lat' dir='ltr'>urere,</span> <span class='ocrx_word' id='word_1_231' title='bbox 478 2691 538 2712; x_wconf 88' lang='lat' dir='ltr'>non</span> <span class='ocrx_word' id='word_1_232' title='bbox 553 2680 683 2711; x_wconf 83' lang='lat' dir='ltr'>mederi.</span> <span class='ocrx_word' id='word_1_233' title='bbox 728 2681 878 2712; x_wconf 67' lang='lat' dir='ltr'>HAuLEs.</span> 
     </span>
    </p>

    <p class='ocr_par' dir='ltr' id='par_1_17' title="bbox 259 2730 878 2771">
     <span class='ocr_line' id='line_1_46' title="bbox 259 2730 878 2771; baseline -0.003 -8"><span class='ocrx_word' id='word_1_234' title='bbox 259 2733 312 2763; x_wconf 89' lang='grc'>93.</span> <span class='ocrx_word' id='word_1_235' title='bbox 339 2732 402 2763; x_wconf 82' lang='lat' dir='ltr'>Nec</span> <span class='ocrx_word' id='word_1_236' title='bbox 430 2732 506 2762; x_wconf 79' lang='lat' dir='ltr'>mule</span> <span class='ocrx_word' id='word_1_237' title='bbox 535 2733 684 2762; x_wconf 82' lang='lat' dir='ltr'>commissa</span> <span class='ocrx_word' id='word_1_238' title='bbox 711 2730 783 2771; x_wconf 83' lang='lat' dir='ltr'>est.]</span> <span class='ocrx_word' id='word_1_239' title='bbox 819 2731 878 2762; x_wconf 82' lang='lat' dir='ltr'>His</span> 
     </span>
    </p>
   </div>
   <div class='ocr_carea' id='block_1_13' title="bbox 944 1203 1618 2761">
    <p class='ocr_par' dir='ltr' id='par_1_18' title="bbox 944 1203 1618 1982">
     <span class='ocr_line' id='line_1_47' title="bbox 950 1203 1616 1246; baseline 0.002 -12"><span class='ocrx_word' id='word_1_240' title='bbox 950 1203 1072 1235; x_wconf 88' lang='lat' dir='ltr'>duobus</span> <span class='ocrx_word' id='word_1_241' title='bbox 1087 1204 1227 1235; x_wconf 89' lang='lat' dir='ltr'>versibus</span> <span class='ocrx_word' id='word_1_242' title='bbox 1239 1203 1383 1245; x_wconf 77' lang='lat' dir='ltr'>designat</span> <span class='ocrx_word' id='word_1_243' title='bbox 1395 1214 1428 1235; x_wconf 88' lang='lat' dir='ltr'>se</span> <span class='ocrx_word' id='word_1_244' title='bbox 1442 1209 1533 1246; x_wconf 81' lang='lat' dir='ltr'>poeta</span> <span class='ocrx_word' id='word_1_245' title='bbox 1543 1214 1616 1236; x_wconf 87' lang='lat' dir='ltr'>cen-</span> 
     </span>
     <span class='ocr_line' id='line_1_48' title="bbox 949 1253 1616 1296; baseline 0.001 -13"><span class='ocrx_word' id='word_1_246' title='bbox 949 1253 1118 1284; x_wconf 86' lang='lat' dir='ltr'>tumvirum</span> <span class='ocrx_word' id='word_1_247' title='bbox 1149 1253 1254 1285; x_wconf 87' lang='lat' dir='ltr'>fuisse.</span> <span class='ocrx_word' id='word_1_248' title='bbox 1300 1254 1338 1285; x_wconf 93' lang='lat' dir='ltr'>In</span> <span class='ocrx_word' id='word_1_249' title='bbox 1364 1264 1400 1284; x_wconf 90' lang='lat' dir='ltr'>eo</span> <span class='ocrx_word' id='word_1_250' title='bbox 1426 1253 1509 1284; x_wconf 89' lang='lat' dir='ltr'>enirn</span> <span class='ocrx_word' id='word_1_251' title='bbox 1529 1253 1616 1296; x_wconf 89' lang='lat' dir='ltr'>judi-</span> 
     </span>
     <span class='ocr_line' id='line_1_49' title="bbox 949 1302 1615 1339; baseline 0.003 -7"><span class='ocrx_word' id='word_1_252' title='bbox 949 1302 998 1333; x_wconf 92' lang='lat' dir='ltr'>cio</span> <span class='ocrx_word' id='word_1_253' title='bbox 1013 1313 1116 1333; x_wconf 80' lang='lat' dir='ltr'>causae</span> <span class='ocrx_word' id='word_1_254' title='bbox 1133 1303 1386 1339; x_wconf 83' lang='lat' dir='ltr'>testamentariae,</span> <span class='ocrx_word' id='word_1_255' title='bbox 1402 1308 1434 1334; x_wconf 90' lang='lat' dir='ltr'>et</span> <span class='ocrx_word' id='word_1_256' title='bbox 1448 1303 1615 1334; x_wconf 80' lang='lat' dir='ltr'>haeredita-</span> 
     </span>
     <span class='ocr_line' id='line_1_50' title="bbox 948 1351 1618 1394; baseline 0.003 -12"><span class='ocrx_word' id='word_1_257' title='bbox 948 1351 1013 1387; x_wconf 82' lang='lat' dir='ltr'>riae,</span> <span class='ocrx_word' id='word_1_258' title='bbox 1025 1351 1266 1394; x_wconf 87' lang='lat' dir='ltr'>criminalesque</span> <span class='ocrx_word' id='word_1_259' title='bbox 1284 1351 1379 1383; x_wconf 80' lang='lat' dir='ltr'>etiam</span> <span class='ocrx_word' id='word_1_260' title='bbox 1395 1352 1618 1385; x_wconf 82' lang='lat' dir='ltr'>audiebantur.</span> 
     </span>
     <span class='ocr_line' id='line_1_51' title="bbox 950 1400 1616 1433; baseline 0 -1"><span class='ocrx_word' id='word_1_261' title='bbox 950 1400 1145 1432; x_wconf 86' lang='lat' dir='ltr'>Centumviri</span> <span class='ocrx_word' id='word_1_262' title='bbox 1166 1407 1271 1433; x_wconf 86' lang='lat' dir='ltr'>autem</span> <span class='ocrx_word' id='word_1_263' title='bbox 1295 1412 1311 1433; x_wconf 90' lang='lat' dir='ltr'>a</span> <span class='ocrx_word' id='word_1_264' title='bbox 1333 1412 1460 1433; x_wconf 88' lang='lat' dir='ltr'>numero</span> <span class='ocrx_word' id='word_1_265' title='bbox 1482 1401 1616 1432; x_wconf 87' lang='lat' dir='ltr'>virorum</span> 
     </span>
     <span class='ocr_line' id='line_1_52' title="bbox 949 1450 1615 1494; baseline 0 -13"><span class='ocrx_word' id='word_1_266' title='bbox 949 1450 1148 1482; x_wconf 86' lang='lat' dir='ltr'>dicebantur.</span> <span class='ocrx_word' id='word_1_267' title='bbox 1195 1452 1280 1482; x_wconf 86' lang='lat' dir='ltr'>Nam</span> <span class='ocrx_word' id='word_1_268' title='bbox 1307 1462 1404 1494; x_wconf 89' lang='lat' dir='ltr'>quum</span> <span class='ocrx_word' id='word_1_269' title='bbox 1431 1451 1541 1482; x_wconf 88' lang='lat' dir='ltr'>Romae</span> <span class='ocrx_word' id='word_1_270' title='bbox 1566 1461 1615 1482; x_wconf 90' lang='lat' dir='ltr'>es-</span> 
     </span>
     <span class='ocr_line' id='line_1_53' title="bbox 950 1500 1616 1542; baseline -0.002 -11"><span class='ocrx_word' id='word_1_271' title='bbox 950 1505 1020 1531; x_wconf 89' lang='lat' dir='ltr'>sent</span> <span class='ocrx_word' id='word_1_272' title='bbox 1042 1500 1180 1542; x_wconf 86' lang='lat' dir='ltr'>quinque</span> <span class='ocrx_word' id='word_1_273' title='bbox 1202 1506 1232 1531; x_wconf 89' lang='lat' dir='ltr'>et</span> <span class='ocrx_word' id='word_1_274' title='bbox 1253 1500 1381 1542; x_wconf 83' lang='lat' dir='ltr'>triginta</span> <span class='ocrx_word' id='word_1_275' title='bbox 1400 1500 1511 1536; x_wconf 87' lang='lat' dir='ltr'>tribus,</span> <span class='ocrx_word' id='word_1_276' title='bbox 1536 1500 1616 1531; x_wconf 86' lang='lat' dir='ltr'>terni</span> 
     </span>
     <span class='ocr_line' id='line_1_54' title="bbox 948 1549 1617 1591; baseline 0 -11"><span class='ocrx_word' id='word_1_277' title='bbox 948 1559 986 1581; x_wconf 85' lang='lat' dir='ltr'>ex</span> <span class='ocrx_word' id='word_1_278' title='bbox 1016 1549 1149 1591; x_wconf 87' lang='lat' dir='ltr'>singulis</span> <span class='ocrx_word' id='word_1_279' title='bbox 1178 1550 1321 1581; x_wconf 86' lang='lat' dir='ltr'>tribubus</span> <span class='ocrx_word' id='word_1_280' title='bbox 1348 1549 1547 1591; x_wconf 84' lang='lat' dir='ltr'>eligebantur</span> <span class='ocrx_word' id='word_1_281' title='bbox 1576 1549 1617 1581; x_wconf 87' lang='lat' dir='ltr'>ad</span> 
     </span>
     <span class='ocr_line' id='line_1_55' title="bbox 944 1598 1617 1641; baseline 0 -12"><span class='ocrx_word' id='word_1_282' title='bbox 944 1598 1173 1641; x_wconf 85' lang='lat' dir='ltr'>judicandum:</span> <span class='ocrx_word' id='word_1_283' title='bbox 1206 1604 1237 1629; x_wconf 89' lang='lat' dir='ltr'>et</span> <span class='ocrx_word' id='word_1_284' title='bbox 1258 1598 1333 1640; x_wconf 84' lang='lat' dir='ltr'>licet</span> <span class='ocrx_word' id='word_1_285' title='bbox 1355 1598 1496 1641; x_wconf 88' lang='lat' dir='ltr'>quinque</span> <span class='ocrx_word' id='word_1_286' title='bbox 1519 1609 1617 1640; x_wconf 84' lang='lat' dir='ltr'>supra</span> 
     </span>
     <span class='ocr_line' id='line_1_56' title="bbox 949 1647 1617 1684; baseline 0.001 -6"><span class='ocrx_word' id='word_1_287' title='bbox 949 1653 1076 1679; x_wconf 86' lang='lat' dir='ltr'>centum</span> <span class='ocrx_word' id='word_1_288' title='bbox 1110 1647 1236 1684; x_wconf 79' lang='lat' dir='ltr'>fuerint,</span> <span class='ocrx_word' id='word_1_289' title='bbox 1274 1653 1379 1678; x_wconf 84' lang='lat' dir='ltr'>tamen</span> <span class='ocrx_word' id='word_1_290' title='bbox 1417 1653 1451 1678; x_wconf 91' lang='lat' dir='ltr'>ut</span> <span class='ocrx_word' id='word_1_291' title='bbox 1492 1647 1617 1679; x_wconf 78' lang='lat' dir='ltr'>facilius</span> 
     </span>
     <span class='ocr_line' id='line_1_57' title="bbox 949 1695 1616 1732; baseline -0.003 -4"><span class='ocrx_word' id='word_1_292' title='bbox 949 1697 1193 1732; x_wconf 84' lang='lat' dir='ltr'>nominarentur,</span> <span class='ocrx_word' id='word_1_293' title='bbox 1218 1696 1403 1728; x_wconf 86' lang='lat' dir='ltr'>centumviri</span> <span class='ocrx_word' id='word_1_294' title='bbox 1428 1702 1501 1728; x_wconf 89' lang='lat' dir='ltr'>sunt</span> <span class='ocrx_word' id='word_1_295' title='bbox 1525 1695 1616 1727; x_wconf 90' lang='lat' dir='ltr'>dicti.</span> 
     </span>
     <span class='ocr_line' id='line_1_58' title="bbox 947 1745 1615 1788; baseline -0.001 -11"><span class='ocrx_word' id='word_1_296' title='bbox 947 1747 1060 1777; x_wconf 89' lang='lat' dir='ltr'>Eorum</span> <span class='ocrx_word' id='word_1_297' title='bbox 1098 1757 1170 1777; x_wconf 87' lang='lat' dir='ltr'>vero</span> <span class='ocrx_word' id='word_1_298' title='bbox 1196 1745 1354 1788; x_wconf 85' lang='lat' dir='ltr'>judicium</span> <span class='ocrx_word' id='word_1_299' title='bbox 1387 1746 1615 1776; x_wconf 75' lang='lat' dir='ltr'>centumviralis</span> 
     </span>
     <span class='ocr_line' id='line_1_59' title="bbox 947 1793 1615 1836; baseline 0 -11"><span class='ocrx_word' id='word_1_300' title='bbox 947 1796 1031 1826; x_wconf 72' lang='lat' dir='ltr'>hasta</span> <span class='ocrx_word' id='word_1_301' title='bbox 1061 1795 1299 1825; x_wconf 84' lang='lat' dir='ltr'>nominabatur:</span> <span class='ocrx_word' id='word_1_302' title='bbox 1336 1794 1421 1835; x_wconf 91' lang='lat' dir='ltr'>quod</span> <span class='ocrx_word' id='word_1_303' title='bbox 1453 1793 1555 1836; x_wconf 87' lang='lat' dir='ltr'>posita</span> <span class='ocrx_word' id='word_1_304' title='bbox 1583 1793 1615 1825; x_wconf 92' lang='lat' dir='ltr'>in</span> 
     </span>
     <span class='ocr_line' id='line_1_60' title="bbox 946 1842 1614 1883; baseline 0 -9"><span class='ocrx_word' id='word_1_305' title='bbox 946 1844 1013 1874; x_wconf 87' lang='lat' dir='ltr'>foro</span> <span class='ocrx_word' id='word_1_306' title='bbox 1050 1844 1153 1879; x_wconf 86' lang='lat' dir='ltr'>hasta,</span> <span class='ocrx_word' id='word_1_307' title='bbox 1193 1842 1380 1873; x_wconf 89' lang='lat' dir='ltr'>centumviri</span> <span class='ocrx_word' id='word_1_308' title='bbox 1415 1842 1614 1883; x_wconf 81' lang='lat' dir='ltr'>judicabant.</span> 
     </span>
     <span class='ocr_line' id='line_1_61' title="bbox 948 1891 1611 1932; baseline 0 -10"><span class='ocrx_word' id='word_1_309' title='bbox 948 1892 1087 1923; x_wconf 76' lang='lat' dir='ltr'>Fortuna</span> <span class='ocrx_word' id='word_1_310' title='bbox 1125 1903 1250 1922; x_wconf 79' lang='lat' dir='ltr'>reorum.</span> <span class='ocrx_word' id='word_1_311' title='bbox 1297 1892 1367 1922; x_wconf 84' lang='lat' dir='ltr'>Sors</span> <span class='ocrx_word' id='word_1_312' title='bbox 1402 1901 1519 1927; x_wconf 88' lang='lat' dir='ltr'>eorum,</span> <span class='ocrx_word' id='word_1_313' title='bbox 1556 1891 1611 1932; x_wconf 88' lang='lat' dir='ltr'>qui</span> 
     </span>
     <span class='ocr_line' id='line_1_62' title="bbox 946 1940 1569 1982; baseline -0.003 -10"><span class='ocrx_word' id='word_1_314' title='bbox 946 1941 1163 1973; x_wconf 87' lang='lat' dir='ltr'>centumvirali</span> <span class='ocrx_word' id='word_1_315' title='bbox 1175 1940 1297 1982; x_wconf 88' lang='lat' dir='ltr'>judicio</span> <span class='ocrx_word' id='word_1_316' title='bbox 1312 1940 1569 1982; x_wconf 85' lang='lat' dir='ltr'>subjiciebantur.</span> 
     </span>
    </p>

    <p class='ocr_par' dir='ltr' id='par_1_19' title="bbox 947 1989 1615 2318">
     <span class='ocr_line' id='line_1_63' title="bbox 990 1989 1615 2031; baseline -0.002 -9"><span class='ocrx_word' id='word_1_317' title='bbox 990 1992 1043 2022; x_wconf 84' lang='lat'>94.</span> <span class='ocrx_word' id='word_1_318' title='bbox 1072 1990 1168 2031; x_wconf 79' lang='lat' dir='ltr'>Usque</span> <span class='ocrx_word' id='word_1_319' title='bbox 1183 1992 1281 2020; x_wconf 82' lang='lat' dir='ltr'>decem</span> <span class='ocrx_word' id='word_1_320' title='bbox 1300 1990 1422 2029; x_wconf 62' lang='lat' dir='ltr'>decies]</span> <span class='ocrx_word' id='word_1_321' title='bbox 1449 1990 1493 2021; x_wconf 91' lang='grc' dir='ltr'>Τὸ</span> <span class='ocrx_word' id='word_1_322' title='bbox 1517 1989 1615 2030; x_wconf 83' lang='lat' dir='ltr'>Usque</span> 
     </span>
     <span class='ocr_line' id='line_1_64' title="bbox 947 2039 1613 2071; baseline -0.002 0"><span class='ocrx_word' id='word_1_323' title='bbox 947 2040 1092 2071; x_wconf 83' lang='lat' dir='ltr'>frivolum</span> <span class='ocrx_word' id='word_1_324' title='bbox 1108 2045 1139 2071; x_wconf 87' lang='lat' dir='ltr'>et</span> <span class='ocrx_word' id='word_1_325' title='bbox 1152 2039 1284 2070; x_wconf 89' lang='lat' dir='ltr'>otiosum</span> <span class='ocrx_word' id='word_1_326' title='bbox 1301 2039 1358 2069; x_wconf 87' lang='lat' dir='ltr'>hoc</span> <span class='ocrx_word' id='word_1_327' title='bbox 1374 2039 1461 2069; x_wconf 86' lang='lat' dir='ltr'>loco:</span> <span class='ocrx_word' id='word_1_328' title='bbox 1479 2039 1541 2070; x_wconf 91' lang='lat' dir='ltr'>duo</span> <span class='ocrx_word' id='word_1_329' title='bbox 1557 2049 1613 2070; x_wconf 83' lang='lat' dir='ltr'>ve-</span> 
     </span>
     <span class='ocr_line' id='line_1_65' title="bbox 947 2088 1614 2130; baseline -0.004 -9"><span class='ocrx_word' id='word_1_330' title='bbox 947 2095 1029 2121; x_wconf 86' lang='lat' dir='ltr'>teres</span> <span class='ocrx_word' id='word_1_331' title='bbox 1046 2090 1162 2130; x_wconf 76' lang='lat' dir='ltr'>thue,-</span> <span class='ocrx_word' id='word_1_332' title='bbox 1180 2100 1260 2120; x_wconf 82' lang='lat' dir='ltr'>unus</span> <span class='ocrx_word' id='word_1_333' title='bbox 1278 2089 1399 2129; x_wconf 64' lang='lat' dir='ltr'>l‘z&#39;sque.</span> <span class='ocrx_word' id='word_1_334' title='bbox 1428 2088 1536 2119; x_wconf 87' lang='lat' dir='ltr'>Scribe</span> <span class='ocrx_word' id='word_1_335' title='bbox 1547 2099 1614 2119; x_wconf 91' lang='lat' dir='ltr'>om-</span> 
     </span>
     <span class='ocr_line' id='line_1_66' title="bbox 947 2139 1614 2179; baseline -0.004 -9"><span class='ocrx_word' id='word_1_336' title='bbox 947 2139 1040 2170; x_wconf 84' lang='lat' dir='ltr'>nino:</span> <span class='ocrx_word' id='word_1_337' title='bbox 1064 2139 1174 2179; x_wconf 78' lang='lat' dir='ltr'>Lisque</span> <span class='ocrx_word' id='word_1_338' title='bbox 1195 2140 1291 2169; x_wconf 79' lang='lat' dir='ltr'>decem</span> <span class='ocrx_word' id='word_1_339' title='bbox 1315 2139 1409 2169; x_wconf 82' lang='lat' dir='ltr'>decies</span> <span class='ocrx_word' id='word_1_340' title='bbox 1429 2139 1614 2177; x_wconf 77' lang='lat' dir='ltr'>inspicienda</span> 
     </span>
     <span class='ocr_line' id='line_1_67' title="bbox 947 2186 1615 2229; baseline -0.001 -10"><span class='ocrx_word' id='word_1_341' title='bbox 947 2191 1030 2219; x_wconf 76' lang='lat' dir='ltr'>viris.</span> <span class='ocrx_word' id='word_1_342' title='bbox 1063 2188 1200 2219; x_wconf 87' lang='lat' dir='ltr'>Centum</span> <span class='ocrx_word' id='word_1_343' title='bbox 1216 2188 1297 2218; x_wconf 84' lang='lat' dir='ltr'>viros</span> <span class='ocrx_word' id='word_1_344' title='bbox 1313 2187 1421 2218; x_wconf 87' lang='lat' dir='ltr'>litibus</span> <span class='ocrx_word' id='word_1_345' title='bbox 1431 2186 1615 2229; x_wconf 88' lang='lat' dir='ltr'>judicandis</span> 
     </span>
     <span class='ocr_line' id='line_1_68' title="bbox 948 2236 1611 2280; baseline 0 -12"><span class='ocrx_word' id='word_1_346' title='bbox 948 2237 1104 2280; x_wconf 86' lang='lat' dir='ltr'>designat.</span> <span class='ocrx_word' id='word_1_347' title='bbox 1149 2237 1199 2268; x_wconf 91' lang='lat' dir='ltr'>Ne</span> <span class='ocrx_word' id='word_1_348' title='bbox 1221 2237 1332 2268; x_wconf 86' lang='lat' dir='ltr'>dubita</span> <span class='ocrx_word' id='word_1_349' title='bbox 1346 2236 1386 2267; x_wconf 87' lang='lat' dir='ltr'>de</span> <span class='ocrx_word' id='word_1_350' title='bbox 1411 2236 1469 2267; x_wconf 86' lang='lat' dir='ltr'>hac</span> <span class='ocrx_word' id='word_1_351' title='bbox 1485 2236 1611 2268; x_wconf 84' lang='lat' dir='ltr'>restitu-</span> 
     </span>
     <span class='ocr_line' id='line_1_69' title="bbox 948 2287 1208 2318; baseline -0.008 0"><span class='ocrx_word' id='word_1_352' title='bbox 948 2287 1042 2318; x_wconf 85' lang='lat' dir='ltr'>tione.</span> <span class='ocrx_word' id='word_1_353' title='bbox 1089 2287 1208 2317; x_wconf 62' lang='lat' dir='ltr'>Hiems.</span> 
     </span>
    </p>

    <p class='ocr_par' dir='ltr' id='par_1_20' title="bbox 944 2334 1612 2761">
     <span class='ocr_line' id='line_1_70' title="bbox 989 2334 1612 2377; baseline -0.006 -9"><span class='ocrx_word' id='word_1_354' title='bbox 989 2339 1042 2369; x_wconf 84' lang='lat'>95.</span> <span class='ocrx_word' id='word_1_355' title='bbox 1059 2336 1117 2367; x_wconf 83' lang='lat' dir='ltr'>Res</span> <span class='ocrx_word' id='word_1_356' title='bbox 1132 2347 1244 2377; x_wconf 81' lang='lat' dir='ltr'>qnoque</span> <span class='ocrx_word' id='word_1_357' title='bbox 1258 2338 1394 2375; x_wconf 76' lang='lat' dir='ltr'>privatus</span> <span class='ocrx_word' id='word_1_358' title='bbox 1408 2334 1532 2374; x_wconf 53' lang='lat' dir='ltr'>statut]</span> <span class='ocrx_word' id='word_1_359' title='bbox 1553 2334 1612 2365; x_wconf 87' lang='lat' dir='ltr'>Ni-</span> 
     </span>
     <span class='ocr_line' id='line_1_71' title="bbox 946 2383 1609 2425; baseline -0.006 -8"><span class='ocrx_word' id='word_1_360' title='bbox 946 2387 990 2418; x_wconf 88' lang='lat' dir='ltr'>hil</span> <span class='ocrx_word' id='word_1_361' title='bbox 1007 2386 1092 2417; x_wconf 87' lang='lat' dir='ltr'>aliud</span> <span class='ocrx_word' id='word_1_362' title='bbox 1113 2385 1190 2422; x_wconf 88' lang='lat' dir='ltr'>vult,</span> <span class='ocrx_word' id='word_1_363' title='bbox 1207 2385 1265 2415; x_wconf 87' lang='lat' dir='ltr'>nisi</span> <span class='ocrx_word' id='word_1_364' title='bbox 1287 2395 1319 2416; x_wconf 90' lang='lat' dir='ltr'>se</span> <span class='ocrx_word' id='word_1_365' title='bbox 1341 2385 1434 2416; x_wconf 88' lang='lat' dir='ltr'>etiam</span> <span class='ocrx_word' id='word_1_366' title='bbox 1457 2383 1537 2414; x_wconf 88' lang='lat' dir='ltr'>inter</span> <span class='ocrx_word' id='word_1_367' title='bbox 1554 2383 1609 2425; x_wconf 86' lang='lat' dir='ltr'>ju-</span> 
     </span>
     <span class='ocr_line' id='line_1_72' title="bbox 946 2431 1610 2475; baseline -0.006 -9"><span class='ocrx_word' id='word_1_368' title='bbox 946 2435 1032 2466; x_wconf 84' lang='lat' dir='ltr'>dices</span> <span class='ocrx_word' id='word_1_369' title='bbox 1046 2434 1216 2470; x_wconf 85' lang='lat' dir='ltr'>adlectum,</span> <span class='ocrx_word' id='word_1_370' title='bbox 1233 2444 1311 2474; x_wconf 87' lang='lat' dir='ltr'>quos</span> <span class='ocrx_word' id='word_1_371' title='bbox 1328 2438 1442 2475; x_wconf 84' lang='lat' dir='ltr'>praetor</span> <span class='ocrx_word' id='word_1_372' title='bbox 1457 2431 1489 2462; x_wconf 89' lang='lat' dir='ltr'>in</span> <span class='ocrx_word' id='word_1_373' title='bbox 1507 2432 1610 2463; x_wconf 84' lang='lat' dir='ltr'>causis</span> 
     </span>
     <span class='ocr_line' id='line_1_73' title="bbox 945 2480 1610 2525; baseline -0.003 -11"><span class='ocrx_word' id='word_1_374' title='bbox 945 2483 1073 2525; x_wconf 86' lang='lat' dir='ltr'>privatis</span> <span class='ocrx_word' id='word_1_375' title='bbox 1088 2483 1161 2513; x_wconf 91' lang='lat' dir='ltr'>dare</span> <span class='ocrx_word' id='word_1_376' title='bbox 1176 2483 1307 2513; x_wconf 86' lang='lat' dir='ltr'>solebat.</span> <span class='ocrx_word' id='word_1_377' title='bbox 1348 2481 1465 2512; x_wconf 87' lang='lat' dir='ltr'>Omnia</span> <span class='ocrx_word' id='word_1_378' title='bbox 1478 2480 1610 2512; x_wconf 83' lang='lat' dir='ltr'>confun-</span> 
     </span>
     <span class='ocr_line' id='line_1_74' title="bbox 945 2529 1611 2574; baseline -0.008 -10"><span class='ocrx_word' id='word_1_379' title='bbox 945 2533 991 2564; x_wconf 79' lang='lat' dir='ltr'>dit</span> <span class='ocrx_word' id='word_1_380' title='bbox 1005 2531 1182 2574; x_wconf 87' lang='lat' dir='ltr'>ignorantia</span> <span class='ocrx_word' id='word_1_381' title='bbox 1197 2531 1395 2573; x_wconf 82' lang='lat' dir='ltr'>antiquitatis</span> <span class='ocrx_word' id='word_1_382' title='bbox 1409 2529 1546 2565; x_wconf 87' lang='lat' dir='ltr'>Merula,</span> <span class='ocrx_word' id='word_1_383' title='bbox 1563 2529 1611 2560; x_wconf 87' lang='lat' dir='ltr'>in-</span> 
     </span>
     <span class='ocr_line' id='line_1_75' title="bbox 946 2579 1610 2625; baseline -0.005 -12"><span class='ocrx_word' id='word_1_384' title='bbox 946 2588 1017 2625; x_wconf 87' lang='lat' dir='ltr'>epte</span> <span class='ocrx_word' id='word_1_385' title='bbox 1028 2581 1176 2613; x_wconf 89' lang='lat' dir='ltr'>adserens</span> <span class='ocrx_word' id='word_1_386' title='bbox 1187 2580 1282 2611; x_wconf 93' lang='lat' dir='ltr'>Ovid.</span> <span class='ocrx_word' id='word_1_387' title='bbox 1290 2579 1430 2622; x_wconf 88' lang='lat' dir='ltr'>judicem</span> <span class='ocrx_word' id='word_1_388' title='bbox 1442 2589 1481 2610; x_wconf 87' lang='lat' dir='ltr'>ex</span> <span class='ocrx_word' id='word_1_389' title='bbox 1497 2585 1610 2620; x_wconf 82' lang='lat' dir='ltr'>quarta</span> 
     </span>
     <span class='ocr_line' id='line_1_76' title="bbox 946 2628 1611 2666; baseline -0.005 -5"><span class='ocrx_word' id='word_1_390' title='bbox 946 2630 1074 2662; x_wconf 86' lang='lat' dir='ltr'>decuria</span> <span class='ocrx_word' id='word_1_391' title='bbox 1089 2629 1193 2666; x_wconf 84' lang='lat' dir='ltr'>fuisse,</span> <span class='ocrx_word' id='word_1_392' title='bbox 1203 2635 1235 2661; x_wconf 88' lang='lat' dir='ltr'>et</span> <span class='ocrx_word' id='word_1_393' title='bbox 1250 2628 1447 2660; x_wconf 87' lang='lat' dir='ltr'>triumvirum</span> <span class='ocrx_word' id='word_1_394' title='bbox 1461 2628 1611 2659; x_wconf 84' lang='lat' dir='ltr'>electum.</span> 
     </span>
     <span class='ocr_line' id='line_1_77' title="bbox 944 2675 1612 2719; baseline -0.006 -8"><span class='ocrx_word' id='word_1_395' title='bbox 944 2678 1100 2711; x_wconf 86' lang='lat' dir='ltr'>Triumvir</span> <span class='ocrx_word' id='word_1_396' title='bbox 1114 2678 1173 2711; x_wconf 85' lang='lat' dir='ltr'>fuit</span> <span class='ocrx_word' id='word_1_397' title='bbox 1181 2691 1190 2719; x_wconf 83' lang='lat'>3</span> <span class='ocrx_word' id='word_1_398' title='bbox 1205 2677 1260 2710; x_wconf 90' lang='lat' dir='ltr'>sed</span> <span class='ocrx_word' id='word_1_399' title='bbox 1275 2677 1398 2709; x_wconf 86' lang='lat' dir='ltr'>illinon</span> <span class='ocrx_word' id='word_1_400' title='bbox 1409 2675 1612 2719; x_wconf 81' lang='lat' dir='ltr'>judicabant.</span> 
     </span>
     <span class='ocr_line' id='line_1_78' title="bbox 947 2730 1063 2761; baseline -0.009 -1"><span class='ocrx_word' id='word_1_401' title='bbox 947 2730 1063 2761; x_wconf 75' lang='lat' dir='ltr'>BunM.</span> 
     </span>
    </p>
   </div>
  </div>
 </body>
</html>
