1760 3172
598 182 647 222 P.
681 181 791 222 OVI
800 180 893 221 DII
928 179 1206 221 NASONIS

604 370 1030 419 EPISTOLA
1078 369 1195 418 VII.

780 509 1025 550 ATTICO.

213 615 344 662 Esse
372 615 639 661 salutatum
666 612 770 659 vult
793 618 843 658 te
869 626 981 658 mea
1005 611 1150 658 litera
1174 611 1385 674 primum

276 691 319 737 A
345 692 473 738 male
501 689 707 754 pacatis,
735 688 919 743 Attice,
947 687 1100 735 missa
1126 688 1286 735 Getis.

208 767 444 816 Proxima
467 766 802 829 subsequitur,
826 764 947 828 quid
973 780 1107 827 agaS,
1136 764 1305 812 audire
1331 765 1590 828 voluptas:

276 845 341 892 Et
365 845 421 900 si,
449 843 689 907 quicquid
715 858 850 909 agas,
878 841 943 888 sit
968 841 1058 888 tibi
1078 857 1197 889 cura
1221 842 1334 889 mei.

212 923 257 970 N
264 938 321 970 ec
340 921 512 969 dubito
532 921 651 983 quin
671 920 762 977 sit;
791 919 879 968 sed
900 936 979 967 me
996 919 1141 967 timor
1160 919 1267 983 ipse
1288 920 1526 967 malorum
1564 922 1593 966 5

279 1000 423 1063 Saepe
449 1014 779 1062 supervacuos
805 998 940 1060 cogit
964 998 1147 1046 habere
1173 1005 1351 1045 metus.

214 1077 293 1124 Da
315 1076 524 1131 veniam,
552 1090 738 1138 quaeSO,
761 1075 1014 1137 nimioque
1039 1075 1241 1137 ignosce
1266 1075 1460 1122 timori:

277 1153 591 1216 Tranquillas
618 1153 769 1200 etiam
794 1152 1059 1215 naufragus
1084 1153 1250 1200 horret
1274 1168 1448 1215 aquas.

217 1230 314 1286 Qui
342 1232 496 1279 semel
521 1237 599 1278 est
621 1230 769 1276 laesus
796 1229 959 1276 fallaci
983 1228 1134 1293 piscis
1160 1229 1222 1276 ab
1248 1229 1411 1284 hamo,

283 1307 530 1355 Omnibus
555 1322 684 1354 unca
708 1306 832 1353 cibis
859 1322 956 1353 aera
981 1306 1187 1353 subesse
1213 1312 1371 1369 putat.
1541 1308 1599 1352 lO

218 1385 364 1448 Saepe
390 1400 564 1432 canem
589 1384 735 1446 longe
760 1383 920 1430 visum
945 1382 1072 1445 fugit
1096 1398 1239 1445 agna,
1266 1383 1542 1446 lupumque

283 1462 484 1528 Creditj
500 1469 550 1509 et
575 1462 685 1525 ipsa
710 1477 848 1509 suam
875 1460 1043 1508 nescia
1065 1460 1188 1507 vitat
1213 1475 1376 1523 opem.

215 1531 460 1587 Membra'
472 1538 795 1587 reformidant
821 1539 1021 1585 mollem
1049 1553 1252 1600 quoque
1291 1536 1461 1584 saucia
1496 1543 1599 1582 tac-

280 1616 523 1679 Vanaque
548 1615 773 1662 sollicitis
799 1615 976 1662 incutit
1001 1615 1176 1661 umbra
1200 1621 1406 1662 metum.
1444 1615 1598 1676 [tum:

216 1693 299 1740 Sic
321 1710 412 1755 ego
437 1693 645 1740 fortunae
672 1692 785 1740 telis
811 1692 1038 1740 confixus
1063 1691 1264 1755 iniquis,
1542 1693 1599 1738 15

281 1770 492 1818 Pectore
517 1770 744 1833 concipio
769 1770 837 1816 nil
862 1769 955 1816 nisi
981 1769 1122 1817 triste
1147 1785 1275 1817 meo.

212 1845 242 1892 J
248 1862 327 1893 am
351 1847 470 1893 mihi
492 1846 595 1894 fata
617 1847 777 1909 liquet
795 1854 984 1910 coeptos
1011 1846 1260 1893 servantia
1278 1861 1451 1893 cursus

281 1922 380 1970 Per
403 1923 497 1970 sibi
523 1930 785 1970 consuetas
812 1939 1008 1986 semper
1033 1923 1162 1970 itura
1186 1922 1306 1969 vias.

217 1999 496 2047 Observare
523 1999 675 2056 Deos,
703 2016 765 2047 ne
786 2001 907 2063 quid
930 2001 1050 2047 mihi
1070 2001 1217 2048 cedat
1239 1999 1425 2055 amice3

282 2076 549 2140 Verbaque
574 2077 780 2125 fortunae
805 2079 889 2125 vix
914 2087 1034 2143 puto
1059 2094 1207 2142 posse
1232 2077 1352 2125 dari.
1537 2080 1601 2123 20

214 2205 268 2236 per
294 2200 380 2236 terga
403 2194 556 2226 ludebant
578 2195 760 2227 volantium.
806 2197 873 2228 Ad-

212 2245 309 2286 prime
342 2244 452 2275 laudat
476 2245 641 2287 Verpoort.
659 2246 807 2277 Ovidium
835 2247 873 2278 de

213 2293 291 2324 Arte
320 2293 352 2324 ii.
383 2294 456 2324 731.
488 2297 556 2325 totis
584 2297 754 2326 incumbere
788 2299 875 2327 remis

219 2342 301 2372 Utile
325 2350 352 2373 et
378 2345 501 2374 admisso
524 2345 646 2374 subdere
670 2347 772 2376 calcar
793 2356 873 2386 equo.

215 2391 305 2422 Conf.
319 2391 412 2423 Trist.
428 2393 490 2423 ΙΙΙ.
503 2393 544 2424 vi.
557 2394 609 2424 56.
646 2394 794 2426 ΙἸΑῐιηε.

257 2492 287 2520 5.
304 2490 360 2520 Sed
380 2501 423 2521 me
442 2493 530 2520 timor
547 2493 606 2530 ipse
621 2493 777 2528 malorum,
793 2492 871 2532 ἃς]

215 2539 287 2569 Non
303 2538 341 2570 de
358 2539 562 2581 praesentibus
578 2540 668 2572 malis
687 2540 787 2572 exsilii
803 2546 872 2572 tan-

215 2594 281 2618 tum
309 2588 559 2629 intelligendum,
589 2589 644 2620 sed
677 2590 715 2621 de
745 2591 872 2632 quibus-

216 2647 373 2678 cumque3
399 2644 434 2668 ut
458 2637 498 2668 sit
526 2649 652 2669 sensus:
683 2638 743 2669 Sed
774 2639 874 2675 timor,

217 2696 277 2726 quo
293 2685 424 2717 subinde
448 2686 510 2717 alia
526 2693 619 2728 atque
637 2687 699 2717 alia
715 2688 806 2724 mala,
822 2698 873 2718 ea-

217 2744 276 2776 que
306 2745 342 2764 ex
373 2735 455 2766 omni
484 2742 573 2777 parte
605 2736 708 2771 timeo,
738 2736 812 2767 facit
841 2742 875 2767 ut

942 2197 1056 2228 multos
1078 2206 1324 2239 supervacaneos
1344 2201 1445 2226 metus
1461 2195 1602 2226 habeam.

942 2247 1068 2277 Μιςγι.

988 2297 1037 2326 14.
1066 2296 1182 2326 Incitat
1202 2297 1307 2326 umbra
1327 2294 1464 2334 metum]
1491 2292 1599 2323 Scribo

942 2348 1076 2383 incutit‚·
1103 2352 1256 2382 terrorem,
1284 2347 1427 2380 timorem,
1452 2354 1601 2383 pavorem,

942 2401 1048 2425 metum
1076 2397 1211 2425 incutere
1233 2393 1346 2437 passim
1372 2392 1455 2435 apud
1476 2392 1603 2423 Cicero-

942 2454 1011 2474 nem
1029 2449 1060 2474 et
1075 2443 1208 2474 Livium.
1246 2443 1363 2473 Hisms.

988 2493 1036 2523 19.
1055 2493 1216 2523 Observare
1232 2492 1319 2527 Deos,
1335 2502 1371 2522 ue
1390 2489 1490 2531 quid]
1521 2489 1602 2520 Puto

943 2541 1029 2571 Deos
1045 2542 1220 2577 observare,
1237 2551 1275 2571 ne
1299 2539 1375 2581 quid
1397 2539 1473 2569 mihi
1489 2538 1601 2574 amice,

943 2590 1000 2621 hoc
1023 2596 1080 2626 est,
1096 2600 1239 2633 prospere
1266 2596 1361 2631 atque
1387 2588 1528 2624 feliciter,
1550 2598 1601 2618 ce·

942 2639 1015 2669 dat:
1030 2641 1227 2680 Jbrturutque
1246 2642 1293 2670 vir
1316 2649 1394 2679 posse
1415 2639 1502 2668 verba
1520 2638 1601 2672 dari,

944 2688 1000 2719 hoc
1024 2694 1081 2725 est,
1097 2688 1235 2731 imponi3
1260 2694 1295 2719 ut
1310 2689 1437 2719 verbum
1456 2694 1541 2726 puto,
1561 2685 1600 2716 ad

943 2743 1108 2779 utrumque
1124 2737 1213 2768 colon
1229 2737 1426 2768 adhibeatur.
1465 2736 1557 2766 Men.
