1760 3172
469 142 774 185 TRISTIUM
807 142 924 184 LIB.
958 143 1012 184 V.
1047 144 1223 185 ELEG.
1257 144 1321 186 II.

1502 148 1584 188 311

210 257 441 320 Denique
466 259 603 305 nulla
626 258 745 304 mihi
771 265 999 321 captatur
1024 258 1192 320 gloria,
1215 274 1428 322 quaeque
1524 266 1584 309 75

275 333 479 396 Ingenio
506 335 732 381 stimulos
760 335 971 381 subdere
996 334 1127 381 fama
1152 335 1292 382 solet.

208 410 452 458 Nolumus
478 412 697 459 adsiduis
723 412 939 458 animum
965 412 1222 458 tabescere
1248 414 1395 469 curis,

273 486 397 541 Quae
421 495 587 535 tamen
613 489 905 553 irrumpunt,
929 505 1130 552 quoque
1144 495 1387 545 vetantur,
1417 498 1550 539 eunt.

207 562 309 610 Cur
333 565 561 621 scribam,
584 565 757 613 docui:
787 582 874 613 cur
898 565 1108 622 mittam,
1131 565 1368 628 quaeritis,
1396 567 1550 614 istos?

269 639 539 689 Vobiscum
564 642 760 706 cupiam
785 642 1143 705 quolibet'esse
1169 643 1335 689 mod0.
1523 648 1585 691 80

668 964 986 1013 ELEGIA
1038 962 1107 1010 ΙΙ.

203 1111 442 1167 Ecouw,
469 1118 523 1158 ut
547 1128 573 1159 e
598 1111 760 1158 Ponto
782 1127 908 1158 nova
932 1110 1068 1157 venit
1092 1110 1317 1173 epistola,
1347 1111 1538 1174 palles?

270 1189 336 1236 Et
358 1189 449 1236 tibi
476 1188 689 1236 sollicita
713 1187 916 1235 solvitur
941 1187 1024 1234 illa
1048 1186 1231 1253 manu?

203 1266 340 1313 Pone
365 1274 580 1323 metum3
610 1266 776 1313 valeo:
818 1280 1119 1328 corpusque,
1138 1264 1281 1326 ‘quod
1308 1271 1422 1311 ante
1447 1265 1583 1312 labo-

269 1343 542 1408 Impatiens
567 1343 709 1390 nobis
735 1343 1106 1404 invalidumque
1132 1340 1238 1397 fuit,

205 1405 592 1492 Sufficits'atque
613 1422 720 1484 ipso
745 1428 979 1468 vexatum
1004 1419 1222 1465 induruit
1246 1435 1357 1465 usu.
1557 1436 1585 1466 o

1458 1343 1587 1403 [rum

1562 1422 1582 1435 μ

267 1498 346 1545 An
371 1499 527 1561 magis
552 1499 743 1546 infirmo
766 1515 864 1545 non
887 1504 1030 1544 vacat
1056 1512 1165 1543 esse
1192 1495 1345 1542 mihi?

204 1575 350 1623 Mens
371 1583 537 1624 tamen
563 1593 694 1639 aegra
711 1577 864 1639 jacet,
883 1592 974 1622 nec
1000 1582 1224 1637 tempore
1251 1573 1427 1620 robora
1453 1590 1584 1619 sum-

265 1652 607 1716 Adfectusque
629 1653 793 1708 animi,
816 1653 900 1715 qui
925 1652 1018 1698 fuit
1042 1658 1171 1706 ante,
1194 1656 1361 1696 manet
1380 1667 1388 1696 ε

1466 1650 1553 1711 [sit
1571 1668 1580 1705 ;

204 1728 427 1795 Queeque
452 1746 604 1798 mora,
633 1730 894 1794 spatioque
917 1746 1006 1777 suo
1031 1729 1220 1776 coitura
1245 1727 1412 1791 putavi

267 1799 615 1876 Vulnerajnon
631 1807 786 1862 aliter,
806 1823 955 1870 quam
971 1805 1118 1853 modo
1140 1804 1286 1861 facta,
1305 1804 1494 1851 dolent.
1529 1806 1586 1850 10

246 1967 299 1999 77.
315 1967 465 1998 Nolumus
479 1968 638 2008 adsiduis]
664 1969 780 1999 Sensus
792 1974 856 1999 est:

201 2016 301 2047 scribo
325 2017 405 2053 haec,
427 2028 489 2047 non
511 2017 616 2058 gloriae
641 2017 857 2059 comparandae

201 2065 319 2106 gratia3
341 2065 396 2096 sed
417 2077 455 2096 ne
475 2066 604 2102 animus,
622 2065 761 2097 adsiduis
777 2066 857 2097 curis

201 2112 394 2150 sollicitatus,
410 2124 592 2156 semperque
606 2115 639 2145 in
655 2125 755 2156 poenae
779 2114 857 2145 ima-

201 2162 306 2204 ginem
330 2164 478 2199 intentus,
506 2174 637 2194 moerore
667 2163 856 2200 conficiatur,

203 2217 296 2253 atque
312 2213 463 2243 tabescat.

245 2262 296 2292 78.
313 2261 522 2303 Irrumpunt]
550 2261 688 2304 Proprie,
708 2273 770 2303 quo
796 2273 856 2293 non

201 2310 317 2341 licebat
331 2310 404 2342 olim
418 2317 578 2353 penetrare
590 2323 599 2349 3
614 2318 648 2342 ut
662 2311 797 2353 profanis
809 2312 855 2342 in-

201 2359 367 2390 terdictum
382 2366 448 2391 erat
462 2361 494 2391 in
514 2361 610 2402 adyta
631 2366 662 2391 et
684 2361 857 2403 penetralia

201 2411 378 2448 irrumpere.
411 2410 558 2440 HARLES.

247 2459 298 2488 79.
318 2457 418 2499 Istos]
442 2458 516 2490 Scil.
531 2458 636 2495 libros,
659 2464 690 2490 et
710 2458 779 2489 ἀπὸ
801 2459 856 2489 τοῦ

201 2508 310 2538 κοινοῦ
337 2518 354 2538 e
383 2509 477 2539 verbo
503 2511 629 2539 scribam
656 2507 860 2550 repetendum

202 2562 258 2586 est.
281 2557 408 2588 Sallust.
422 2558 454 2588 b.
471 2558 564 2588 Catil.
580 2569 608 2588 c.
627 2559 676 2588 18.
696 2559 723 2588 1.
762 2559 861 2588 Antea

203 2606 272 2635 item
283 2608 475 2645 conjuravere
484 2608 654 2646 pauci—de
664 2618 722 2647 qua
732 2607 862 2647 (nempe

203 2654 425 2695 conjuratione,
441 2656 524 2697 quod
546 2666 659 2686 nomen
677 2655 862 2696 intelligitur

203 2714 219 2734 e
243 2704 336 2734 verbo
359 2704 678 2746 conjurare)———dicam
691 2717 700 2741 ,-
723 2703 776 2736 ubi
792 2703 862 2734 vide

926 1966 1067 1998 Cortium
1083 1979 1088 1997 ;
1117 1976 1212 2007 quare
1231 1975 1292 1995 non
1314 1963 1526 2005 corrigendum
1544 1969 1590 1993 est

926 2019 1007 2052 istoc,
1024 2022 1058 2047 ut
1078 2016 1190 2050 Faber,
1207 2014 1261 2044 lib.
1276 2014 1296 2044 i.
1314 2013 1435 2055 Ep.67.
1459 2013 1587 2048 fecerat,

926 2064 1013 2106 quasi
1030 2066 1098 2095 istos
1112 2063 1189 2095 nihil
1205 2064 1330 2099 habeat,
1347 2073 1407 2103 quo
1427 2061 1589 2092 reseratur.

926 2115 1076 2145 HARLES.

968 2165 1020 2194 80.
1033 2163 1170 2197 Quolibet
1181 2162 1290 2202 modo]
1310 2161 1476 2192 Versibus:
1489 2170 1587 2202 quan-

925 2211 1093 2255 doquidem
1110 2222 1171 2242 non
1187 2211 1262 2241 licet
1277 2219 1416 2251 corpore.

966 2315 996 2344 5.
1014 2309 1157 2352 Sufficit]
1183 2310 1297 2344 Durat,
1311 2307 1454 2338 sustinet.
1478 2307 1572 2337 Mm.

967 2362 997 2392 6.
1015 2361 1055 2390 Et
1078 2360 1171 2400 magis
1189 2357 1335 2398 infirma]
1364 2356 1449 2391 Non,
1476 2355 1590 2396 inquit,

924 2416 1046 2451 tempus
1066 2414 1122 2444 est,
1139 2414 1174 2438 ut
1198 2407 1296 2448 magis
1318 2406 1375 2436 sim
1398 2405 1536 2435 infirmus
1558 2410 1589 2435 et

925 2458 1102 2490 invalidus:
1130 2468 1201 2487 nam
1228 2466 1339 2497 corpus
1368 2454 1474 2485 multis
1499 2453 1590 2484 malis

929 2513 1074 2538 vexatum
1094 2505 1256 2541 obcalluit,
1271 2511 1302 2535 et
1319 2502 1462 2535 adsuevit
1484 2501 1590 2532 omnia

928 2555 1058 2598 perpeti.
1092 2556 1171 2585 Sunt
1190 2554 1243 2595 qui
1267 2553 1372 2593 legant
1392 2562 1446 2593 per
1461 2551 1589 2581 interro-

929 2605 1096 2646 gationem,
1122 2604 1171 2632 An
1196 2604 1290 2643 inagis
1311 2603 1440 2641 z'njirmo,
1455 2600 1514 2630 &a
1537 2599 1590 2630 An

929 2653 1000 2684 ideo
1028 2652 1149 2682 firmum
1173 2650 1249 2680 mihi
1270 2660 1392 2692 corpus,
1415 2647 1490 2689 quia
1509 2647 1591 2679 unde

930 2701 1086 2734 infirmum
1101 2700 1152 2738 sit,
1168 2700 1301 2742 amplius
1316 2698 1393 2730 nihil
1408 2699 1477 2729 est?
