1760 3172
214 196 299 237 370

613 195 663 236 Ρ.
697 193 907 236 OVIDII
942 194 1221 236 NASONIS

219 310 386 373 Liquit
411 309 717 372 Agenorides
745 308 949 356 Sidonia
968 309 1150 356 moenia
1174 308 1412 364 Cadmus,

285 388 501 434 Poneret
524 393 578 457 ut
602 401 766 432 muros
791 386 840 432 in
865 385 1065 432 meliore
1089 386 1225 433 loco:

216 464 365 512 Venit
389 463 451 510 ad
477 462 744 510 Adrastum
770 461 988 524 Tydeus,
1018 461 1274 524 Calydone
1299 461 1522 524 fugatus3

284 539 349 586 Et
371 538 617 586 Teucrum
643 537 821 584 Veneri
848 544 986 599 grata
1009 538 1196 601 recepit
1220 539 1414 585 humus.

1526 542 1588 585 80

217 615 347 670 Quid
373 615 578 663 referam
594 622 783 662 veteres
811 614 1047 662 Romanae
1073 614 1252 677 gentis,
1273 616 1405 679 apud
1431 632 1554 678 quos

283 692 553 739 Exsulibus
579 692 726 739 tellus
751 690 924 738 ultima
947 690 1100 737 Tibur
1125 692 1260 738 erat?

218 770 497 833 Persequar
521 777 576 827 ut
599 775 835 824 cunctos„
848 769 969 815 nulli
994 769 1139 815 datus
1165 768 1391 815 omnibus
1417 767 1532 814 aevis

278 846 401 894 Tam
425 847 596 910 procul
621 862 649 892 a
671 844 830 909 patria
855 840 958 915 ests
973 844 1271 892 horridiorve
1295 845 1450 892 locus.

215 922 325 977 Quo
350 923 506 985 magis
532 924 756 985 ignoscat
780 921 1022 986 sapientia
1044 929 1207 968 vestra
1230 922 1430 976 dolenti,

1525 924 1585 968 85

281 999 378 1054 Qui
403 999 522 1047 facit
544 1016 607 1047 ex
630 999 776 1046 dictis
802 1016 898 1046 non
924 999 994 1046 ita
1017 999 1173 1046 multa
1190 999 1306 1046 tuis.

214 1076 261 1122 N
266 1092 321 1124 ec
347 1083 513 1124 tamen
538 1076 808 1141 inficior,lsi
833 1076 1024 1139 possint
1044 1083 1214 1122 nostra
1236 1075 1367 1122 coire

277 1152 511 1208 Vulnera,
538 1146 802 1217 praeceptis
826 1168 973 1215 posse
999 1152 1129 1199 coire
1154 1151 1269 1199 tuis.

215 1229 315 1277 Sed
343 1246 524 1286 vereor,
553 1246 613 1277 ne
639 1246 717 1277 me
741 1229 919 1276 frustra
945 1245 1137 1276 servare
1161 1229 1382 1285 labores3

278 1306 391 1354 Neu
409 1308 552 1370 juver
577 1307 775 1354 admota
797 1306 1016 1371 perditus
1044 1323 1173 1369 aeger
1197 1322 1307 1370 ope.

1520 1307 1584 1352 90

210 1383 318 1431 Nec
342 1384 516 1446 loquor
540 1384 661 1440 haec,
683 1384 800 1447 quia
825 1384 889 1431 sit
911 1385 1065 1447 major
1089 1383 1351 1447 prudentia
1374 1381 1542 1438 nobis;

277 1460 378 1508 Sed
403 1461 511 1516 sim,
539 1477 687 1524 quam
713 1461 920 1517 medico,
944 1462 1102 1509 notior
1125 1461 1232 1524 ipse
1256 1460 1390 1507 mihi.

213 1537 283 1585 Ut
305 1545 471 1585 tamen
496 1539 588 1586 hoc
615 1539 684 1587 ita
707 1539 785 1598 sit,
802 1556 980 1586 munus
1006 1546 1092 1586 tua
1115 1538 1299 1601 grande
1324 1537 1548 1584 voluntas

275 1614 355 1662 Ad
380 1631 458 1663 me
482 1616 722 1679 pervenit,
749 1616 1121 1679 consuliturque
1144 1616 1276 1662 boni.

207 1710 315 1751 gionis.
353 1710 507 1752 Intelligit
528 1717 630 1742 autem
652 1721 735 1744 mare
755 1712 861 1744 Ponti-

206 1770 288 1796 cum,
304 1759 388 1801 quod
404 1760 540 1791 Colchos
553 1760 662 1792 adluit.

250 1809 301 1840 77.
316 1809 418 1850 Liquit
434 1810 641 1851 Agenorides]
660 1810 798 1852 Agenor,
810 1821 861 1842 rex

205 1857 389 1894 Phoeniciae,
414 1858 507 1900 jussit
535 1858 689 1890 Cadmum
726 1870 862 1901 quaerere

205 1917 339 1938 sororem
355 1908 522 1949 Europam,
537 1908 606 1949 lege
628 1908 736 1951 impia,
752 1915 786 1939 ut
801 1920 862 1940 non

207 1961 421 1992 reverteretur,
437 1956 495 1988 nisi
510 1968 547 1988 ea
561 1957 706 1988 inventa:
733 1969 794 2000 qua
808 1958 861 1990 diu

205 2004 318 2036 frustra
332 2005 474 2047 quaesita,
488 2006 575 2037 exsul
592 2006 731 2038 Cadmus
745 2007 776 2037 in
786 2008 862 2039 Boe-

205 2054 300 2085 otiam
338 2054 432 2091 venit,
463 2055 516 2086 ubi
544 2056 668 2087 Thebas
694 2056 861 2089 aedificasse

206 2102 342 2141 dicitur;
370 2108 406 2133 ut
433 2104 464 2134 in
493 2105 574 2135 Met.
598 2101 689 2136 docet
717 2105 861 2136 Ovidius.

206 2151 328 2182 Sidonia
363 2152 499 2193 moenin]
539 2153 655 2183 Urbem
689 2154 859 2185 Phoeniciae

204 2199 330 2236 Sidona,
357 2210 376 2230 a
401 2200 531 2242 piscium
558 2202 699 2233 ubertate
723 2202 766 2234 sic
792 2203 858 2234 dic-

203 2253 288 2279 tam:
327 2259 396 2280 uam
431 2249 545 2291 piscem
575 2251 741 2282 Phoenices
768 2252 859 2283 Sidon

202 2303 325 2328 vocant.

246 2346 297 2377 78.
327 2347 368 2377 Ut
389 2355 509 2386 poneret
535 2349 658 2389 muros]
686 2350 729 2380 Ut
750 2351 858 2381 urbem

201 2395 383 2426 Thebanam
400 2397 555 2428 conderet.
601 2398 638 2429 Ιη
654 2400 771 2429 meliore
787 2400 857 2431 loco.

201 2444 239 2474 In
255 2444 324 2486 ipsa
338 2445 474 2476 Boeotia.

245 2494 297 2524 79.
331 2494 418 2525 Venit
453 2496 492 2525 ad
516 2495 677 2525 Adrastum
713 2496 856 2538 Tydeus]

199 2541 335 2582 Tydeus,
351 2542 442 2573 OEnei
459 2554 554 2584 quum
572 2543 605 2574 in
621 2544 782 2586 Calydone
798 2546 855 2576 Al-

200 2590 343 2621 cathoum
372 2592 626 2634 Lycotheumque
653 2600 778 2635 nepotes
801 2605 853 2625 oc-

201 2638 339 2675 cidisset,
368 2651 405 2671 ex
438 2641 558 2672 AEtolia
587 2641 687 2683 Argos
715 2642 853 2683 aufugit:

200 2687 249 2718 cui
270 2688 423 2720 Adrastus
445 2690 580 2731 benigne
602 2698 756 2733 suscepto,
778 2703 852 2734 quo-

199 2734 271 2766 dam
296 2747 439 2780 responso
463 2744 574 2776 motus,
595 2740 689 2772 filiam
713 2740 852 2783 Deiphy-

929 1713 980 1744 len
989 1723 1115 1744 uxorem
1125 1712 1221 1744 dedit.
1253 1712 1415 1752 Calydone.
1430 1711 1478 1741 Ex
1489 1709 1584 1750 Caly-

930 1762 1009 1794 done
1033 1763 1108 1793 urbe
1123 1762 1261 1793 ᾸΞῑοΙίε.
1310 1761 1396 1792 Venit
1425 1762 1464 1791 ad
1484 1761 1583 1791 Adra-

929 1819 1003 1843 stum
1017 1823 1028 1849 ,·
1054 1812 1159 1854 Eurip.
1173 1812 1237 1842 sab.
1251 1813 1283 1842 8.

972 1862 1023 1891 80.
1041 1861 1080 1891 Et
1098 1860 1272 1901 Teucrum]
1299 1859 1372 1890 Post
1393 1859 1485 1890 finem
1506 1857 1582 1889 belli

927 1910 1064 1952 Trojani,
1086 1910 1214 1945 Teucer,
1233 1915 1329 1940 morte
1352 1909 1459 1950 Ajacis
1480 1908 1582 1938 fratris

928 1958 1044 1989 invisus
1059 1958 1138 2001 patri
1153 1957 1323 1994 Telamoni,
1338 1968 1434 1999 quum
1455 1967 1516 1987 non
1531 1967 1580 1988 re-

929 2007 1083 2050 ciperetur
1099 2007 1131 2037 in
1148 2017 1285 2048 regnum,
1302 2007 1439 2048 Cyprum
1455 2016 1580 2037 conces-

928 2057 979 2092 sit,
997 2063 1090 2099 atque
1114 2056 1157 2087 ibi
1182 2057 1287 2087 urbem
1310 2056 1433 2087 nomine
1453 2055 1581 2097 antiquo

927 2106 1034 2148 patriae
1071 2105 1229 2136 Salamina
1263 2105 1414 2136 condidit.
1462 2105 1580 2135 Hamus

924 2161 1013 2195 gruta
1043 2155 1158 2185 Veneri.
1189 2155 1310 2197 Cyprus
1333 2154 1433 2185 insula
1457 2154 1489 2184 in
1517 2163 1579 2195 qua

929 2204 1036 2234 Venus
1051 2205 1234 2235 colebatur.¹

970 2253 1021 2283 82.
1040 2253 1132 2283 Tibur
1146 2253 1237 2293 erat]
1256 2252 1404 2282 Nondum
1417 2251 1499 2283 enim
1515 2251 1579 2282 Ro-

926 2303 1009 2333 mani
1025 2308 1268 2345 propagaverant
1280 2302 1400 2344 imperii
1416 2302 1503 2333 fines.

969 2353 1020 2383 86.
1037 2353 1109 2386 Qum
1127 2353 1276 2394 non-tuci!
1292 2354 1333 2382 ita
1350 2352 1473 2392 malim]
1498 2353 1577 2389 Quae

925 2407 979 2431 tua
1004 2400 1158 2443 sapientia
1182 2401 1379 2442 consequitur
1404 2400 1447 2431 ita
1467 2401 1577 2438 multa,

924 2456 959 2481 ut
982 2450 1094 2481 velles:
1119 2461 1179 2481 non
1206 2451 1287 2481 enim
1309 2460 1347 2481 ea
1367 2455 1467 2492 potest
1487 2450 1575 2481 dolo-

923 2510 987 2529 rem
1016 2499 1135 2531 tollere.
1183 2499 1228 2529 Ea·
1254 2501 1312 2530 tuis
1334 2501 1431 2530 dictis.
1462 2500 1509 2530 Ex
1529 2509 1577 2530 ra-

922 2548 1057 2578 tionibus
1071 2547 1227 2579 adductis.
1266 2548 1383 2578 aniu.

963 2598 1016 2627 93.
1045 2597 1109 2627 Tua
1136 2597 1299 2637 voluntas]
1325 2597 1410 2628 Tuus
1429 2607 1502 2638 erga
1526 2608 1576 2628 me

920 2644 1039 2676 animus
1075 2652 1106 2676 et
1143 2656 1238 2676 amor.
1298 2646 1422 2677 Grande
1456 2657 1576 2677 munus.

920 2694 1001 2725 [oco
1015 2694 1118 2736 magni
1134 2694 1277 2726 muneris.

962 2744 1016 2774 94.
1044 2744 1276 2785 Consuliturque
1290 2745 1356 2774 boni
1378 2743 1472 2775 fuisse
1486 2742 1573 2775 vide-

1613 803 1648 834 4·.’*”“
