1760 3172
241 175 326 216 140

632 174 682 215 Ρ.
717 173 930 215 OVIDII
964 173 1241 216 NASONIS

247 289 317 336 Ut
340 304 550 352 perages
574 289 823 345 mandata,
852 289 992 345 liber,
1019 290 1288 353 culpabere
1313 289 1494 344 forsan,
1566 293 1629 337 35

311 365 607 428 Ingeniique
633 365 792 413 minor
815 366 961 413 laude
987 365 1144 414 ferere
1169 367 1283 414 mei.

241 441 272 488 J
278 442 438 490 udicis
463 442 676 489 officium
703 449 796 497 est,
825 448 879 488 ut
905 457 998 497 res,
1027 442 1096 488 ita
1119 449 1345 506 tempora
1368 458 1531 490 rerum

310 506 586 591 Quaererezl
613 518 825 581 quaesito
851 524 1074 581 tempore
1100 525 1238 566 tutus
1264 519 1377 566 eris,

244 595 480 643 Carmina
504 591 800 659 preveniunt
824 594 988 642 animo
1013 595 1233 643 deducta
1257 611 1460 644 sereno:

311 672 498 719 Nubila
522 679 639 719 sunt
664 671 843 718 subitis
869 678 1096 734 tempora
1121 678 1291 719 nostra
1314 672 1473 719 malis.

1567 675 1632 719 40

244 749 480 797 Carmina
504 765 758 797 secessum
784 748 1048 795 scribentis
1075 755 1126 796 et
1151 749 1254 796 otia
1278 755 1539 812 quaerunt:

310 825 396 873 Me
423 842 574 881 mare,
601 842 681 874 me
704 825 856 881 venti,
884 841 964 873 me
988 825 1091 873 fera
1108 827 1270 889 jactat
1293 826 1487 890 hyems.

245 903 563 950 Carminibus
587 911 752 950 metus
777 903 937 950 omnis
963 903 1108 950 abest
1126 904 1269 975 :flego
1294 903 1519 967 perditus
1545 917 1630 949 en-

310 978 577 1026 Haesurum
595 980 773 1043 jugulo
793 981 896 1043 jam
922 988 1044 1044 puto
1066 982 1274 1044 jamque
1300 996 1428 1027 meo.

1501 979 1631 1041 [sem

244 1054 366 1103 Haec
392 1073 610 1120 quoque,
637 1058 772 1120 quod
801 1057 945 1113 facio,
966 1058 1126 1121 judex
1154 1058 1412 1105 mirabitur
1437 1072 1628 1119 aequus,

311 1133 610 1197 Scriptaque
636 1150 750 1182 cum
774 1134 918 1182 venia
942 1135 1329 1198 qualiacumque
1354 1134 1505 1196 leget.
1565 1135 1628 1179 46

243 1210 322 1257 Da
347 1210 465 1256 mihi
491 1210 794 1266 Maeoniden,
822 1218 873 1257 et
897 1217 973 1257 tot
998 1211 1326 1274 circumspice
1350 1226 1526 1266 casus;

309 1287 574 1350 Ingenium
599 1289 751 1336 tantis
777 1288 979 1335 excidet
1003 1304 1150 1335 omne
1175 1287 1336 1335 malis.

241 1401 411 1431 infaustum
456 1400 632 1432 videbatur.
668 1413 698 1432 v.
728 1400 846 1432 Tibull.
882 1400 902 1431 i.

241 1450 290 1480 El.
311 1451 341 1480 3.
364 1448 525 1480 'Meursius
545 1449 586 1480 ad
604 1450 758 1492 Lycophr.
783 1461 812 1480 v.
829 1450 903 1481 370.

240 1500 388 1530 flauas.

285 1550 337 1580 35.
366 1549 406 1579 Ut
418 1548 570 1589 perages]
597 1549 664 1589 Ego
679 1554 713 1578 ut
727 1558 780 1589 pro
793 1559 902 1590 quam-

242 1599 288 1630 vis
309 1598 371 1635 hic,
395 1604 428 1628 ut
452 1598 577 1633 millies,
600 1597 709 1640 capio:
735 1597 808 1628 licet
833 1609 902 1640 per-

242 1658 328 1689 agas,
351 1658 421 1689 quae
445 1647 568 1682 mando,
595 1646 772 1688 culpaberis
798 1653 902 1678 tamen

241 1697 330 1733 forte,
351 1703 382 1727 et
400 1696 432 1726 in
446 1702 476 1726 te
493 1695 653 1737 requirent
672 1696 832 1737 ingenium
847 1696 902 1727 do-

242 1745 317 1776 mini
349 1745 412 1776 tui:
437 1746 537 1776 ablata
558 1747 603 1775 ira
628 1744 724 1775 etiam
750 1755 811 1775 non
835 1756 902 1776 mu-

242 1801 304 1826 tem
317 1800 426 1826 contra
439 1805 547 1825 omnes
558 1794 651 1825 libros
663 1806 670 1832 ;
694 1804 768 1824 nam
780 1795 903 1834 placata

241 1855 278 1875 ex
296 1845 393 1886 priore
408 1855 498 1875 versu
513 1843 645 1885 irrepsit.
692 1844 808 1874 Burm.

285 1894 337 1923 37.
366 1893 405 1923 Ut
427 1893 496 1933 res]
523 1893 604 1923 Rem
623 1892 673 1923 hic
693 1893 833 1934 appellat
848 1903 900 1923 ne-

241 1942 361 1983 gotium
386 1943 418 1972 in
444 1943 533 1984 cujus
559 1941 730 1983 quaestione
753 1941 903 1983 quaeritur

241 1992 338 2028 locus,
365 1997 499 2033 tempus,
526 1990 648 2027 modus,
673 1990 804 2022 occasio.
851 1990 901 2022 Ita

242 2048 382 2080 tempora.
426 2041 564 2083 Tempus
579 2039 629 2070 hic
646 2046 704 2075 est,
721 2041 900 2081 opportuni-

241 2097 299 2121 tas.
322 2091 416 2120 Man.
460 2088 734 2129 Judicisqfficium.
772 2089 901 2131 Digres-

240 2139 296 2174 sio,
309 2150 372 2181 qua
385 2148 440 2170 sua
454 2139 606 2173 carmina,
621 2148 689 2179 quae
706 2138 794 2168 nulla
805 2139 901 2170 animi

241 2188 468 2229 tranquillitate
485 2187 634 2228 nulloque
650 2187 725 2217 satis
739 2188 902 2219 commodo

241 2239 308 2269 loco
323 2237 439 2279 scripta
454 2247 520 2268 esse
533 2237 586 2272 ait,
603 2243 742 2266 excusat.
788 2237 880 2267 Cior.

285 2288 338 2318 39.
370 2286 538 2326 Deducta]
569 2285 746 2317 'l'ranslatio
773 2296 790 2316 a
817 2286 901 2322 lana,

241 2347 311 2378 quae
325 2336 357 2366 in
374 2334 559 2366 tenuitatem
574 2334 752 2364 deducitur.

284 2386 336 2415 40.
363 2385 502 2423 Tempora
522 2383 648 2424 nostru]
676 2382 768 2420 Quod
789 2390 902 2424 praetu-

242 2436 346 2470 limus,
361 2433 476 2464 tristia:
493 2433 537 2463 sic
551 2433 660 2464 Cicero
673 2433 805 2463 multum
817 2443 901 2475 saepe

240 2485 300 2516 isto
315 2484 467 2514 vocabulo
482 2483 596 2514 utitur:
621 2482 699 2512 dicit
714 2482 820 2518 etiam,
843 2483 899 2513 Γα-

242 2535 302 2564 lere
323 2534 519 2572 temporibus;
544 2542 640 2573 quum
664 2542 775 2573 nempe
798 2542 835 2562 ex
856 2533 901 2563 al-

240 2583 337 2614 terius
352 2581 548 2612 incommodo
562 2592 619 2612 sua
633 2581 703 2623 quis
717 2581 802 2623 capit
817 2592 900 2612 com-

242 2631 344 2662 moda.
372 2631 409 2661 In
424 2633 543 2662 turbido
553 2632 629 2662 enim
643 2632 902 2671 minusperspicue

240 2683 377 2721 adparet,
391 2682 463 2720 quid
479 2692 577 2711 rerum
593 2686 718 2722 agutur.

286 2730 338 2760 42.
370 2729 509 2769 Hyems.]
550 2729 580 2760 h.
607 2740 635 2760 e.
668 2734 839 2771 tempestas
870 2729 900 2760 in

971 1400 1066 1439 mari;
1097 1400 1170 1431 hinc
1197 1400 1359 1441 eleganter
1388 1398 1488 1436 addit,
1507 1400 1632 1438 jactat.-

971 1449 1002 1480 in
1018 1450 1127 1482 itinere
1142 1449 1226 1481 enim
1244 1449 1357 1480 librum
1376 1448 1461 1479 hunc
1481 1447 1631 1490 scriptum

971 1508 1050 1535 esse,
1064 1499 1129 1541 ipse
1144 1499 1224 1530 infra
1241 1499 1260 1529 i.
1277 1499 1326 1529 El.
1340 1498 1389 1528 10.
1405 1499 1436 1528 2.
1459 1496 1631 1537 canit.jac-

972 1550 1032 1579 tari
1051 1559 1123 1580 vero
1140 1536 1234 1580 venti}
1247 1554 1279 1579 et
1296 1549 1388 1578 undis
1409 1552 1493 1577 recte
1516 1552 1548 1577 et
1567 1546 1631 1577 ele-

969 1606 1081 1637 ganter
1101 1597 1176 1634 dici,
1196 1608 1258 1628 non
1269 1598 1389 1636 jactari
1413 1596 1514 1630 terris,
1539 1594 1632 1626 docet

970 1646 1078 1677 Burm.
1096 1647 1135 1678 ad
1151 1646 1281 1678 Heroid.
1293 1645 1326 1676 ii.
1343 1647 1394 1676 35.
1439 1644 1588 1674 Hamus.

1013 1697 1065 1727 43.
1085 1697 1201 1737 Abest]
1228 1696 1350 1726 Abesse
1366 1694 1480 1731 debet;
1495 1703 1631 1734 namque

970 1744 1031 1775 alio
1046 1745 1198 1776 distracta
1212 1754 1287 1775 cura
1306 1743 1434 1774 minime
1453 1741 1509 1772 illa
1523 1741 1632 1783 nequit

969 1793 1146 1835 expendere
1176 1804 1245 1836 quae
1273 1793 1314 1823 ad
1340 1791 1498 1833 legitimos
1525 1801 1632 1822 versus

970 1843 1179 1884 requiruntur.

1014 1891 1149 1932 Ensem]
1188 1890 1249 1922 Vel
1290 1890 1330 1920 ab
1368 1887 1502 1920 inimicis
1539 1898 1631 1919 exsu-

968 1940 1029 1971 lem
1068 1939 1336 1982 persequentibus,
1366 1939 1415 1969 vel
1450 1948 1469 1968 a
1496 1936 1630 1978 Scythis,

968 1990 1020 2032 qui
1042 1989 1176 2020 maxime
1195 1988 1319 2020 barbari
1339 1994 1457 2018 metum
1477 1986 1632 2029 injiciunt.

1011 2039 1063 2069 47.
1088 2039 1214 2078 Mamm]
1252 2038 1282 2068 h.
1309 2048 1336 2068 e.
1368 2037 1551 2071 Homerum,
1576 2035 1630 2077 qui

967 2089 1062 2120 etiam
1092 2088 1240 2119 Moeouius
1269 2087 1383 2118 dicitur
1417 2085 1467 2116 vel
1497 2096 1516 2116 a
1544 2091 1631 2127 patre

968 2140 1106 2174 Maeone,
1130 2138 1179 2168 vel
1205 2148 1242 2168 ex
1272 2136 1402 2167 aliorum
1427 2134 1584 2166 sententia
1612 2144 1630 2165 a

969 2187 1120 2224 Maeonia,
1136 2186 1244 2228 Lydiae
1260 2185 1397 2227 regione.
1442 2184 1590 2214 Harmas.

1015 2235 1243 2276 Circumspice]
1269 2234 1418 2265 Heinsius
1432 2232 1631 2264 scribendum

969 2291 1077 2317 censet
1087 2286 1270 2325 circuny'ice,
1287 2284 1395 2314 Burin.
1411 2293 1482 2314 vero
1498 2283 1628 2312 circum-

970 2337 1088 2375 inspice.
1134 2335 1202 2375 Ego
1217 2344 1288 2364 vero
1307 2333 1339 2362 in
1361 2342 1515 2363 consensu
1537 2330 1631 2362 libro-

970 2396 1037 2415 rum
1058 2384 1135 2414 nihil
1156 2382 1342 2414 mutandum
1367 2381 1515 2419 arbitror3
1540 2390 1631 2411 voca-

969 2434 1044 2464 bulo
1064 2438 1176 2475 praeter
1196 2442 1233 2462 ea
1253 2432 1333 2462 bono
1356 2435 1502 2472 aptoque.
1548 2428 1630 2459 Cou-

968 2482 1071 2513 sidera
1097 2491 1204 2512 omnes
1228 2490 1330 2515 casus,
1357 2479 1470 2520 quibus
1493 2477 1631 2518 undique

970 2531 1136 2573 opprimor,
1154 2529 1201 2561 his
1215 2529 1316 2565 malis,
1333 2528 1427 2559 etiam
1441 2527 1466 2557 si
1482 2526 1551 2568 quis
1564 2527 1631 2557 llo-

970 2591 1073 2611 merus
1086 2586 1177 2615 esset,
1189 2578 1288 2609 omnis
1306 2578 1400 2619 vigor,
1411 2575 1562 2607 naturalis
1575 2575 1632 2607 illa

969 2628 1115 2660 carminis
1135 2628 1207 2659 boni
1231 2626 1389 2669 pangendi
1414 2625 1558 2661 facultas,
1579 2635 1630 2656 su-

969 2677 1034 2709 bito
1050 2676 1159 2714 abibit,
1174 2677 1279 2707 effluet
1294 2682 1358 2712 aut,
1376 2680 1410 2705 ut
1422 2679 1515 2716 poeta
1528 2672 1629 2715 gravi-

970 2735 1016 2760 ter
1030 2726 1120 2763 dixit,
1135 2728 1258 2757 excidet.
1303 2725 1451 2755 IlAriLfs.
