1760 3172
149 149 236 191 324

542 149 591 190 P.
625 149 839 191 OVIDII
874 149 1156 192 NASONIS

153 264 320 319 Quum
343 263 485 312 Pelia
503 271 577 311 tot
596 264 696 311 sint
715 265 914 326 genitae,
936 279 1024 310 cur
1041 264 1221 311 nobilis
1241 281 1340 313 una
1355 272 1433 313 est
1449 265 1466 313 ?
1484 268 1546 313 55

222 340 396 404 Nupta
419 340 512 387 suit
536 341 716 388 misero
742 356 924 404 nempe
951 341 1086 403 quod
1111 357 1210 389 una
1232 342 1352 390 viro.

153 416 325 473 Effice,
353 425 408 464 ut
435 417 614 465 Iliacas
639 425 813 481 tangat
839 419 969 481 prior
995 419 1120 465 alter
1144 434 1347 475 arenas;

219 493 493 541 Laodamia
517 495 637 541 nihil
665 511 752 541 cur
777 494 1016 542 referatur
1037 494 1144 541 erit.

153 568 218 616 Et
243 578 344 626 tua,
373 570 510 633 quod
536 571 752 626 mallem,
781 571 943 634 pietas
970 571 1140 632 ignota
1165 577 1404 625 maneret,

219 645 526 710 Implessent
549 647 684 694 venti
711 647 749 693 si
778 663 889 694 mea
913 648 1024 695 vela
1049 647 1143 695 sui.

1483 649 1548 694 60

151 721 215 768 Di
241 730 426 779 tamen,
454 730 505 770 et
532 723 705 771 Caesar
732 724 823 771 Dis
851 740 1131 779 accessure,
1162 724 1251 771 sed
1276 722 1411 779 olim,

217 799 484 862 AEquarint
509 799 684 863 Pylios
711 816 867 863 quum
892 808 978 848 tua
1001 801 1103 848 fata
1126 800 1233 847 dies
1256 818 1266 857 ;

150 875 265 924 Non
291 876 429 932 mihi,
458 877 544 939 qui
570 894 769 940 poenam
795 878 953 926 fateor
977 877 1236 932 meruisse,
1265 876 1354 924 sed
1380 875 1450 922 illi

214 952 430 1010 Parcite,
459 970 589 1017 quae,
617 955 752 1002 nullo
779 956 933 1018 digna
953 956 1140 1010 dolore,
1168 954 1334 1002 dolet!

609 1195 936 1242 ELEGIA
987 1195 1078 1243 VI.

145 1345 225 1393 Τυ
253 1362 472 1410 quoque,
500 1353 782 1394 nostrarum
807 1346 1063 1409 quondam
1089 1346 1274 1394 fiducia
1297 1363 1477 1403 rerum,

214 1422 312 1478 Qui
337 1423 459 1470 mihi
484 1423 898 1486 confugium‚yqui
924 1422 1043 1469 mihi
1069 1430 1240 1486 portus
1267 1439 1405 1481 eras;

145 1499 221 1547 Tu
246 1500 395 1548 modo
421 1501 643 1565 suscepti
668 1516 873 1548 causam
898 1500 1109 1548 dimittis
1136 1500 1299 1557 amici,

213 1576 480 1640 Officiique
505 1578 643 1640 pium
669 1583 774 1625 tam
799 1577 899 1624 cito
925 1577 1070 1640 ponis
1096 1577 1256 1624 onus?

186 1763 239 1792 55.
253 1761 354 1795 Quum
366 1761 453 1792 Pelia
463 1764 573 1804 genitae
587 1769 628 1793 tot
640 1765 711 1799 sint,
722 1763 806 1803 cuin]

142 1810 250 1841 Pelias
280 1810 363 1841 filius
394 1810 452 1842 fuit
481 1812 623 1854 Neptuni
659 1823 697 1844 ex
727 1813 810 1854 Tyro

142 1859 304 1900 Nympha,
320 1860 385 1891 filia
400 1860 558 1892 Salmonei
575 1861 667 1902 regis,
684 1868 719 1892 ut
733 1862 808 1893 scri-

140 1908 188 1938 bit
204 1908 371 1939 Homerus.
411 1909 523 1940 Refert
537 1909 621 1940 enim
638 1910 718 1941 hanc
734 1920 807 1941 con-

142 1956 282 1988 suevisse
312 1957 395 1988 circa
422 1958 506 2000 ripas
533 1958 646 2001 Enipei
671 1959 808 1991 fluminis

141 2005 303 2037 delectari.
327 2007 406 2037 Eam
423 2007 602 2049 Neptunus,
616 2013 720 2038 sumta
732 2008 807 2038 Eni-

141 2055 193 2097 pei
213 2056 321 2092 forma,
339 2056 493 2097 virginem
514 2057 608 2099 cepit,
625 2064 656 2088 et
675 2067 747 2088 cum
770 2067 808 2088 ea

142 2103 324 2141 concubuit,
346 2105 518 2146 genuitque
543 2105 665 2136 Peliam
685 2112 716 2136 et
740 2105 805 2136 Ne-

140 2153 237 2183 leum.
286 2153 396 2189 Peliae,
422 2154 592 2185 Thessaliae
618 2154 710 2196 regis,
734 2154 804 2185 filiae

142 2201 266 2232 fuerunt
295 2202 488 2244 Asteropaea,
513 2203 667 2239 Autonoe,
693 2203 805 2235 Alces-

140 2250 191 2280 tis.
246 2251 311 2281 Cur
341 2253 448 2282 nobilis
478 2263 541 2283 una
567 2259 618 2283 est.
655 2252 804 2289 Alcestis,

141 2298 248 2341 Eurip.
265 2300 328 2330 sab.
344 2300 384 2338 63
409 2300 493 2342 quod
514 2301 558 2332 sic
575 2300 687 2332 Latine
703 2301 806 2332 reddi-

140 2357 209 2378 mus
224 2360 230 2378 :

184 2397 239 2427 Ast
253 2398 313 2427 sola
327 2399 433 2437 conjuz
449 2409 504 2437 pro
521 2409 573 2429 suo
585 2400 706 2438 spondet
725 2401 804 2430 viro:

184 2446 310 2476 Alcestis
326 2446 392 2483 illa,
408 2447 517 2478 mulier
532 2448 732 2490 insignifide,

185 2494 324 2537 Migrare
337 2502 438 2535 sponte
451 2497 548 2527 voluit
564 2508 657 2528 annos
672 2499 703 2528 in
719 2509 785 2529 suos

186 2543 298 2574 Carum
314 2546 468 2575 maritum.

140 2592 223 2623 Hinc
239 2592 379 2635 Propert.
394 2593 449 2624 lib.
463 2593 495 2625 ii.
511 2593 601 2636 Eleg.
618 2605 647 2625 v.
664 2605 727 2626 ver.
744 2596 800 2627 15:

185 2641 268 2672 felir
287 2643 406 2674 Admeti
421 2645 582 2683 eonju1‚et
597 2643 692 2675 lectus
712 2643 801 2686 Ulys-

225 2701 273 2727 ses,

925 1762 966 1792 Et
994 1772 1183 1802 quaecumque
1212 1762 1272 1791 riri
1302 1760 1418 1801 semina
1453 1761 1544 1792 limen

963 1818 1056 1841 amat.

921 1861 973 1891 56.
1003 1860 1114 1891 Misero
1144 1859 1236 1900 vira]
1278 1859 1401 1890 Infelici
1432 1859 1543 1891 marito

877 1908 1026 1939 Admeto.

919 1959 970 1988 57.
987 1957 1102 1998 Altera]
1130 1958 1235 1994 Quam
1250 1956 1455 1988 Protesilaus:
1475 1957 1541 1999 qui,

875 2017 970 2048 quum
987 2006 1104 2049 primus
1120 2017 1136 2037 e
1153 2005 1223 2037 navi
1241 2005 1358 2037 inlitus
1372 2006 1540 2048 Trojanum

875 2055 1100 2093 descendisset,
1128 2055 1247 2098 primus
1276 2056 1315 2087 de
1346 2056 1466 2088 Graecis
1494 2062 1542 2088 est

875 2104 1080 2144 intersectus3
1107 2105 1234 2148 quicum
1255 2111 1354 2148 nupta
1374 2111 1442 2137 erat
1460 2107 1540 2138 Lao-

875 2153 990 2185 damia.

917 2204 969 2234 62.
988 2202 1119 2245 Pylios]
1144 2202 1178 2233 h.
1190 2213 1218 2234 e.
1234 2202 1387 2239 Nestoris,
1404 2203 1448 2234 sic
1462 2203 1540 2236 dicti

874 2262 892 2282 a
916 2252 1006 2293 Pylo,
1024 2252 1136 2294 patria,
1154 2252 1230 2282 urbe
1250 2251 1397 2283 Arcadiae
1412 2265 1417 2282 :
1444 2263 1538 2295 quern

875 2301 1010 2333 Ovidius
1026 2303 1161 2333 Metam.
1177 2301 1231 2332 xii.
1251 2303 1322 2332 187.
1339 2302 1399 2334 tria
1422 2303 1540 2334 saecula

875 2350 987 2381 vixisse
1004 2350 1122 2387 scribit,
1139 2356 1216 2392 quot
1239 2360 1336 2382 annos
1352 2351 1447 2382 etiam
1467 2361 1539 2394 pre-

874 2406 962 2430 catur
979 2400 1134 2442 Augusto.
1172 2400 1322 2431 HAnLEs.

917 2499 947 2528 3.
968 2497 1080 2538 Modo]
1106 2497 1156 2528 Sic
1174 2497 1290 2529 habent
1305 2498 1440 2529 Putean.
1456 2497 1537 2529 Vos-

872 2547 909 2578 sii
924 2552 955 2578 et
973 2554 1043 2578 octo
1059 2547 1112 2578 alii
1129 2546 1221 2578 codd.
1237 2548 1320 2589 quod
1337 2548 1536 2579 Burmannus

865 2596 936 2637 jure
961 2595 1100 2638 praetulit
1120 2596 1242 2637 vulgari
1265 2596 1391 2627 lectioni
1413 2607 1536 2637 quoque,

871 2645 954 2685 quod
985 2655 1022 2675 ex
1051 2650 1116 2675 tota
1145 2644 1248 2686 elegia
1276 2650 1373 2687 patet,
1399 2645 1536 2677 amicum

869 2692 954 2734 prius
968 2692 1141 2736 suscepisse
1153 2693 1268 2725 exsulis
1282 2704 1435 2732 caussam,
1446 2693 1534 2726 dein-
