1760 3172
381 183 472 224 EX
506 180 716 224 PONTO
752 178 871 220 LIB.
907 178 942 219 Ι.
977 178 1169 220 EPIST.
1205 179 1294 221 III.

1447 180 1531 222 367

145 298 352 346 Adferat
375 298 483 362 ipse
507 297 626 344 licet
649 311 815 343 sacras
844 294 1144 357 Epidaurius
1171 295 1366 349 herbaS‚

214 377 422 424 Sanabit
445 375 580 422 nulla
603 375 808 421 vulnera
832 372 994 419 cordis
1021 388 1132 434 ope.

144 453 338 501 Tollere
359 453 598 500 nodosam
623 451 782 499 nescit
806 449 1054 497 medicina
1077 449 1366 512 podagram,

213 531 321 578 Nec
347 529 621 577 formidatis
647 528 914 576 auxiliatur
939 526 1099 589 aquis.

147 608 281 655 Cura
301 623 502 671 quoque
527 607 775 654 interdum
801 606 937 652 nulla
959 602 1268 659 medicabilis
1295 609 1426 660 arte3
1467 607 1529 650 25

211 684 331 742 Aut,
358 692 413 733 ut
438 684 516 740 sit,
544 685 692 747 longa
716 691 793 732 est
817 682 1135 731 extenuanda
1160 697 1312 728 mora.

146 762 313 817 Quum
328 763 457 809 bene
476 761 734 809 firmarunt
755 761 973 809 animum
993 766 1244 824 praecepta
1261 760 1529 822 jacentem,

215 839 492 902 Sumtaque
518 846 635 885 sunt
659 838 801 885 nobis
828 837 1043 902 pectoris
1070 852 1207 884 arma
1230 836 1329 894 tui3

147 916 341 963 Rursus
365 931 502 963 amor
526 915 715 979 patriae,
744 915 933 962 ratione
957 914 1196 962 valentior
1221 914 1371 968 omni,

214 992 361 1047 Quod
385 1000 471 1040 tua
492 999 762 1040 texuerunt
786 992 986 1055 scripta,
1013 992 1195 1039 retexit
1218 1008 1362 1055 opus,
1469 994 1532 1037 30

149 1070 264 1118 Sive
288 1071 425 1134 pium
449 1070 522 1117 vis
547 1071 658 1125 hoc,
686 1070 788 1116 sive
813 1069 905 1116 hoc
932 1069 1172 1116 muliebre
1196 1069 1377 1124 vocari,

216 1148 471 1196 Confiteor
494 1147 673 1195 misero
699 1147 846 1194 molle
872 1163 956 1194 cor
980 1163 1090 1194 esse
1116 1146 1252 1193 mihi.

149 1224 264 1272 Non
289 1225 442 1272 dubia
466 1232 543 1273 est
569 1224 730 1272 Ithaci
751 1224 1043 1288 prudentia3
1075 1224 1162 1271 sed
1187 1230 1353 1270 tamen
1374 1229 1512 1286 optat

217 1303 427 1350 Fumum
452 1303 514 1351 de
540 1303 711 1367 patriis
737 1318 884 1366 posse
908 1302 1075 1348 videre
1100 1300 1241 1347 focis.

150 1379 336 1428 Nescio
363 1395 463 1443 qua
486 1381 649 1428 natale
675 1381 834 1428 solum
859 1379 1126 1427 dulcedine
1151 1385 1324 1442 captos
1471 1379 1533 1424 35

217 1458 466 1525 Ducit‚··'et
489 1459 804 1507 immemores
830 1475 927 1506 non
953 1458 1069 1504 sinit
1092 1473 1203 1504 esse
1225 1456 1316 1503 sui.

150 1535 284 1591 Quid
309 1527 486 1584 melius
514 1537 712 1584 Roma?
776 1536 1016 1600 Scythico
1043 1535 1165 1599 quid
1190 1534 1331 1581 litore
1356 1533 1534 1597 pejus?

216 1612 329 1661 Huc
354 1621 522 1662 tamen
547 1630 611 1662 ex
636 1614 720 1661 illa
743 1615 985 1661 barbarus
1010 1613 1131 1659 urbe
1156 1611 1297 1674 fugit.

150 1690 316 1745 Quum
341 1692 469 1740 bene
495 1692 559 1739 sit
583 1693 765 1739 clausae
791 1708 943 1739 cavea
968 1689 1227 1737 Pandione
1253 1695 1398 1742 natae,

219 1768 406 1817 Nititur
430 1769 480 1816 in
506 1770 654 1817 silvas
679 1770 765 1817 illa
788 1769 947 1817 redire
975 1783 1105 1815 suas.

192 1903 245 1933 21.
269 1902 487 1943 Epidaurius]
515 1903 728 1945 Hisculapius,
755 1903 809 1945 qui

148 1951 181 1982 in
195 1951 352 1994 Epidauro
367 1952 494 1983 civitate
510 1953 680 1983 colebatur.

192 2002 244 2032 23.
260 2001 436 2042 Nodosam]
455 2001 653 2042 Metonymia
669 2001 810 2032 effectus.

154 2050 296 2091 Podagra
312 2051 407 2087 enim,
422 2050 476 2081 ubi
496 2050 696 2085 inveteravit.
714 2051 811 2081 nodos

149 2099 300 2140 quosdam
328 2100 361 2130 in
385 2100 525 2130 articulis
550 2099 656 2137 efficit,
682 2111 718 2131 ac
744 2106 810 2131 tum

148 2149 330 2180 incurabilis
344 2149 486 2180 habetur.
524 2150 672 2181 HARLES.

191 2199 244 2229 24.
261 2198 472 2229 Formidandis
492 2199 607 2229 Moreti
628 2204 659 2229 et
680 2204 811 2240 quatuor

147 2247 214 2278 alii.
257 2247 360 2278 Recte
380 2254 484 2279 autern
509 2247 756 2290 hydrophobiam
772 2258 809 2278 ex

148 2297 238 2329 canis
265 2297 366 2328 rabidi
392 2308 506 2334 morsu,
537 2297 622 2329 unde
651 2297 752 2328 rabies
779 2302 812 2328 et

147 2351 233 2378 certa
256 2357 338 2377 mors
357 2346 508 2388 sequitur,
523 2346 672 2388 intelligit
686 2347 812 2377 Merula

148 2402 181 2427 et
202 2396 415 2426 Bersmannus
433 2406 473 2427 ex
494 2395 687 2432 Mercuriali,
703 2395 772 2426 libr.
786 2395 809 2425 i.

148 2456 213 2477 var.
233 2447 265 2476 2.
298 2445 352 2487 qui
381 2446 523 2477 morbum
548 2445 632 2476 hunc
660 2445 734 2476 olim
762 2445 809 2475 in-

149 2495 310 2537 cognitum
331 2506 430 2537 nuper
452 2495 580 2526 demum
595 2495 702 2526 Ovidii
717 2500 811 2525 aetate

148 2544 339 2586 adparuisse,
367 2555 469 2586 neque
492 2544 594 2575 adhuc
618 2545 685 2587 ejus
710 2543 810 2575 medi-

147 2593 253 2624 cinam
271 2594 430 2625 iuventam
450 2593 544 2625 fuisse
566 2594 668 2625 docet.
701 2595 810 2624 Burm.

149 2644 300 2674 HARLES.

192 2693 244 2723 27.
275 2692 461 2732 Praecepta.]
510 2692 661 2724 Rationes
698 2692 812 2733 quibus

150 2752 223 2772 usus
239 2752 271 2772 es
286 2741 317 2771 in
334 2740 430 2773 literis
440 2741 512 2772 tuis.

1471 1767 1536 1811 40

920 1902 972 1931 28.
991 1901 1126 1931 Pectoris
1140 1898 1251 1938 arma]
1278 1897 1415 1929 Consilia
1430 1908 1447 1928 e
1467 1908 1540 1940 pec-

877 1957 941 1982 tore
965 1957 1018 1981 tuo
1040 1950 1190 1992 prosecta,
1207 1948 1321 1989 quibus
1342 1958 1391 1978 me
1413 1948 1540 1977 obarmo

877 2006 984 2031 contra
998 2008 1165 2030 moerorum
1180 2007 1312 2027 morsus.
1350 1997 1454 2026 Poxr.

921 2051 973 2080 30.
990 2049 1076 2084 Quod
1092 2055 1156 2083 tua,
1172 2046 1248 2086 ἂψ]
1276 2045 1369 2082 Quod
1384 2051 1417 2076 tu
1435 2045 1474 2076 ad
1490 2055 1539 2075 me

877 2098 1037 2141 scripsisti.
1076 2098 1207 2128 Reterz't.
1231 2095 1385 2126 Destruit.
1417 2094 1478 2125 Vel
1491 2105 1538 2125 re-

878 2154 969 2179 vocat
981 2159 1030 2178 me
1047 2147 1086 2178 ad
1100 2156 1280 2180 moerorem,
1295 2144 1378 2174 unde
1394 2154 1443 2174 me
1459 2143 1540 2184 epis-

878 2198 942 2228 tola
965 2203 1020 2228 tua
1043 2201 1207 2227 avocarat:
1234 2193 1294 2229 vel,
1311 2192 1455 2224 obliterat
1474 2203 1539 2223 mo-

878 2247 954 2278 nita.
995 2247 1100 2277 Pom.
1124 2246 1218 2275 ΜΕΒ.

922 2298 977 2327 33.
1000 2296 1126 2325 Famam
1150 2297 1186 2325 cle
1204 2292 1440 2334 patriisfocis]
1474 2293 1538 2323 Ho-

879 2357 953 2377 mer.
965 2345 1079 2387 Odyss.
1090 2349 1130 2376 A.
1142 2355 1206 2374 ver.
1219 2344 1278 2374 57:

1115 2393 1219 2434 αὐτὰρ
1234 2390 1407 2428 Ὀδυσσεὺς

919 2444 1058 2487 Ἰεμενος
1073 2443 1126 2473 καὶ
1142 2442 1273 2473 καπνὸν
1283 2440 1538 2483 ἀποθρώσκοντα

963 2495 1084 2531 νοῆσαι

914 2541 976 2578 Ἧς
992 2541 1099 2583 γαίης,
1115 2539 1241 2571 Θανέειν
1256 2538 1418 2581 ἱμείρεται.

922 2593 975 2621 37.
986 2591 1122 2632 Scythico
1135 2589 1337 2630 quidsi-igme
1348 2587 1457 2628 pejus-J
1472 2588 1538 2618 No-

878 2641 961 2671 mine
976 2639 1105 2681 frigoris,
1122 2637 1321 2669 omniaillius
1336 2637 1475 2667 barbarae
1492 2646 1539 2666 re-

879 2689 978 2728 gionis
988 2687 1185 2719 incommoda
1195 2684 1424 2728 complectitur.
1438 2686 1540 2716 Ροκτ.

924 2739 977 2769 39.
997 2739 1150 2767 Pandione
1166 2736 1272 2775 natm]
1292 2736 1338 2765 Ex
1355 2734 1470 2765 Aldina
1486 2733 1538 2764 illa
