1760 3172
405 207 592 249 ARTIS
625 204 980 247 AMATORIAE
1015 206 1132 246 LIB.
1168 207 1230 246 ΙΙ.
1445 207 1503 246 37

116 322 276 378 Adde,
303 324 438 386 quod
463 330 540 369 est
564 322 658 368 illis
684 337 890 384 operum
913 321 1175 383 prudentia
1199 324 1375 383 major:
1405 325 1500 367 (575

183 399 329 446 Solus
353 407 418 454 et,
446 398 658 446 artifices
684 398 769 460 qui
796 397 929 451 facit,
957 413 1076 442 usus
1103 397 1260 443 adest.

114 474 217 521 Illae
243 475 495 522 munditiis
522 489 759 521 annorum
784 473 966 519 damna
991 473 1296 535 rependunt:

181 550 246 597 Et
270 551 455 598 faciunt
479 552 615 605 cura,
644 566 706 596 ne
731 551 990 596 videantur
1015 566 1154 596 anus.

118 627 285 690 thue
310 629 446 684 velis,
474 628 721 674 Venerem
741 629 958 690 jungunt
982 644 1070 690 per
1095 628 1228 674 mille
1254 629 1451 689 figuras.

180 704 404 751 Inveniat
429 705 594 767 plures
620 704 754 750 nulla
778 704 962 750 tabella
986 704 1176 750 modos
1403 707 1500 750 680

114 779 216 827 Illis
243 782 452 828 sentitur
476 797 575 827 non
600 781 788 828 irritata
808 781 1064 844 voluptas:

178 857 322 911 Quod
344 860 501 921 juvet,
528 875 591 905 ex
618 875 762 920 aequo
788 858 970 905 femina
993 859 1167 920 virque
1192 858 1372 904 ferant:

113 935 211 982 Odi
235 936 549 990 concubitus,
576 937 662 998 qui
688 952 784 982 non
810 942 1076 998 utrumque
1102 936 1373 981 resolvunt:

178 1011 287 1059 Hoc
313 1020 405 1069 est,
432 1029 518 1059 cur
544 1014 683 1076 pueri
708 1020 883 1075 tangar
909 1029 1075 1059 amore
1101 1013 1281 1057 minus,

113 1088 211 1136 Odi
237 1106 349 1152 quae
375 1091 581 1154 praebet,
609 1091 727 1153 quia
751 1091 814 1137 sit
838 1091 1061 1153 praebere
1088 1105 1315 1144 necesse3
1404 1092 1499 1134 685

180 1166 427 1228 Siccaque
451 1167 514 1213 de
539 1168 652 1213 lana
679 1167 866 1228 cogitat
891 1167 1000 1229 ipsa
1025 1166 1130 1212 sua.

111 1241 235 1296 Quae
260 1243 405 1289 datur
428 1243 603 1297 officio,
632 1259 728 1289 non
754 1250 831 1289 est
856 1243 975 1288 mihi
1001 1250 1142 1304 grata
1165 1243 1408 1305 voluptas.

178 1318 409 1366 Officium
435 1320 583 1366 faciat
607 1321 742 1366 nulla
765 1321 930 1383 puella
955 1320 1090 1366 mihi.

110 1395 196 1442 Me
221 1412 367 1443 voces
394 1398 563 1444 audire
583 1399 724 1460 juvat
748 1414 839 1444 sua
863 1397 1047 1459 gaudia
1069 1397 1225 1443 fassas
1246 1414 1254 1443 ;

178 1472 348 1536 thue
373 1490 534 1520 morer
559 1482 758 1530 memet,
787 1475 1178 1536 sustineamque,
1208 1480 1361 1535 roget.
1402 1476 1499 1519 690

110 1549 400 1613 Adspiciam
425 1551 637 1598 dominae
663 1552 821 1598 victos
847 1552 1058 1599 amentis
1084 1552 1284 1598 ocellos.

177 1626 454 1689 Langueat;
495 1634 545 1675 et
569 1628 705 1690 tangi
731 1645 784 1675 se
810 1635 944 1676 vetet
969 1629 1052 1675 illa
1075 1629 1176 1674 diu.

110 1703 234 1749 Haec
259 1704 389 1750 bona
413 1720 510 1751 non
536 1705 706 1767 primae
731 1705 904 1751 tribuit
929 1712 1103 1752 natura
1121 1707 1356 1767 juventae,

175 1779 299 1834 Quae
325 1781 423 1827 cito
448 1789 561 1845 post
585 1789 776 1845 septem
803 1783 958 1829 lustra
982 1783 1145 1829 venire
1172 1782 1349 1828 solent.
1401 1783 1495 1827 694

109 1856 206 1910 Qui
228 1866 509 1921 properant,
527 1876 652 1906 nova
672 1868 836 1906 musta
856 1860 1046 1906 bibant.
1075 1860 1193 1905 mihi
1210 1859 1384 1905 fundat
1399 1858 1497 1904 avi-

177 1933 481 1982 Consulibus
506 1936 682 1998 priscis
703 1937 904 1983 condita
926 1943 1058 1983 testa
1082 1952 1288 1982 merum,
1371 1936 1498 1996 [tum

151 2157 227 2188 675.
255 2158 384 2197 Operum
399 2159 593 2199 prudentia]
620 2160 690 2189 Scio
701 2172 771 2199 opus
840 2160 928 2190 nihili
944 2160 1008 2190 fieri
1028 2159 1137 2189 audio:
1163 2164 1270 2189 contra
1292 2158 1368 2188 alios
1392 2160 1501 2199 poetas

109 2206 170 2237 dici
186 2206 343 2248 praecipue
358 2206 396 2236 de
412 2208 548 2243 Venere,
560 2208 615 2238 sed
629 2218 668 2238 an
683 2220 771 2247 operav
840 2220 943 2239 amare
959 2214 990 2239 et
1005 2208 1172 2249 suspicere.
1210 2207 1400 2237 Praeclarum
1417 2208 1500 2238 scili-

108 2254 221 2295 plurali
243 2265 371 2285 numero
386 2261 469 2286 recte
484 2256 629 2287 dicantur
646 2256 768 2287 dubito.
838 2264 889 2287 cet
904 2258 1062 2298 ingenium
1077 2261 1108 2287 et
1120 2255 1287 2297 judicium.
1336 2256 1426 2286 C10r.

109 2303 168 2333 etsi
182 2303 379 2334 tralationem
395 2314 413 2334 a
428 2315 460 2334 re
477 2305 624 2335 castrensi
640 2316 706 2336 esse
719 2317 769 2337 ve-
882 2308 957 2337 694.
985 2307 1056 2340 Quae
1073 2308 1131 2336 cito
1146 2311 1208 2345 post
1223 2305 1357 2345 septem]
1384 2307 1416 2335 Si
1435 2312 1499 2336 tam

109 2351 146 2381 lit
162 2352 338 2382 Broukhus.
363 2352 402 2383 ad
417 2353 524 2383 Tibul.
542 2353 564 2383 i.
588 2365 618 2384 x.
634 2355 686 2384 64.
713 2365 771 2395 ego
839 2356 924 2386 tarde
948 2357 1029 2386 bona
1050 2355 1106 2385 illa
1128 2354 1267 2389 veniunt,
1292 2360 1322 2384 et
1343 2361 1412 2396 post
1433 2356 1499 2386 lon-

108 2407 191 2432 certe
220 2402 358 2438 mallem,
387 2413 488 2433 rerum
515 2405 679 2442 prudentia
708 2416 770 2434 ma·
838 2416 910 2446 gurn
937 2416 1041 2440 usum,
1068 2415 1107 2435 an
1129 2405 1183 2435 illa
1206 2403 1267 2434 cito
1288 2403 1392 2434 venire
1416 2411 1499 2435 recte

100 2453 173 2490 jor.-
197 2450 242 2482 ita
256 2452 372 2492 passim
389 2458 522 2483 veteres,
569 2454 688 2483 Evam.
839 2454 984 2485 dicantur
993 2454 1119 2485 videant
1134 2452 1302 2484 acutiores.
1328 2453 1402 2483 mihi
1419 2465 1500 2485 sem-

153 2500 227 2531 683.
251 2500 310 2531 Odi
325 2502 511 2537 concubitus,
522 2504 574 2542 qui
590 2514 648 2533 non
660 2505 769 2533 utrim-
839 2515 892 2545 per
907 2504 957 2534 hic
967 2514 1073 2534 versus
1087 2508 1246 2543 corruptus
1259 2502 1342 2532 visus
1358 2502 1426 2533 fuit.
1441 2514 1498 2534 nec

109 2561 164 2590 que
178 2551 340 2587 resolvunt,
357 2551 423 2581 Hoc
434 2557 476 2582 est
491 2562 547 2581 cur
559 2554 648 2591 pueri
659 2558 770 2594 tangar
835 2554 947 2595 juvant
975 2553 1112 2584 codices.
1147 2553 1223 2584 forte
1251 2553 1324 2587 Qum
1354 2554 1411 2582 nisi
1436 2560 1501 2591 post

111 2609 209 2629 umore
227 2600 354 2640 minus]
380 2600 527 2631 Ostendit
549 2602 642 2642 poeta
657 2602 770 2632 Noster
837 2609 956 2642 septem.
982 2609 1015 2632 ut
1042 2604 1111 2637 nisi,
1131 2613 1184 2643 pro
1208 2614 1262 2632 nou
1286 2603 1343 2632 nisi
1364 2603 1498 2643 positum

109 2657 142 2678 se
158 2649 195 2679 τὸ
212 2647 444 2691 παιδεραστεῖν
459 2656 601 2680 secutum
613 2661 672 2681 non
685 2661 750 2682 esse
764 2664 769 2681 :
839 2651 891 2681 sit.
908 2651 979 2681 vide
1004 2661 1072 2691 quae
1090 2651 1228 2681 Gronov.
1250 2650 1289 2681 ad
1305 2650 1373 2681 Liv.
1389 2651 1497 2681 xxxiv.

110 2704 205 2739 atque
222 2698 339 2729 idcirco
354 2698 523 2733 nonnullis,
539 2699 592 2740 qui
609 2699 640 2730 in
661 2700 774 2731 litteris
844 2701 892 2731 16.
914 2699 1067 2741 producit,
1082 2700 1156 2730 licet
1179 2700 1212 2730 in
1235 2699 1422 2741 quibusdam
1446 2710 1500 2731 ex-

108 2756 222 2778 nomen
247 2746 375 2785 habent,
401 2747 473 2779 odio
496 2759 575 2785 esse,
596 2749 715 2790 despici
741 2756 772 2781 et
841 2748 953 2790 emplis
968 2748 1124 2779 diversum
1138 2755 1274 2780 censeat.
1320 2749 1438 2779 Bmm.

937 2802 967 2831 D
985 2803 1003 2831 3
