1760 3172
245 197 303 238 70
640 194 692 236 Ρ.
725 193 939 237 OVIDII
974 193 1256 236 NASONIS

252 309 360 358 Nec
387 310 549 357 minus
575 310 625 357 in
649 310 787 356 vultu
812 310 1055 357 damnosa
1080 309 1315 373 superbia
1339 316 1526 357 vestro:

320 386 562 434 Comibus
588 394 665 434 est
688 386 844 434 oculis
870 386 1180 433 adliciendus
1207 402 1360 433 amor.
1548 388 1645 433 510

257 462 469 512 Odimus
495 464 788 511 immodicos
815 465 1060 527 (expertae
1082 463 1294 524 credite)
1320 463 1494 511 fastus.

325 541 472 605 Saepe
496 548 668 588 tacens
695 540 793 587 odii
820 541 1012 587 semina
1034 540 1199 587 vultus
1222 541 1390 588 habet.

259 618 584 681 Spectantem
611 624 810 681 specta:
851 617 1031 664 ridenti
1056 617 1226 664 mollia
1251 617 1372 664 ride.

322 694 527 752 Innuet3
571 702 806 758 acceptas
830 701 885 741 tu
911 709 1114 757 quoque
1140 694 1293 741 redde
1318 701 1478 741 notas.

258 771 341 819 Sic
366 773 450 819 ubi
478 772 701 836 prolusit,
729 772 934 819 rudibus
960 787 1084 835 puer
1107 771 1189 819 ille
1214 771 1401 819 relictis
1551 773 1648 818 510

1622 773 1645 795 s.

323 848 529 912 Spicula
552 849 615 896 de
640 849 874 913 pharetra
900 848 1082 912 promit
1106 855 1255 895 acuta
1279 849 1390 895 sua.

258 925 470 972 Odimus
497 933 547 972 et
571 932 792 973 moestas.

864 925 1189 972 Tecmessam
1214 925 1390 988 diligat
1414 924 1571 989 Ajax:

324 1001 448 1058 Nos,
475 1002 681 1049 hilarem
706 1003 965 1067 populum,
992 1001 1177 1049 femina
1198 1002 1315 1050 laeta
1334 1002 1486 1066 capit.

259 1078 551 1143 Numquam
585 1096 678 1143 ego
702 1088 768 1136 te,
796 1080 1165 1136 Andromache,
1200 1095 1294 1127 nec
1319 1086 1384 1136 te,
1413 1078 1455 1126 T
1459 1095 1650 1127 ecmes-

455 1173 526 1213 sa,
554 1173 796 1220 rogarem,

325 1233 398 1280 Ut
420 1250 533 1281 mea
556 1235 619 1281 de
642 1236 784 1283 vobis
810 1236 965 1283 altera
989 1236 1149 1283 amica
1172 1235 1314 1284 foret.

1555 1238 1653 1283 520

259 1310 478 1358 Credere
500 1311 585 1358 vix
610 1311 796 1368 videor,
823 1328 938 1359 cum
963 1329 1114 1375 cogar
1137 1312 1340 1360 credere
1365 1318 1531 1376 partu,

322 1387 425 1434 Vos
451 1404 544 1451 ego
569 1404 684 1435 cum
707 1389 884 1436 vestris
910 1389 1241 1437 concubuisse
1265 1389 1398 1437 viris.

259 1464 464 1512 Scilicet
487 1465 632 1528 Ajaci
656 1466 834 1513 mulier
859 1467 1179 1514 moestissima
1203 1466 1348 1523 dixit,
1394 1461 1396 1463 ¹

323 1541 433 1589 Lux
459 1559 592 1601 mea;
636 1560 853 1608 quaeque
879 1545 1042 1592 solent
1065 1544 1218 1592 verba
1235 1545 1409 1607 juvare
1433 1543 1591 1601 viros;

256 1619 387 1674 Quid
413 1627 547 1668 vetat
572 1637 601 1669 a
626 1623 819 1685 magnis
846 1623 907 1670 ad
934 1638 1012 1670 res
1038 1621 1272 1685 exempla
1295 1621 1510 1669 minores
1553 1624 1650 1669 525

322 1697 547 1754 Sumere,
577 1714 668 1746 nec
694 1715 876 1748 nomen
901 1699 1219 1764 pertimuisse
1244 1698 1422 1746 ducis?

296 1909 370 1939 510.
397 1908 532 1939 Comibus
555 1916 596 1939 est
616 1911 738 1951 oculis.]
768 1909 917 1946 Quidam,

253 1959 400 1989 dulcibus.
444 1959 571 1994 Moreti,
590 1959 690 1994 Junii,
716 1965 749 1989 et
767 1959 829 1990 duo
852 1959 918 1995 alii,

256 2009 401 2043 mollibus,
418 2008 502 2049 quod
516 2009 622 2050 prob0.
669 2009 719 2039 Ita
739 2010 836 2040 mollis
850 2021 917 2040 ocu-

256 2058 353 2087 lorum
377 2058 549 2096 petulante'a
583 2058 711 2089 Petron.
741 2058 854 2094 cxxvi3
889 2064 921 2089 et

255 2107 408 2148 μαλακὸν
422 2105 564 2147 βλέμμα,
579 2106 737 2148 Aristoph.
751 2106 835 2137 Plut.
848 2107 921 2138 Act.

257 2155 298 2186 iv.
327 2166 370 2186 sc.
398 2156 440 2186 iv.
464 2156 516 2186 57.
579 2156 680 2186 Paulo
706 2157 797 2187 aliter
825 2158 922 2188 molles

253 2206 351 2234 oeulos
367 2203 457 2239 dixit,
474 2204 609 2235 Remed.
625 2206 700 2235 340.
738 2206 787 2236 Ita
802 2208 923 2236 comiter

255 2260 284 2284 et
302 2255 432 2283 molliter
448 2252 589 2289 confusa,
603 2253 672 2284 Art.
688 2254 794 2284 Amat.
808 2255 828 2285 i.
847 2255 920 2287 710.

256 2303 382 2334 Deinde
403 2314 483 2333 unus
499 2302 633 2339 lleinsii,
650 2305 814 2335 eliciendus
829 2316 921 2336 amor.

256 2353 322 2383 Ilos
345 2358 449 2383 autem
467 2351 583 2383 rectius
601 2352 635 2382 fit
655 2355 791 2383 mollibus
810 2354 920 2390 oculis,

254 2412 348 2443 quam
363 2403 509 2438 comibus
531 2401 586 2431 sed
603 2402 678 2443 quia
689 2404 823 2442 snperbia
840 2414 920 2445 prat—

253 2451 348 2487 cedit,
371 2456 402 2482 et
425 2453 526 2482 mollia
549 2452 649 2482 ridere
672 2451 825 2493 sequitur,
843 2452 920 2483 nihil

254 2511 425 2531 movemus.
470 2501 591 2531 Bunnn

297 2552 372 2581 520.
400 2551 505 2580 Amica
527 2549 643 2592 suren]
686 2549 776 2580 Fores
806 2548 920 2580 rectius

252 2600 384 2641 legatur.
418 2600 535 2630 Hmss.
581 2601 689 2630 Altera
710 2599 918 2640 nuptajinwt.

251 2649 394 2680 Bai-thol.
418 2648 591 2680 notandum
617 2659 691 2679 vero
715 2650 844 2679 alterum
867 2647 918 2678 hic

250 2697 321 2739 poni
339 2709 393 2739 pro
408 2699 603 2728 ulterutram.
626 2697 672 2728 sic
694 2697 777 2740 apud
794 2696 917 2733 Quinc-

249 2746 295 2779 til.
314 2745 369 2778 lib.
386 2746 437 2778 vii.
454 2746 531 2778 lnst.
551 2757 621 2789 cap.
638 2746 658 2778 i.
706 2748 794 2778 Alter·
815 2747 916 2787 igitur

986 1911 1150 1941 insidiatus
1163 1916 1216 1940 est.
1250 1909 1345 1940 Uter?
1365 1908 1500 1951 profecto
1518 1908 1652 1940 Clodius.

987 1960 1105 1990 Bumu.

1031 2009 1105 2040 521.
1138 2008 1214 2039 Cum
1249 2019 1340 2049 cogar
1376 2009 1496 2038 credere
1530 2007 1651 2047 parua]

989 2058 1059 2088 Nisi
1073 2069 1164 2099 cogar
1175 2059 1294 2088 credere
1306 2063 1426 2097 parcns,
1442 2055 1542 2098 prima
1555 2055 1653 2087 editio

989 2112 1021 2137 et
1033 2106 1094 2137 duo
1106 2105 1225 2148 scripti.
1251 2105 1478 2141 Mentelianus,
1492 2106 1550 2135 nisi
1562 2116 1654 2147 cogar

991 2158 1111 2187 credere
1123 2163 1228 2195 partu.
1274 2155 1375 2197 Lege:

1036 2205 1164 2236 Credere
1179 2206 1223 2235 υἱ),
1239 2206 1352 2241 videar,
1365 2204 1423 2234 nisi
1433 2214 1523 2245 cogar
1533 2205 1655 2235 credere

1073 2260 1180 2293 partu.

991 2302 1064 2338 Vel,
1083 2309 1190 2344 cogant
1213 2310 1332 2343 partus.

989 2351 1213 2383 Andromacha
1253 2351 1382 2383 Hectori
1412 2351 1587 2392 Astyanax,
1614 2362 1652 2382 ex

988 2401 1154 2432 Tecmessfi
1170 2401 1263 2443 Ajaci
1280 2402 1463 2442 Eurysaces,
1479 2411 1497 2431 a
1512 2411 1574 2442 quo
1590 2402 1653 2432 Eu-

987 2450 1151 2491 rysacidae,
1175 2450 1348 2481 clarissima
1372 2450 1455 2492 apud
1477 2450 1652 2481 Athenien-

987 2509 1036 2530 ses
1052 2499 1181 2530 familia.
1207 2500 1326 2530 Hcms.
1377 2499 1431 2530 Vix
1447 2509 1563 2539 possum
1577 2499 1651 2530 Lin-

988 2549 1070 2578 coln.

1031 2598 1105 2628 525.
1132 2597 1207 2631 Quis
1221 2603 1312 2633 vetat,
1328 2610 1344 2627 ιι
1359 2599 1475 2638 magnis
1486 2599 1525 2628 ad
1542 2607 1587 2627 res
1601 2609 1651 2628 ea-

986 2647 1081 2685 empla
1110 2648 1235 2676 minores
1255 2646 1404 2686 Sumere]
1440 2647 1557 2677 Sensus
1581 2652 1650 2677 est:

986 2694 1073 2731 Quid
1094 2694 1248 2736 prohibet,
1269 2704 1454 2736 magnarum
1477 2705 1578 2726 rerum
1599 2705 1654 2725 ex-

986 2744 1090 2786 empla
1105 2744 1144 2775 ad
1159 2755 1207 2775 res
1217 2744 1382 2775 mulierum
1400 2754 1515 2786 parvas
1528 2753 1653 2775 accom-

1377 2302 1481 2332 Natus
1506 2301 1590 2332 enim
1614 2313 1652 2333 ex
