1760 3172
200 187 288 229 236

593 185 644 226 P.
679 184 790 227 OVI
799 184 894 226 DII
926 182 1208 226 NASONIS

202 301 452 363 Prospera
468 299 546 369 xsic
572 300 712 347 vobis
737 306 938 347 maneat
963 298 1160 346 fortuna
1177 317 1187 355 ;
1207 281 1321 345 f'nec
1348 312 1568 360 unquam

271 368 515 424 Contacti'
532 375 681 423 simili
708 383 839 423 sorte
866 375 1049 437 rogetis
1070 375 1249 438 opem!

678 697 1007 746 ELEGIA
1056 698 1117 745 V.

202 842 344 889 Usus
372 840 601 889 amicitiae
626 847 794 887 tecum
819 838 938 885 mihi
965 854 1163 902 parvus,
1190 845 1245 885 ut
1270 838 1406 886 illam

268 919 383 966 Non
407 933 535 980 aegre
561 932 736 980 posses
762 915 1091 971 dissimulare,
1119 914 1238 962 fuit:

201 995 266 1043 Ni
292 1011 370 1043 me
397 994 692 1057 complexus
716 992 892 1039 vinclis
920 991 1235 1055 propioribus
1261 1008 1416 1048 esses,

268 1071 410 1119 Nave
434 1087 546 1118 mea
568 1077 716 1117 vento
741 1069 906 1115 forsan
931 1079 1082 1115 eunte
1108 1084 1214 1114 suo.

205 1149 272 1196 Ut
295 1148 472 1204 cecidi,
499 1145 771 1208 cunctique
797 1152 934 1191 metu
961 1144 1132 1206 fugere
1158 1143 1327 1201 ruinae,
1563 1146 1591 1190 5

265 1225 526 1286 Versaque
551 1221 781 1269 amicitiae
807 1228 947 1282 terga
970 1220 1154 1267 dedere
1180 1236 1333 1277 meae3

197 1302 367 1350 Ausus
393 1317 446 1348 es
471 1299 587 1362 igne
611 1299 641 1345 J
646 1298 750 1345 ovis
776 1313 1071 1361 percussum
1095 1304 1302 1358 tangere
1327 1312 1524 1360 corpus,

266 1378 333 1425 Et
356 1377 628 1441 deploratae
654 1374 806 1422 limen
832 1374 967 1422 adire
997 1374 1192 1420 domus.

198 1456 362 1520 quue
387 1470 561 1502 recens
587 1460 811 1517 praestas,
841 1468 933 1499 nec
960 1452 1107 1513 longo
1132 1450 1362 1512 cognitus
1388 1467 1500 1506 usu,

268 1532 416 1587 Quod
439 1537 664 1578 veterum
690 1529 871 1576 misero
895 1528 979 1575 vix
1004 1528 1103 1575 duo
1127 1534 1290 1574 tresve
1318 1526 1456 1574 mihi.
1534 1529 1592 1573 lO

197 1610 314 1657 Vidi
340 1624 433 1671 ego
458 1606 692 1654 confusos
717 1607 900 1662 vultus,
922 1605 1158 1667 visosque
1183 1604 1376 1660 notavi3

267 1686 442 1748 Osque
466 1684 674 1731 madens
699 1683 836 1739 fletu,
863 1682 1202 1746 pallidiusque
1228 1697 1367 1728 meo:

198 1763 265 1811 Et
287 1764 535 1825 lacrymas
561 1776 771 1807 cernens
796 1759 846 1805 in
872 1758 1070 1821 singula
1092 1758 1243 1805 verba
1267 1758 1521 1814 cadentes,

267 1840 369 1886 Ore
393 1854 505 1885 meo
529 1837 795 1900 lacrymas,
823 1834 1025 1882 auribus
1052 1834 1136 1880 illa
1160 1833 1292 1880 bibi:

199 1915 517 1978 Brachiaque
541 1913 715 1977 accepi
740 1919 918 1959 moesto
943 1910 1213 1975 pendentia
1237 1911 1381 1966 collo,
1534 1913 1591 1957 15

266 1993 334 2040 Et
356 1991 640 2054 singultatis
666 1989 839 2036 oscula
863 1988 1013 2035 mista
1038 1987 1189 2034 sonis.

198 2138 306 2170 Fidum
321 2138 460 2177 prqjecto.
503 2135 665 2176 Projectus
677 2133 727 2165 hic
744 2139 791 2165 est
807 2144 859 2165 ne-

197 2189 331 2230 glectus,
346 2191 523 2217 contemtus
537 2197 543 2214 :
569 2195 631 2226 quo
647 2194 774 2214 numero
789 2189 861 2214 sunt

198 2237 333 2268 exsules.
377 2235 480 2266 Pom.

242 2338 270 2367 l.
291 2332 542 2373 Ususamz'citiae]
570 2331 783 2368 Consuetudo,
794 2331 863 2374 ipsa

199 2384 350 2416 amicitia.

240 2436 271 2466 3.
295 2431 401 2464 Facile
414 2430 569 2462 adsentior
580 2432 772 2466 Burmanno,
784 2440 856 2460 con-

193 2481 316 2526 jicienti
332 2481 403 2516 Qui.
420 2481 508 2511 Sens.
537 2480 569 2510 Si
581 2479 746 2510 incolumis
758 2478 788 2508 in
804 2489 858 2519 pa-

197 2532 257 2563 tria
273 2529 454 2561 mansissem
468 2531 514 2570 (v.
526 2529 575 2567 4.)
586 2529 695 2559 artiore
711 2538 760 2558 me
775 2537 859 2558 com—

197 2582 308 2622 plexus
337 2578 448 2608 fuisses
477 2577 633 2608 amicitia:
661 2587 733 2607 nam
757 2587 805 2606 mc
830 2575 860 2606 in

197 2628 341 2660 exsilium
364 2626 550 2657 mittendum
576 2625 701 2667 plurimi
720 2630 860 2655 veterum

198 2676 370 2708 maicorum
394 2675 597 2706 desereurunt
626 2681 710 2704 metu
737 2672 858 2711 exsilii3

197 2733 230 2758 tu
247 2736 319 2757 vero
334 2735 441 2756 recens
456 2726 575 2755 amicus
589 2723 724 2755 officium
740 2721 858 2764 praesti-

930 2133 1005 2170 tisti,
1022 2143 1135 2175 meque
1148 2132 1331 2164 convenisti.
1377 2132 1525 2162 HAnLEs.

973 2183 1003 2214 4.
1025 2183 1072 2213 Nu
1079 2194 1109 2213 ce
1122 2194 1183 2213 mea
1198 2182 1398 2223 ventoforsan
1410 2188 1500 2212 eunte
1510 2180 1590 2221 snm]

930 2232 997 2263 Hoc
1015 2240 1072 2267 est,
1089 2231 1164 2273 quia
1179 2237 1244 2262 tum
1260 2229 1396 2261 fortassis
1412 2229 1502 2260 navis
1523 2239 1594 2260 mea

929 2292 995 2317 suo,
1016 2281 1047 2311 id
1071 2286 1129 2317 est,
1143 2279 1282 2311 secundo
1306 2285 1398 2309 vento
1422 2278 1591 2314 ferebatur,

928 2341 1029 2372 eaque
1054 2330 1178 2361 fortuna
1200 2339 1271 2360 mea
1290 2334 1382 2364 esset,
1398 2334 1433 2359 ut
1448 2338 1466 2358 a
1482 2334 1511 2358 te
1534 2327 1593 2358 im-

928 2379 1054 2422 pensius
1069 2389 1198 2409 amarer.
1244 2378 1370 2408 M1crL.

974 2429 1021 2457 ll.
1050 2428 1182 2467 l'isosque
1208 2426 1334 2466 nutari]
1360 2425 1412 2456 An
1439 2427 1536 2455 ridere
1563 2431 1595 2456 et

928 2483 1031 2507 notare
1043 2488 1104 2507 non
1115 2482 1160 2506 est
1173 2486 1268 2507 unum
1278 2475 1424 2516 idemque
1436 2474 1492 2505 hoc
1506 2470 1596 2505 loco?

928 2532 1048 2557 veteres
1063 2526 1126 2555 sere.
1138 2535 1258 2560 omnes,
1271 2526 1404 2564 risusque
1416 2533 1486 2554 cum
1504 2523 1593 2564 prim.

929 2574 1020 2605 Polit.
1048 2576 1167 2614 risuque
1181 2575 1292 2604 notari.
1322 2573 1438 2603 mes.
1486 2571 1593 2602 Codex

929 2629 1031 2655 noster
1047 2623 1076 2653 A
1093 2622 1158 2658 dat,
1175 2623 1334 2664 confusus.-
1359 2621 1452 2652 ambo
1475 2625 1592 2656 autem,

930 2674 1057 2712 visosque
1075 2675 1184 2702 notari.

974 2722 1022 2752 16.
1046 2720 1260 2760 Singultatis]
1296 2719 1510 2759 Singultantis.
1539 2716 1592 2747 ed.
