<?xml version="1.0" encoding="UTF-8"?>
<!DOCTYPE html PUBLIC "-//W3C//DTD XHTML 1.0 Transitional//EN"
    "http://www.w3.org/TR/xhtml1/DTD/xhtml1-transitional.dtd">
<html xmlns="http://www.w3.org/1999/xhtml" xml:lang="en" lang="en">
 <head>
  <title>
</title>
<meta http-equiv="Content-Type" content="text/html;charset=utf-8" />
  <meta name='ocr-system' content='tesseract 3.04.00' />
  <meta name='ocr-capabilities' content='ocr_page ocr_carea ocr_par ocr_line ocrx_word'/>
</head>
<body>
  <div class='ocr_page' id='page_1' title='image "./povidiinasonisop02oviduoft_0445.png"; bbox 0 0 1760 3172; ppageno 0'>
   <div class='ocr_carea' id='block_1_1' title="bbox 385 170 1524 212">
    <p class='ocr_par' dir='ltr' id='par_1_1' title="bbox 385 170 1524 212">
     <span class='ocr_line' id='line_1_1' title="bbox 385 170 1524 212; baseline 0 -1"><span class='ocrx_word' id='word_1_1' title='bbox 385 171 475 211; x_wconf 91' lang='lat' dir='ltr'>EX</span> <span class='ocrx_word' id='word_1_2' title='bbox 510 170 720 212; x_wconf 90' lang='lat' dir='ltr'>PONTO</span> <span class='ocrx_word' id='word_1_3' title='bbox 756 170 872 211; x_wconf 90' lang='lat' dir='ltr'>LIB.</span> <span class='ocrx_word' id='word_1_4' title='bbox 909 170 970 211; x_wconf 94' lang='lat' dir='ltr'>II.</span> <span class='ocrx_word' id='word_1_5' title='bbox 1005 170 1196 211; x_wconf 88' lang='lat' dir='ltr'>EPIST.</span> <span class='ocrx_word' id='word_1_6' title='bbox 1231 170 1292 211; x_wconf 90' lang='lat' dir='ltr'>X.</span> <span class='ocrx_word' id='word_1_7' title='bbox 1440 171 1524 211; x_wconf 75' lang='lat'>435</span> 
     </span>
    </p>
   </div>
   <div class='ocr_carea' id='block_1_2' title="bbox 563 361 1100 409">
    <p class='ocr_par' dir='ltr' id='par_1_2' title="bbox 563 361 1100 409">
     <span class='ocr_line' id='line_1_2' title="bbox 563 361 1100 409; baseline -0.004 0"><span class='ocrx_word' id='word_1_8' title='bbox 563 361 990 409; x_wconf 87' lang='lat' dir='ltr'>EPISTOLA</span> <span class='ocrx_word' id='word_1_9' title='bbox 1036 363 1100 408; x_wconf 90' lang='lat' dir='ltr'>X.</span> 
     </span>
    </p>
   </div>
   <div class='ocr_carea' id='block_1_3' title="bbox 711 495 948 537">
    <p class='ocr_par' dir='ltr' id='par_1_3' title="bbox 711 495 948 537">
     <span class='ocr_line' id='line_1_3' title="bbox 711 495 948 537; baseline 0.004 -1"><span class='ocrx_word' id='word_1_10' title='bbox 711 495 841 537; x_wconf 85' lang='lat' dir='ltr'>MAG</span> <span class='ocrx_word' id='word_1_11' title='bbox 849 495 948 537; x_wconf 84' lang='grc' dir='ltr'>ΒΟ.</span> 
     </span>
    </p>
   </div>
   <div class='ocr_carea' id='block_1_4' title="bbox 142 601 1532 2055">
    <p class='ocr_par' dir='ltr' id='par_1_4' title="bbox 144 601 1492 734">
     <span class='ocr_line' id='line_1_4' title="bbox 144 601 1492 666; baseline -0.001 -16"><span class='ocrx_word' id='word_1_12' title='bbox 144 602 365 655; x_wconf 79' lang='lat' dir='ltr'><strong>ECQUID</strong></span> <span class='ocrx_word' id='word_1_13' title='bbox 392 604 454 651; x_wconf 89' lang='lat' dir='ltr'>ab</span> <span class='ocrx_word' id='word_1_14' title='bbox 479 602 732 666; x_wconf 83' lang='lat' dir='ltr'>impressae</span> <span class='ocrx_word' id='word_1_15' title='bbox 758 601 1020 664; x_wconf 81' lang='lat' dir='ltr'>cognoscis</span> <span class='ocrx_word' id='word_1_16' title='bbox 1045 602 1259 664; x_wconf 83' lang='lat' dir='ltr'>imagine</span> <span class='ocrx_word' id='word_1_17' title='bbox 1286 618 1492 664; x_wconf 80' lang='lat' dir='ltr'>gemmae</span> 
     </span>
     <span class='ocr_line' id='line_1_5' title="bbox 210 677 1396 734; baseline 0 -8"><span class='ocrx_word' id='word_1_18' title='bbox 210 679 333 728; x_wconf 90' lang='lat' dir='ltr'>Haec</span> <span class='ocrx_word' id='word_1_19' title='bbox 359 680 448 728; x_wconf 90' lang='lat' dir='ltr'>tibi</span> <span class='ocrx_word' id='word_1_20' title='bbox 474 679 728 728; x_wconf 83' lang='lat' dir='ltr'>Nasonem</span> <span class='ocrx_word' id='word_1_21' title='bbox 755 679 971 726; x_wconf 87' lang='lat' dir='ltr'>scribere</span> <span class='ocrx_word' id='word_1_22' title='bbox 995 679 1161 734; x_wconf 87' lang='lat' dir='ltr'>verba,</span> <span class='ocrx_word' id='word_1_23' title='bbox 1191 677 1396 726; x_wconf 75' lang='lat' dir='ltr'>Macer?</span> 
     </span>
    </p>

    <p class='ocr_par' dir='ltr' id='par_1_5' title="bbox 142 756 1309 897">
     <span class='ocr_line' id='line_1_6' title="bbox 142 756 1301 821; baseline -0.003 -16"><span class='ocrx_word' id='word_1_24' title='bbox 142 756 474 821; x_wconf 82' lang='lat' dir='ltr'>Auctorisque</span> <span class='ocrx_word' id='word_1_25' title='bbox 501 757 576 804; x_wconf 86' lang='lat' dir='ltr'>sui</span> <span class='ocrx_word' id='word_1_26' title='bbox 603 757 643 804; x_wconf 88' lang='lat' dir='ltr'>si</span> <span class='ocrx_word' id='word_1_27' title='bbox 669 773 767 803; x_wconf 91' lang='lat' dir='ltr'>non</span> <span class='ocrx_word' id='word_1_28' title='bbox 793 764 871 804; x_wconf 88' lang='lat' dir='ltr'>est</span> <span class='ocrx_word' id='word_1_29' title='bbox 895 757 1106 804; x_wconf 88' lang='lat' dir='ltr'>annulus</span> <span class='ocrx_word' id='word_1_30' title='bbox 1132 756 1301 811; x_wconf 84' lang='lat' dir='ltr'>index,</span> 
     </span>
     <span class='ocr_line' id='line_1_7' title="bbox 210 833 1309 897; baseline -0.003 -15"><span class='ocrx_word' id='word_1_31' title='bbox 210 835 489 897; x_wconf 86' lang='lat' dir='ltr'>Cognitane</span> <span class='ocrx_word' id='word_1_32' title='bbox 513 841 590 882; x_wconf 90' lang='lat' dir='ltr'>est</span> <span class='ocrx_word' id='word_1_33' title='bbox 614 842 782 881; x_wconf 86' lang='lat' dir='ltr'>nostra</span> <span class='ocrx_word' id='word_1_34' title='bbox 804 834 949 880; x_wconf 91' lang='lat' dir='ltr'>litera</span> <span class='ocrx_word' id='word_1_35' title='bbox 972 833 1103 880; x_wconf 89' lang='lat' dir='ltr'>facta</span> <span class='ocrx_word' id='word_1_36' title='bbox 1126 834 1309 880; x_wconf 77' lang='lat' dir='ltr'>manu?</span> 
     </span>
    </p>

    <p class='ocr_par' dir='ltr' id='par_1_6' title="bbox 142 910 1525 1052">
     <span class='ocr_line' id='line_1_8' title="bbox 142 910 1525 974; baseline -0.001 -15"><span class='ocrx_word' id='word_1_37' title='bbox 142 911 222 959; x_wconf 91' lang='lat' dir='ltr'>An</span> <span class='ocrx_word' id='word_1_38' title='bbox 246 911 337 959; x_wconf 91' lang='lat' dir='ltr'>tibi</span> <span class='ocrx_word' id='word_1_39' title='bbox 362 912 588 959; x_wconf 82' lang='lat' dir='ltr'>notitiam</span> <span class='ocrx_word' id='word_1_40' title='bbox 612 927 750 958; x_wconf 87' lang='lat' dir='ltr'>mora</span> <span class='ocrx_word' id='word_1_41' title='bbox 773 911 1011 974; x_wconf 89' lang='lat' dir='ltr'>temporis</span> <span class='ocrx_word' id='word_1_42' title='bbox 1038 910 1184 973; x_wconf 88' lang='lat' dir='ltr'>eripit</span> <span class='ocrx_word' id='word_1_43' title='bbox 1206 910 1414 956; x_wconf 77' lang='lat' dir='ltr'>horum?</span> <span class='ocrx_word' id='word_1_44' title='bbox 1498 914 1525 957; x_wconf 85' lang='lat'><em>5</em></span> 
     </span>
     <span class='ocr_line' id='line_1_9' title="bbox 212 987 1249 1052; baseline -0.003 -16"><span class='ocrx_word' id='word_1_45' title='bbox 212 988 320 1036; x_wconf 88' lang='lat' dir='ltr'>Nec</span> <span class='ocrx_word' id='word_1_46' title='bbox 346 995 578 1052; x_wconf 91' lang='lat' dir='ltr'>repetunt</span> <span class='ocrx_word' id='word_1_47' title='bbox 602 987 732 1035; x_wconf 90' lang='lat' dir='ltr'>oculi</span> <span class='ocrx_word' id='word_1_48' title='bbox 759 987 900 1050; x_wconf 81' lang='lat' dir='ltr'>signa</span> <span class='ocrx_word' id='word_1_49' title='bbox 922 994 1121 1034; x_wconf 85' lang='lat' dir='ltr'>vetusta</span> <span class='ocrx_word' id='word_1_50' title='bbox 1144 987 1249 1034; x_wconf 79' lang='lat' dir='ltr'>tui?</span> 
     </span>
    </p>

    <p class='ocr_par' dir='ltr' id='par_1_7' title="bbox 148 1065 1441 1191">
     <span class='ocr_line' id='line_1_10' title="bbox 148 1065 1441 1129; baseline -0.002 -16"><span class='ocrx_word' id='word_1_51' title='bbox 148 1065 228 1113; x_wconf 89' lang='lat' dir='ltr'>Sis</span> <span class='ocrx_word' id='word_1_52' title='bbox 251 1065 372 1113; x_wconf 89' lang='lat' dir='ltr'>licet</span> <span class='ocrx_word' id='word_1_53' title='bbox 395 1065 577 1113; x_wconf 91' lang='lat' dir='ltr'>oblitus</span> <span class='ocrx_word' id='word_1_54' title='bbox 602 1065 786 1129; x_wconf 90' lang='lat' dir='ltr'>pariter</span> <span class='ocrx_word' id='word_1_55' title='bbox 811 1079 1121 1127; x_wconf 82' lang='lat' dir='ltr'>gemmaeque</span> <span class='ocrx_word' id='word_1_56' title='bbox 1147 1079 1441 1126; x_wconf 89' lang='lat' dir='ltr'>manusque,</span> 
     </span>
     <span class='ocr_line' id='line_1_11' title="bbox 213 1141 1171 1191; baseline -0.002 -1"><span class='ocrx_word' id='word_1_57' title='bbox 213 1142 473 1191; x_wconf 85' lang='lat' dir='ltr'>Exciderit</span> <span class='ocrx_word' id='word_1_58' title='bbox 494 1150 688 1191; x_wconf 90' lang='lat' dir='ltr'>tantum</span> <span class='ocrx_word' id='word_1_59' title='bbox 713 1159 775 1189; x_wconf 91' lang='lat' dir='ltr'>ne</span> <span class='ocrx_word' id='word_1_60' title='bbox 799 1142 889 1189; x_wconf 91' lang='lat' dir='ltr'>tibi</span> <span class='ocrx_word' id='word_1_61' title='bbox 915 1157 1034 1189; x_wconf 90' lang='lat' dir='ltr'>cura</span> <span class='ocrx_word' id='word_1_62' title='bbox 1057 1141 1171 1188; x_wconf 90' lang='lat' dir='ltr'>mei.</span> 
     </span>
    </p>

    <p class='ocr_par' dir='ltr' id='par_1_8' title="bbox 146 1218 1530 1361">
     <span class='ocr_line' id='line_1_12' title="bbox 146 1218 1294 1282; baseline -0.003 -15"><span class='ocrx_word' id='word_1_63' title='bbox 146 1220 309 1275; x_wconf 85' lang='lat' dir='ltr'>Quam</span> <span class='ocrx_word' id='word_1_64' title='bbox 334 1227 389 1267; x_wconf 92' lang='lat' dir='ltr'>tu</span> <span class='ocrx_word' id='word_1_65' title='bbox 412 1221 490 1267; x_wconf 86' lang='lat' dir='ltr'>vel</span> <span class='ocrx_word' id='word_1_66' title='bbox 515 1220 650 1282; x_wconf 85' lang='lat' dir='ltr'>longi</span> <span class='ocrx_word' id='word_1_67' title='bbox 675 1219 830 1267; x_wconf 87' lang='lat' dir='ltr'>debes</span> <span class='ocrx_word' id='word_1_68' title='bbox 855 1219 1162 1266; x_wconf 86' lang='lat' dir='ltr'>convictibus</span> <span class='ocrx_word' id='word_1_69' title='bbox 1189 1218 1294 1272; x_wconf 82' lang='lat' dir='ltr'>aevi,</span> 
     </span>
     <span class='ocr_line' id='line_1_13' title="bbox 212 1294 1530 1361; baseline -0.004 -17"><span class='ocrx_word' id='word_1_70' title='bbox 212 1297 306 1345; x_wconf 91' lang='lat' dir='ltr'>Vel</span> <span class='ocrx_word' id='word_1_71' title='bbox 330 1313 442 1345; x_wconf 90' lang='lat' dir='ltr'>mea</span> <span class='ocrx_word' id='word_1_72' title='bbox 466 1298 600 1361; x_wconf 93' lang='lat' dir='ltr'>quod</span> <span class='ocrx_word' id='word_1_73' title='bbox 626 1298 808 1360; x_wconf 84' lang='lat' dir='ltr'>conjux</span> <span class='ocrx_word' id='word_1_74' title='bbox 834 1312 931 1343; x_wconf 91' lang='lat' dir='ltr'>non</span> <span class='ocrx_word' id='word_1_75' title='bbox 957 1296 1118 1343; x_wconf 86' lang='lat' dir='ltr'>aliena</span> <span class='ocrx_word' id='word_1_76' title='bbox 1142 1294 1259 1350; x_wconf 87' lang='lat' dir='ltr'>tibi;</span> <span class='ocrx_word' id='word_1_77' title='bbox 1473 1297 1530 1340; x_wconf 86' lang='lat' dir='ltr'>lo</span> 
     </span>
    </p>

    <p class='ocr_par' dir='ltr' id='par_1_9' title="bbox 145 1372 1527 1516">
     <span class='ocr_line' id='line_1_14' title="bbox 145 1372 1527 1438; baseline -0.002 -18"><span class='ocrx_word' id='word_1_78' title='bbox 145 1375 239 1424; x_wconf 92' lang='lat' dir='ltr'>Vel</span> <span class='ocrx_word' id='word_1_79' title='bbox 265 1375 459 1431; x_wconf 88' lang='lat' dir='ltr'>studiis,</span> <span class='ocrx_word' id='word_1_80' title='bbox 477 1374 658 1438; x_wconf 88' lang='lat' dir='ltr'>quibus</span> <span class='ocrx_word' id='word_1_81' title='bbox 685 1391 754 1429; x_wconf 82' lang='lat' dir='ltr'>eS‚</span> <span class='ocrx_word' id='word_1_82' title='bbox 783 1390 933 1437; x_wconf 88' lang='lat' dir='ltr'>quam</span> <span class='ocrx_word' id='word_1_83' title='bbox 958 1390 1064 1427; x_wconf 88' lang='lat' dir='ltr'>nos,</span> <span class='ocrx_word' id='word_1_84' title='bbox 1085 1372 1358 1436; x_wconf 88' lang='lat' dir='ltr'>sapientius</span> <span class='ocrx_word' id='word_1_85' title='bbox 1384 1388 1527 1428; x_wconf 88' lang='lat' dir='ltr'>usus;</span> 
     </span>
     <span class='ocr_line' id='line_1_15' title="bbox 214 1450 1365 1516; baseline -0.003 -17"><span class='ocrx_word' id='word_1_86' title='bbox 214 1452 386 1516; x_wconf 91' lang='lat' dir='ltr'>thue</span> <span class='ocrx_word' id='word_1_87' title='bbox 411 1451 572 1507; x_wconf 90' lang='lat' dir='ltr'>decet,</span> <span class='ocrx_word' id='word_1_88' title='bbox 599 1452 734 1499; x_wconf 89' lang='lat' dir='ltr'>nulla</span> <span class='ocrx_word' id='word_1_89' title='bbox 756 1451 915 1498; x_wconf 86' lang='lat' dir='ltr'>factus</span> <span class='ocrx_word' id='word_1_90' title='bbox 938 1467 991 1498; x_wconf 91' lang='lat' dir='ltr'>es</span> <span class='ocrx_word' id='word_1_91' title='bbox 1017 1450 1138 1497; x_wconf 89' lang='lat' dir='ltr'>Arte</span> <span class='ocrx_word' id='word_1_92' title='bbox 1162 1465 1365 1497; x_wconf 87' lang='lat' dir='ltr'>nocens.</span> 
     </span>
    </p>

    <p class='ocr_par' dir='ltr' id='par_1_10' title="bbox 146 1525 1372 1654">
     <span class='ocr_line' id='line_1_16' title="bbox 146 1525 1372 1592; baseline -0.003 -16"><span class='ocrx_word' id='word_1_93' title='bbox 146 1529 223 1577; x_wconf 88' lang='lat' dir='ltr'>Tu</span> <span class='ocrx_word' id='word_1_94' title='bbox 248 1529 385 1577; x_wconf 89' lang='lat' dir='ltr'>canis</span> <span class='ocrx_word' id='word_1_95' title='bbox 411 1537 595 1577; x_wconf 87' lang='lat' dir='ltr'>aeterno</span> <span class='ocrx_word' id='word_1_96' title='bbox 620 1528 862 1592; x_wconf 88' lang='lat' dir='ltr'>quicquid</span> <span class='ocrx_word' id='word_1_97' title='bbox 889 1528 1110 1575; x_wconf 89' lang='lat' dir='ltr'>restabat</span> <span class='ocrx_word' id='word_1_98' title='bbox 1135 1525 1372 1580; x_wconf 86' lang='lat' dir='ltr'>Homero,</span> 
     </span>
     <span class='ocr_line' id='line_1_17' title="bbox 215 1603 1253 1654; baseline -0.005 0"><span class='ocrx_word' id='word_1_99' title='bbox 215 1606 294 1654; x_wconf 91' lang='lat' dir='ltr'>Ne</span> <span class='ocrx_word' id='word_1_100' title='bbox 318 1614 519 1654; x_wconf 80' lang='lat' dir='ltr'>careant</span> <span class='ocrx_word' id='word_1_101' title='bbox 544 1621 736 1653; x_wconf 89' lang='lat' dir='ltr'>summa</span> <span class='ocrx_word' id='word_1_102' title='bbox 761 1605 938 1652; x_wconf 87' lang='lat' dir='ltr'>Troica</span> <span class='ocrx_word' id='word_1_103' title='bbox 962 1603 1063 1651; x_wconf 85' lang='lat' dir='ltr'>fata</span> <span class='ocrx_word' id='word_1_104' title='bbox 1086 1619 1253 1650; x_wconf 89' lang='lat' dir='ltr'>manu.</span> 
     </span>
    </p>

    <p class='ocr_par' dir='ltr' id='par_1_11' title="bbox 149 1678 1531 1825">
     <span class='ocr_line' id='line_1_18' title="bbox 149 1678 1531 1748; baseline -0.004 -17"><span class='ocrx_word' id='word_1_105' title='bbox 149 1684 285 1732; x_wconf 89' lang='lat' dir='ltr'>Naso</span> <span class='ocrx_word' id='word_1_106' title='bbox 300 1700 474 1748; x_wconf 91' lang='lat' dir='ltr'>parum</span> <span class='ocrx_word' id='word_1_107' title='bbox 494 1683 729 1747; x_wconf 86' lang='lat' dir='ltr'>prudens,</span> <span class='ocrx_word' id='word_1_108' title='bbox 748 1681 920 1730; x_wconf 85' lang='lat' dir='ltr'>Artem</span> <span class='ocrx_word' id='word_1_109' title='bbox 936 1681 1054 1727; x_wconf 88' lang='lat' dir='ltr'>dum</span> <span class='ocrx_word' id='word_1_110' title='bbox 1070 1680 1220 1727; x_wconf 88' lang='lat' dir='ltr'>tradit</span> <span class='ocrx_word' id='word_1_111' title='bbox 1235 1678 1450 1736; x_wconf 88' lang='lat' dir='ltr'>amandi,</span> <span class='ocrx_word' id='word_1_112' title='bbox 1475 1681 1531 1726; x_wconf 87' lang='grc'>15</span> 
     </span>
     <span class='ocr_line' id='line_1_19' title="bbox 217 1757 1325 1825; baseline -0.005 -16"><span class='ocrx_word' id='word_1_113' title='bbox 217 1761 472 1810; x_wconf 81' lang='lat' dir='ltr'>Doctrinae</span> <span class='ocrx_word' id='word_1_114' title='bbox 493 1761 706 1825; x_wconf 88' lang='lat' dir='ltr'>pretium</span> <span class='ocrx_word' id='word_1_115' title='bbox 732 1761 872 1807; x_wconf 83' lang='lat' dir='ltr'>triste</span> <span class='ocrx_word' id='word_1_116' title='bbox 899 1758 1135 1821; x_wconf 83' lang='lat' dir='ltr'>magister</span> <span class='ocrx_word' id='word_1_117' title='bbox 1159 1757 1325 1804; x_wconf 87' lang='lat' dir='ltr'>habet.</span> 
     </span>
    </p>

    <p class='ocr_par' dir='ltr' id='par_1_12' title="bbox 152 1835 1393 1979">
     <span class='ocr_line' id='line_1_20' title="bbox 152 1835 1375 1898; baseline -0.005 -12"><span class='ocrx_word' id='word_1_118' title='bbox 152 1840 282 1887; x_wconf 86' lang='lat' dir='ltr'>Sunt</span> <span class='ocrx_word' id='word_1_119' title='bbox 300 1846 468 1887; x_wconf 88' lang='lat' dir='ltr'>tamen</span> <span class='ocrx_word' id='word_1_120' title='bbox 493 1839 621 1887; x_wconf 90' lang='lat' dir='ltr'>inter</span> <span class='ocrx_word' id='word_1_121' title='bbox 646 1856 697 1887; x_wconf 91' lang='lat' dir='ltr'>se</span> <span class='ocrx_word' id='word_1_122' title='bbox 724 1837 1007 1886; x_wconf 90' lang='lat' dir='ltr'>communia</span> <span class='ocrx_word' id='word_1_123' title='bbox 1032 1851 1173 1883; x_wconf 88' lang='lat' dir='ltr'>sacra</span> <span class='ocrx_word' id='word_1_124' title='bbox 1196 1835 1375 1898; x_wconf 88' lang='lat' dir='ltr'>poetis,</span> 
     </span>
     <span class='ocr_line' id='line_1_21' title="bbox 218 1911 1393 1979; baseline -0.006 -15"><span class='ocrx_word' id='word_1_125' title='bbox 218 1916 481 1964; x_wconf 86' lang='lat' dir='ltr'>Diversum</span> <span class='ocrx_word' id='word_1_126' title='bbox 503 1916 727 1979; x_wconf 89' lang='lat' dir='ltr'>quamvis</span> <span class='ocrx_word' id='word_1_127' title='bbox 754 1915 967 1978; x_wconf 87' lang='lat' dir='ltr'>quisque</span> <span class='ocrx_word' id='word_1_128' title='bbox 993 1927 1262 1976; x_wconf 89' lang='lat' dir='ltr'>sequamur</span> <span class='ocrx_word' id='word_1_129' title='bbox 1286 1911 1393 1958; x_wconf 90' lang='lat' dir='ltr'>iter.</span> 
     </span>
    </p>

    <p class='ocr_par' dir='ltr' id='par_1_13' title="bbox 150 1988 1532 2055">
     <span class='ocr_line' id='line_1_22' title="bbox 150 1988 1532 2055; baseline -0.007 -13"><span class='ocrx_word' id='word_1_130' title='bbox 150 1993 375 2049; x_wconf 84' lang='lat' dir='ltr'>Quorum</span> <span class='ocrx_word' id='word_1_131' title='bbox 394 2001 444 2041; x_wconf 91' lang='lat' dir='ltr'>te</span> <span class='ocrx_word' id='word_1_132' title='bbox 463 2009 749 2048; x_wconf 89' lang='lat' dir='ltr'>memorem,</span> <span class='ocrx_word' id='word_1_133' title='bbox 772 2006 1059 2055; x_wconf 88' lang='lat' dir='ltr'>quanquam</span> <span class='ocrx_word' id='word_1_134' title='bbox 1082 1988 1255 2053; x_wconf 88' lang='lat' dir='ltr'>procul</span> <span class='ocrx_word' id='word_1_135' title='bbox 1281 1988 1532 2042; x_wconf 88' lang='lat' dir='ltr'>absumus,</span> 
     </span>
    </p>
   </div>
   <div class='ocr_carea' id='block_1_5' title="bbox 222 2069 1245 2135">
    <p class='ocr_par' dir='ltr' id='par_1_14' title="bbox 222 2069 1245 2135">
     <span class='ocr_line' id='line_1_23' title="bbox 222 2069 1245 2135; baseline -0.006 -18"><span class='ocrx_word' id='word_1_136' title='bbox 222 2070 475 2135; x_wconf 86' lang='lat' dir='ltr'>Suspicor,</span> <span class='ocrx_word' id='word_1_137' title='bbox 503 2077 554 2117; x_wconf 85' lang='lat' dir='ltr'>et</span> <span class='ocrx_word' id='word_1_138' title='bbox 578 2086 722 2117; x_wconf 88' lang='lat' dir='ltr'>casus</span> <span class='ocrx_word' id='word_1_139' title='bbox 748 2069 874 2116; x_wconf 90' lang='lat' dir='ltr'>velle</span> <span class='ocrx_word' id='word_1_140' title='bbox 904 2069 1067 2115; x_wconf 81' lang='lat' dir='ltr'>levare</span> <span class='ocrx_word' id='word_1_141' title='bbox 1092 2082 1245 2113; x_wconf 84' lang='lat' dir='ltr'>meos.</span> 
     </span>
    </p>
   </div>
   <div class='ocr_carea' id='block_1_6' title="bbox 153 2183 815 2766">
    <p class='ocr_par' dir='ltr' id='par_1_15' title="bbox 153 2183 812 2516">
     <span class='ocr_line' id='line_1_24' title="bbox 196 2183 810 2225; baseline -0.003 -11"><span class='ocrx_word' id='word_1_142' title='bbox 196 2186 227 2214; x_wconf 84' lang='lat' dir='ltr'>l.</span> <span class='ocrx_word' id='word_1_143' title='bbox 251 2183 387 2225; x_wconf 80' lang='lat' dir='ltr'>Imagine</span> <span class='ocrx_word' id='word_1_144' title='bbox 410 2183 510 2223; x_wconf 63' lang='lat' dir='ltr'>certa]</span> <span class='ocrx_word' id='word_1_145' title='bbox 537 2183 663 2213; x_wconf 75' lang='lat' dir='ltr'>Gemmcr</span> <span class='ocrx_word' id='word_1_146' title='bbox 688 2183 810 2222; x_wconf 83' lang='lat' dir='ltr'>Fragm.</span> 
     </span>
     <span class='ocr_line' id='line_1_25' title="bbox 153 2231 810 2274; baseline -0.005 -10"><span class='ocrx_word' id='word_1_147' title='bbox 153 2232 333 2264; x_wconf 85' lang='lat' dir='ltr'>Boxhormii</span> <span class='ocrx_word' id='word_1_148' title='bbox 354 2238 385 2263; x_wconf 90' lang='lat' dir='ltr'>et</span> <span class='ocrx_word' id='word_1_149' title='bbox 407 2232 550 2263; x_wconf 83' lang='lat' dir='ltr'>Francos.</span> <span class='ocrx_word' id='word_1_150' title='bbox 574 2231 717 2274; x_wconf 82' lang='lat' dir='ltr'>quamvis</span> <span class='ocrx_word' id='word_1_151' title='bbox 740 2241 810 2262; x_wconf 88' lang='lat' dir='ltr'>vero</span> 
     </span>
     <span class='ocr_line' id='line_1_26' title="bbox 153 2280 811 2323; baseline -0.006 -9"><span class='ocrx_word' id='word_1_152' title='bbox 153 2295 171 2314; x_wconf 90' lang='lat' dir='ltr'>v</span> <span class='ocrx_word' id='word_1_153' title='bbox 208 2288 312 2313; x_wconf 66' lang='lat' dir='ltr'>vatam</span> <span class='ocrx_word' id='word_1_154' title='bbox 327 2281 452 2312; x_wconf 86' lang='lat' dir='ltr'>defendi</span> <span class='ocrx_word' id='word_1_155' title='bbox 467 2291 555 2323; x_wconf 84' lang='lat' dir='ltr'>posse</span> <span class='ocrx_word' id='word_1_156' title='bbox 573 2280 682 2316; x_wconf 84' lang='lat' dir='ltr'>sciam,</span> <span class='ocrx_word' id='word_1_157' title='bbox 697 2280 811 2311; x_wconf 84' lang='lat' dir='ltr'>rectius</span> 
     </span>
     <span class='ocr_line' id='line_1_27' title="bbox 154 2329 810 2373; baseline -0.003 -11"><span class='ocrx_word' id='word_1_158' title='bbox 154 2337 260 2362; x_wconf 88' lang='lat' dir='ltr'>tamen</span> <span class='ocrx_word' id='word_1_159' title='bbox 272 2341 342 2361; x_wconf 90' lang='lat' dir='ltr'>meo</span> <span class='ocrx_word' id='word_1_160' title='bbox 352 2330 471 2373; x_wconf 87' lang='lat' dir='ltr'>judicio</span> <span class='ocrx_word' id='word_1_161' title='bbox 485 2340 609 2372; x_wconf 85' lang='lat' dir='ltr'>gemma</span> <span class='ocrx_word' id='word_1_162' title='bbox 624 2329 738 2360; x_wconf 83' lang='lat' dir='ltr'>dicitur</span> <span class='ocrx_word' id='word_1_163' title='bbox 753 2329 810 2360; x_wconf 67' lang='lat' dir='ltr'>im&lt;</span> 
     </span>
     <span class='ocr_line' id='line_1_28' title="bbox 154 2378 811 2422; baseline -0.003 -11"><span class='ocrx_word' id='word_1_164' title='bbox 154 2379 256 2422; x_wconf 88' lang='lat' dir='ltr'>primi,</span> <span class='ocrx_word' id='word_1_165' title='bbox 271 2390 367 2422; x_wconf 87' lang='lat' dir='ltr'>quam</span> <span class='ocrx_word' id='word_1_166' title='bbox 390 2390 472 2417; x_wconf 85' lang='lat' dir='ltr'>cera,</span> <span class='ocrx_word' id='word_1_167' title='bbox 490 2380 541 2411; x_wconf 91' lang='lat' dir='ltr'>cui</span> <span class='ocrx_word' id='word_1_168' title='bbox 561 2390 685 2421; x_wconf 86' lang='lat' dir='ltr'>gemma</span> <span class='ocrx_word' id='word_1_169' title='bbox 707 2378 811 2421; x_wconf 82' lang='lat' dir='ltr'>impri-</span> 
     </span>
     <span class='ocr_line' id='line_1_29' title="bbox 154 2428 812 2471; baseline -0.003 -11"><span class='ocrx_word' id='word_1_170' title='bbox 154 2430 212 2460; x_wconf 89' lang='lat' dir='ltr'>mit</span> <span class='ocrx_word' id='word_1_171' title='bbox 235 2429 425 2471; x_wconf 78' lang='lat' dir='ltr'>imaginem3</span> <span class='ocrx_word' id='word_1_172' title='bbox 461 2437 492 2460; x_wconf 87' lang='lat' dir='ltr'>et</span> <span class='ocrx_word' id='word_1_173' title='bbox 527 2428 587 2460; x_wconf 88' lang='lat' dir='ltr'>hoc</span> <span class='ocrx_word' id='word_1_174' title='bbox 614 2429 812 2459; x_wconf 85' lang='lat' dir='ltr'>confirmatur</span> 
     </span>
     <span class='ocr_line' id='line_1_30' title="bbox 154 2479 520 2516; baseline -0.005 -6"><span class='ocrx_word' id='word_1_175' title='bbox 154 2490 238 2516; x_wconf 85' lang='lat' dir='ltr'>mox,</span> <span class='ocrx_word' id='word_1_176' title='bbox 252 2489 319 2510; x_wconf 88' lang='lat' dir='ltr'>ver.</span> <span class='ocrx_word' id='word_1_177' title='bbox 336 2479 366 2509; x_wconf 87' lang='lat'>7.</span> <span class='ocrx_word' id='word_1_178' title='bbox 404 2479 520 2509; x_wconf 72' lang='lat' dir='ltr'>Bmm.</span> 
     </span>
    </p>

    <p class='ocr_par' dir='ltr' id='par_1_16' title="bbox 156 2526 813 2668">
     <span class='ocr_line' id='line_1_31' title="bbox 199 2526 813 2568; baseline -0.005 -9"><span class='ocrx_word' id='word_1_179' title='bbox 199 2529 230 2559; x_wconf 89' lang='lat'>6.</span> <span class='ocrx_word' id='word_1_180' title='bbox 256 2528 320 2559; x_wconf 85' lang='lat' dir='ltr'>Nec</span> <span class='ocrx_word' id='word_1_181' title='bbox 348 2527 513 2568; x_wconf 63' lang='lat' dir='ltr'>repetunt]</span> <span class='ocrx_word' id='word_1_182' title='bbox 539 2527 607 2558; x_wconf 78' lang='lat' dir='ltr'>Nec</span> <span class='ocrx_word' id='word_1_183' title='bbox 635 2526 813 2557; x_wconf 86' lang='lat' dir='ltr'>memoriam</span> 
     </span>
     <span class='ocr_line' id='line_1_32' title="bbox 156 2575 813 2619; baseline -0.005 -11"><span class='ocrx_word' id='word_1_184' title='bbox 156 2577 321 2608; x_wconf 86' lang='lat' dir='ltr'>reducunt.</span> <span class='ocrx_word' id='word_1_185' title='bbox 369 2577 463 2619; x_wconf 82' lang='lat' dir='ltr'>Signa</span> <span class='ocrx_word' id='word_1_186' title='bbox 488 2583 614 2607; x_wconf 75' lang='lat' dir='ltr'>vetusta.</span> <span class='ocrx_word' id='word_1_187' title='bbox 642 2575 813 2616; x_wconf 80' lang='lat' dir='ltr'>Antiquam</span> 
     </span>
     <span class='ocr_line' id='line_1_33' title="bbox 156 2625 538 2668; baseline 0 -12"><span class='ocrx_word' id='word_1_188' title='bbox 156 2625 325 2668; x_wconf 82' lang='lat' dir='ltr'>imaginem</span> <span class='ocrx_word' id='word_1_189' title='bbox 342 2625 451 2656; x_wconf 85' lang='lat' dir='ltr'>annuli</span> <span class='ocrx_word' id='word_1_190' title='bbox 466 2625 538 2656; x_wconf 89' lang='lat' dir='ltr'>mei.</span> 
     </span>
    </p>

    <p class='ocr_par' dir='ltr' id='par_1_17' title="bbox 159 2672 815 2766">
     <span class='ocr_line' id='line_1_34' title="bbox 203 2672 815 2715; baseline -0.008 -9"><span class='ocrx_word' id='word_1_191' title='bbox 203 2677 253 2706; x_wconf 87' lang='lat' dir='ltr'>lo.</span> <span class='ocrx_word' id='word_1_192' title='bbox 266 2676 336 2706; x_wconf 83' lang='lat' dir='ltr'>Non</span> <span class='ocrx_word' id='word_1_193' title='bbox 353 2675 480 2715; x_wconf 64' lang='lat' dir='ltr'>aliena]</span> <span class='ocrx_word' id='word_1_194' title='bbox 507 2675 538 2705; x_wconf 88' lang='lat' dir='ltr'>h.</span> <span class='ocrx_word' id='word_1_195' title='bbox 554 2685 581 2705; x_wconf 89' lang='lat' dir='ltr'>e.</span> <span class='ocrx_word' id='word_1_196' title='bbox 597 2672 815 2713; x_wconf 77' lang='lat' dir='ltr'>consanguini-</span> 
     </span>
     <span class='ocr_line' id='line_1_35' title="bbox 159 2724 608 2766; baseline -0.004 -11"><span class='ocrx_word' id='word_1_197' title='bbox 159 2730 222 2755; x_wconf 85' lang='lat' dir='ltr'>tate</span> <span class='ocrx_word' id='word_1_198' title='bbox 238 2724 421 2766; x_wconf 86' lang='lat' dir='ltr'>propinqua.</span> <span class='ocrx_word' id='word_1_199' title='bbox 460 2725 608 2754; x_wconf 64' lang='lat' dir='ltr'><strong>HARLLS.</strong></span> 
     </span>
    </p>
   </div>
   <div class='ocr_carea' id='block_1_7' title="bbox 1403 2065 1536 2126">
    <p class='ocr_par' dir='ltr' id='par_1_18' title="bbox 1403 2065 1536 2126">
     <span class='ocr_line' id='line_1_36' title="bbox 1403 2065 1536 2126; baseline -0.015 -14"><span class='ocrx_word' id='word_1_200' title='bbox 1403 2065 1536 2126; x_wconf 85' lang='lat' dir='ltr'>[esse</span> 
     </span>
    </p>
   </div>
   <div class='ocr_carea' id='block_1_8' title="bbox 878 2176 1542 2757">
    <p class='ocr_par' dir='ltr' id='par_1_19' title="bbox 878 2176 1538 2359">
     <span class='ocr_line' id='line_1_37' title="bbox 925 2176 1537 2218; baseline -0.008 -7"><span class='ocrx_word' id='word_1_201' title='bbox 925 2182 974 2211; x_wconf 82' lang='lat'>11.</span> <span class='ocrx_word' id='word_1_202' title='bbox 994 2180 1045 2210; x_wconf 68' lang='lat' dir='ltr'>Vel</span> <span class='ocrx_word' id='word_1_203' title='bbox 1060 2179 1193 2218; x_wconf 60' lang='lat' dir='ltr'>studiis]</span> <span class='ocrx_word' id='word_1_204' title='bbox 1213 2177 1362 2213; x_wconf 85' lang='lat' dir='ltr'>Subaudi‚</span> <span class='ocrx_word' id='word_1_205' title='bbox 1380 2176 1429 2207; x_wconf 89' lang='lat' dir='ltr'>vel</span> <span class='ocrx_word' id='word_1_206' title='bbox 1444 2186 1537 2218; x_wconf 83' lang='lat' dir='ltr'>quam</span> 
     </span>
     <span class='ocr_line' id='line_1_38' title="bbox 878 2224 1536 2261; baseline -0.009 0"><span class='ocrx_word' id='word_1_207' title='bbox 878 2240 985 2261; x_wconf 87' lang='lat' dir='ltr'>curam</span> <span class='ocrx_word' id='word_1_208' title='bbox 995 2229 1057 2260; x_wconf 88' lang='lat' dir='ltr'>mei</span> <span class='ocrx_word' id='word_1_209' title='bbox 1068 2228 1164 2259; x_wconf 86' lang='lat' dir='ltr'>debes</span> <span class='ocrx_word' id='word_1_210' title='bbox 1176 2226 1390 2258; x_wconf 85' lang='lat' dir='ltr'>communibus</span> <span class='ocrx_word' id='word_1_211' title='bbox 1405 2224 1517 2256; x_wconf 79' lang='lat' dir='ltr'>studiis</span> <span class='ocrx_word' id='word_1_212' title='bbox 1530 2238 1536 2255; x_wconf 89' lang='lat'>:</span> 
     </span>
     <span class='ocr_line' id='line_1_39' title="bbox 878 2274 1538 2319; baseline -0.009 -10"><span class='ocrx_word' id='word_1_213' title='bbox 878 2280 930 2319; x_wconf 85' lang='lat' dir='ltr'>(ut</span> <span class='ocrx_word' id='word_1_214' title='bbox 948 2277 1101 2317; x_wconf 83' lang='lat' dir='ltr'>diximus)</span> <span class='ocrx_word' id='word_1_215' title='bbox 1121 2277 1261 2307; x_wconf 86' lang='lat' dir='ltr'>homines</span> <span class='ocrx_word' id='word_1_216' title='bbox 1281 2275 1413 2305; x_wconf 84' lang='lat' dir='ltr'>invicem</span> <span class='ocrx_word' id='word_1_217' title='bbox 1435 2274 1538 2304; x_wconf 89' lang='lat' dir='ltr'>conci-</span> 
     </span>
     <span class='ocr_line' id='line_1_40' title="bbox 878 2326 1261 2359; baseline -0.01 0"><span class='ocrx_word' id='word_1_218' title='bbox 878 2329 953 2359; x_wconf 89' lang='lat' dir='ltr'>liare</span> <span class='ocrx_word' id='word_1_219' title='bbox 969 2328 1069 2358; x_wconf 87' lang='lat' dir='ltr'>solent</span> <span class='ocrx_word' id='word_1_220' title='bbox 1085 2337 1120 2357; x_wconf 91' lang='lat' dir='ltr'>ac</span> <span class='ocrx_word' id='word_1_221' title='bbox 1137 2326 1261 2356; x_wconf 83' lang='lat' dir='ltr'>debent.</span> 
     </span>
    </p>

    <p class='ocr_par' dir='ltr' id='par_1_20' title="bbox 879 2371 1538 2565">
     <span class='ocr_line' id='line_1_41' title="bbox 925 2371 1537 2416; baseline -0.011 -8"><span class='ocrx_word' id='word_1_222' title='bbox 925 2378 974 2408; x_wconf 89' lang='lat'>13.</span> <span class='ocrx_word' id='word_1_223' title='bbox 1001 2377 1155 2416; x_wconf 80' lang='lat' dir='ltr'>Quidquid</span> <span class='ocrx_word' id='word_1_224' title='bbox 1183 2373 1342 2413; x_wconf 58' lang='lat' dir='ltr'>restabat]</span> <span class='ocrx_word' id='word_1_225' title='bbox 1375 2371 1537 2412; x_wconf 74' lang='lat' dir='ltr'>Quidquid</span> 
     </span>
     <span class='ocr_line' id='line_1_42' title="bbox 879 2422 1537 2469; baseline -0.011 -11"><span class='ocrx_word' id='word_1_226' title='bbox 879 2432 948 2469; x_wconf 86' lang='lat' dir='ltr'>post</span> <span class='ocrx_word' id='word_1_227' title='bbox 960 2437 997 2457; x_wconf 86' lang='lat' dir='ltr'>ea</span> <span class='ocrx_word' id='word_1_228' title='bbox 1011 2437 1081 2467; x_wconf 85' lang='lat' dir='ltr'>quae</span> <span class='ocrx_word' id='word_1_229' title='bbox 1097 2425 1162 2466; x_wconf 87' lang='lat' dir='ltr'>ipse</span> <span class='ocrx_word' id='word_1_230' title='bbox 1179 2422 1360 2465; x_wconf 87' lang='lat' dir='ltr'>composuit,</span> <span class='ocrx_word' id='word_1_231' title='bbox 1376 2431 1537 2464; x_wconf 86' lang='lat' dir='ltr'>permane-</span> 
     </span>
     <span class='ocr_line' id='line_1_43' title="bbox 879 2470 1538 2514; baseline -0.012 -7"><span class='ocrx_word' id='word_1_232' title='bbox 879 2477 932 2507; x_wconf 85' lang='lat' dir='ltr'>bat</span> <span class='ocrx_word' id='word_1_233' title='bbox 946 2488 953 2514; x_wconf 81' lang='lat'><em>3</em></span> <span class='ocrx_word' id='word_1_234' title='bbox 969 2475 1122 2505; x_wconf 82' lang='lat' dir='ltr'>Homerus</span> <span class='ocrx_word' id='word_1_235' title='bbox 1139 2472 1221 2504; x_wconf 84' lang='lat' dir='ltr'>enim</span> <span class='ocrx_word' id='word_1_236' title='bbox 1236 2472 1356 2503; x_wconf 87' lang='lat' dir='ltr'>bellum</span> <span class='ocrx_word' id='word_1_237' title='bbox 1370 2470 1538 2511; x_wconf 87' lang='lat' dir='ltr'>Trojanum</span> 
     </span>
     <span class='ocr_line' id='line_1_44' title="bbox 880 2517 1525 2565; baseline -0.012 -10"><span class='ocrx_word' id='word_1_238' title='bbox 880 2524 1042 2565; x_wconf 88' lang='lat' dir='ltr'>descripsit</span> <span class='ocrx_word' id='word_1_239' title='bbox 1058 2533 1156 2564; x_wconf 87' lang='lat' dir='ltr'>usque</span> <span class='ocrx_word' id='word_1_240' title='bbox 1172 2521 1212 2553; x_wconf 88' lang='lat' dir='ltr'>ad</span> <span class='ocrx_word' id='word_1_241' title='bbox 1227 2526 1356 2551; x_wconf 87' lang='lat' dir='ltr'>mortem</span> <span class='ocrx_word' id='word_1_242' title='bbox 1371 2517 1525 2550; x_wconf 85' lang='lat' dir='ltr'>Hectoris.</span> 
     </span>
    </p>

    <p class='ocr_par' dir='ltr' id='par_1_21' title="bbox 882 2567 1541 2702">
     <span class='ocr_line' id='line_1_45' title="bbox 927 2567 1541 2610; baseline -0.011 -7"><span class='ocrx_word' id='word_1_243' title='bbox 927 2574 976 2603; x_wconf 88' lang='grc'>18.</span> <span class='ocrx_word' id='word_1_244' title='bbox 1002 2572 1159 2603; x_wconf 77' lang='lat' dir='ltr'>Diversum</span> <span class='ocrx_word' id='word_1_245' title='bbox 1198 2570 1282 2610; x_wconf 70' lang='lat' dir='ltr'>iter-J</span> <span class='ocrx_word' id='word_1_246' title='bbox 1322 2567 1405 2606; x_wconf 83' lang='lat' dir='ltr'>Quia</span> <span class='ocrx_word' id='word_1_247' title='bbox 1430 2568 1541 2598; x_wconf 85' lang='lat' dir='ltr'>Macer</span> 
     </span>
     <span class='ocr_line' id='line_1_46' title="bbox 883 2617 1540 2658; baseline -0.011 -5"><span class='ocrx_word' id='word_1_248' title='bbox 883 2621 1006 2653; x_wconf 87' lang='lat' dir='ltr'>heroico</span> <span class='ocrx_word' id='word_1_249' title='bbox 1026 2620 1174 2656; x_wconf 85' lang='lat' dir='ltr'>carmine,</span> <span class='ocrx_word' id='word_1_250' title='bbox 1188 2619 1322 2651; x_wconf 84' lang='lat' dir='ltr'>Ovidius</span> <span class='ocrx_word' id='word_1_251' title='bbox 1344 2617 1433 2658; x_wconf 84' lang='lat' dir='ltr'>elego</span> <span class='ocrx_word' id='word_1_252' title='bbox 1451 2617 1540 2648; x_wconf 90' lang='lat' dir='ltr'>flore-</span> 
     </span>
     <span class='ocr_line' id='line_1_47' title="bbox 882 2673 946 2702; baseline 0.016 -1"><span class='ocrx_word' id='word_1_253' title='bbox 882 2673 946 2702; x_wconf 85' lang='lat' dir='ltr'>bat.</span> 
     </span>
    </p>

    <p class='ocr_par' dir='ltr' id='par_1_22' title="bbox 930 2715 1542 2757">
     <span class='ocr_line' id='line_1_48' title="bbox 930 2715 1542 2757; baseline -0.01 -7"><span class='ocrx_word' id='word_1_254' title='bbox 930 2721 979 2750; x_wconf 87' lang='grc'>19.</span> <span class='ocrx_word' id='word_1_255' title='bbox 1010 2719 1078 2749; x_wconf 85' lang='lat' dir='ltr'>Esse</span> <span class='ocrx_word' id='word_1_256' title='bbox 1101 2716 1282 2757; x_wconf 61' lang='lat' dir='ltr'>memorerm]</span> <span class='ocrx_word' id='word_1_257' title='bbox 1320 2715 1404 2753; x_wconf 88' lang='lat' dir='ltr'>Quia</span> <span class='ocrx_word' id='word_1_258' title='bbox 1431 2715 1542 2746; x_wconf 89' lang='lat' dir='ltr'>Macer</span> 
     </span>
    </p>
   </div>
   <div class='ocr_carea' id='block_1_9' title="bbox 1014 2768 1103 2798">
    <p class='ocr_par' dir='ltr' id='par_1_23' title="bbox 1014 2768 1103 2798">
     <span class='ocr_line' id='line_1_49' title="bbox 1014 2768 1103 2798; baseline -0.011 0"><span class='ocrx_word' id='word_1_259' title='bbox 1014 2768 1103 2798; x_wconf 68' lang='lat' dir='ltr'>Fr2</span> 
     </span>
    </p>
   </div>
  </div>
 </body>
</html>
