1760 3172
378 193 565 236 ARTIS
598 191 952 234 AMATORIAE
986 191 1106 233 LIB.
1142 192 1231 233 III.

1419 190 1479 230 45

88 312 140 358 Si
167 312 294 359 bene
318 317 368 356 te
393 309 521 364 novi,
549 308 707 354 cultas
733 323 795 353 ne
820 307 945 353 laede
970 307 1190 369 puellas3

154 388 341 443 Gratia,
369 387 487 433 dum
512 386 662 441 vives,
690 385 786 431 ista
808 385 1028 447 petenda
1051 384 1158 431 tibi.

89 466 251 512 Dixit:
292 471 342 512 et
366 480 393 510 e
415 470 576 526 myrto
604 463 789 525 (myrto
815 476 929 507 nam
953 461 1117 508 vincta
1141 461 1348 524 capillos

153 539 479 600 Constiterat)
505 538 676 586 folium
702 554 955 600 granaque
981 554 1143 601 pauca
1166 539 1321 585 dedit.

87 618 345 665 Sensimus
371 616 590 680 acceptis
615 632 800 663 numen
826 631 1044 678 quoque.
1083 616 1249 679 purior
1273 616 1426 663 aether

154 695 326 750 Fulsit,
354 700 404 741 et
427 709 454 740 e
478 701 582 740 toto
607 700 809 757 pectore
834 693 987 739 cessit
1006 709 1146 740 onus.
1407 696 1469 740 56

89 772 222 819 Dum
237 772 354 819 facit
368 771 619 834 ingenium
637 789 647 828 ;
677 771 832 834 petite
853 770 968 816 hinc
988 777 1257 833 praecepta,
1274 769 1469 834 puellae,

155 848 292 903 Quas
316 848 491 911 pudor,
518 854 567 894 et
590 847 745 910 leges,
774 854 824 894 et
849 862 939 893 sua
956 847 1071 909 jura
1096 847 1282 894 sinunt.

91 924 323 972 Venturae
349 939 595 971 memores
614 925 721 986 jam
741 939 871 970 nunc
898 930 1057 970 estote
1083 931 1326 972 senectae:

158 1002 241 1048 Sic
266 1002 455 1048 nullum
479 1000 618 1048 vobis
643 1008 839 1064 tempus
865 1001 1022 1049 abibit
1042 1002 1190 1050 iners.

1414 1005 1477 1048 60

93 1078 225 1125 Dum
249 1079 381 1135 licet,
409 1086 459 1126 et
481 1094 621 1126 veros
647 1079 795 1126 etiam
821 1095 950 1125 nunc
977 1080 1122 1126 editis
1148 1096 1319 1135 annos,

158 1155 362 1203 Ludite:
402 1162 522 1202 eunt
546 1155 661 1202 anni
686 1171 820 1202 more
846 1156 1042 1203 fluentis
1069 1172 1228 1219 aquae.

94 1231 139 1278 N
146 1248 219 1287 ec,
248 1248 359 1295 quae
385 1233 638 1295 praeteriit,
665 1232 844 1279 iterum
869 1233 1180 1280 revocabitur
1200 1234 1355 1281 unda:

158 1309 204 1356 N
211 1325 283 1365 ec,
312 1325 423 1372 quae
450 1310 701 1373 praeteriit,
729 1310 849 1357 hora
873 1310 1032 1357 redire
1057 1318 1241 1374 potest.

90 1504 180 1535 minis
209 1515 300 1547 opem
329 1505 361 1536 in
389 1516 515 1536 cervum
551 1505 747 1548 implorante.

88 1553 259 1595 Magnifice
274 1555 314 1585 de
330 1565 367 1585 eo
382 1554 516 1591 Quintil.
535 1555 641 1586 Instit.
658 1556 748 1586 Orat.

90 1617 122 1636 x.
136 1606 159 1636 i.
185 1606 335 1637 Poemata
345 1606 513 1637 Stesichori
528 1618 581 1637 sex
598 1612 630 1637 et
639 1606 749 1648 viginti

89 1656 175 1687 libris
190 1656 359 1698 composita
373 1655 504 1687 tradidit
519 1656 641 1687 Suidas.
677 1657 749 1687 Me-

90 1705 180 1736 minit
194 1711 225 1736 et
238 1704 396 1747 ᾀσμάτων
412 1705 594 1742 Athenaeus,
611 1706 677 1736 xiii.
691 1716 749 1736 nec

90 1755 186 1784 amori
210 1754 406 1785 mediocriter
427 1754 568 1785 deditum
589 1754 750 1793 adfirmat;

91 1804 129 1835 οὐ
143 1804 279 1846 μετρίως
294 1804 450 1846 ἐρωτικός.
495 1803 612 1835 AMAR.

133 1855 185 1884 52.
210 1853 335 1890 Gratia,
353 1855 425 1884 dum
449 1855 534 1890 vivis,
552 1856 609 1885 ista
626 1856 753 1893 petenda

92 1904 144 1932 tibi
159 1903 231 1943 est.]
259 1903 332 1934 Non
347 1913 366 1934 a
381 1903 452 1939 diis,
468 1908 502 1933 ut
519 1904 646 1934 Merula
659 1914 752 1945 expo-

91 1952 152 1982 nit:
178 1953 233 1983 sed
248 1963 267 1983 a
281 1952 411 1994 puellis:
436 1958 471 1983 ut
485 1953 525 1983 sit
540 1964 661 1989 sensus,
674 1953 753 1983 dan-

91 2000 132 2032 da
148 2012 242 2044 opera
263 2001 320 2032 tibi
341 2006 400 2037 est,
415 2001 490 2032 dum
506 2002 596 2038 vivis,
614 2011 648 2033 ut
671 2002 751 2032 hanc

90 2050 222 2091 gratiam
237 2061 256 2081 a
267 2050 380 2093 puellis
402 2051 498 2088 ineas,
514 2062 552 2082 ne
569 2062 622 2083 eas
636 2051 752 2083 laesisse

91 2098 238 2130 videaris.
283 2100 411 2130 Mrcvr..

133 2148 186 2179 54.
211 2148 375 2189 Granaque
387 2148 518 2189 pauca]
545 2149 614 2179 Hoc
631 2159 668 2179 ex
684 2149 751 2179 He-

91 2196 169 2227 siodi
180 2197 361 2234 imitatione,
372 2197 425 2238 qui
437 2207 508 2228 cum
520 2208 622 2240 pauca
633 2208 671 2228 ex
683 2197 751 2228 He-

90 2244 192 2276 licone
206 2244 282 2276 folia
296 2246 468 2282 sumsisset,
481 2256 519 2276 ex
534 2246 660 2277 Pastore
670 2246 753 2276 >Poe'-

91 2300 125 2325 ta
138 2294 251 2326 evasit.
296 2296 413 2326 BunM.

134 2344 188 2375 57.
224 2343 307 2374 Dum
321 2345 407 2385 facit
431 2345 618 2386 ingenium]
657 2344 753 2374 Puta-

91 2393 175 2429 bam,
205 2394 336 2435 ingenio.
382 2394 469 2424 Dum
494 2394 651 2435 Cytherea
679 2394 754 2424 facit

94 2442 228 2483 ingenio,
240 2442 296 2473 hoc
310 2448 368 2479 est,
382 2443 479 2474 favet.
495 2442 527 2473 in
540 2443 692 2474 Tristibus
706 2443 752 2474 iii.

94 2501 158 2521 xlv.
175 2501 199 2521 ι.

139 2539 247 2570 Cultor
268 2546 296 2570 et
321 2542 444 2571 antistes
467 2542 620 2571 doctorum
644 2552 754 2571 summe

222 2590 366 2625 virorum,

182 2637 243 2672 Qui
259 2637 345 2677 facis
373 2640 494 2681 ingenio
526 2649 636 2678 semper
662 2641 755 2670 amice

223 2697 294 2716 meo-

818 1505 900 1536 Vide
929 1516 999 1546 quae
1030 1511 1216 1536 annotamus
1246 1506 1286 1537 ad
1316 1507 1414 1549 Epist.
1443 1506 1478 1538 ii.

816 1565 898 1585 vers.
918 1555 970 1585 39.
1014 1555 1135 1586 mes.
1183 1556 1266 1586 Dum
1293 1558 1371 1587 valet
1395 1559 1479 1599 inge-

816 1606 900 1635 nium
924 1604 1067 1646 Aprosii3
1091 1604 1145 1645 qui
1163 1610 1194 1635 et
1205 1606 1296 1647 favet
1314 1617 1368 1648 pro
1394 1606 1480 1637 varia

815 1653 962 1684 lectione.
979 1660 1011 1684 ut
1022 1653 1116 1684 etiam
1126 1654 1216 1685 multi
1229 1655 1305 1686 editi
1317 1662 1348 1686 et
1360 1656 1479 1697 scripti.

816 1703 870 1733 sed
896 1713 953 1744 ego
979 1702 1057 1733 nihil
1085 1710 1182 1735 muto.
1209 1704 1283 1735 dum
1307 1705 1479 1746 ingenium,

818 1751 900 1793 quod
917 1762 935 1782 a
951 1752 1076 1783 numine
1092 1763 1174 1783 nunc
1195 1753 1334 1790 calescit,
1351 1754 1426 1785 facit
1449 1760 1481 1785 et

817 1808 994 1843 promptum
1019 1808 1077 1838 est,
1105 1803 1211 1833 audite
1240 1813 1289 1834 me
1318 1809 1479 1845 tamquam

819 1857 934 1887 vatem,
964 1851 1016 1892 qui
1045 1851 1150 1882 divino
1178 1852 1296 1883 monitu
1324 1858 1481 1894 praecepta

820 1900 932 1931 amoris
947 1911 1037 1931 cano.
1084 1901 1205 1932 Hiems.
1251 1901 1342 1939 Puto,
1365 1914 1427 1942 quae
1438 1904 1479 1933 si-

821 1956 912 1986 mmt,
944 1949 1013 1980 scil.
1043 1955 1211 1992 praecepta,
1237 1961 1311 1982 nam
1336 1962 1418 1994 saepe
1447 1963 1480 1982 se

822 1999 899 2029 nihil
924 1999 981 2029 nisi
1007 1999 1180 2040 legitimum
1204 2000 1372 2042 praecipere
1395 2001 1483 2033 dicit.

819 2060 890 2089 quas
906 2048 1015 2079 Latine
1037 2049 1099 2080 dici
1122 2059 1211 2091 posse
1226 2049 1278 2081 vix
1293 2056 1382 2091 puto.
1406 2061 1478 2092 pos-

818 2103 865 2128 set
880 2097 985 2133 etiam,
1001 2104 1029 2128 et
1042 2100 1188 2137 piajura.
1232 2099 1350 2130 Euam.

862 2148 913 2177 61.
942 2147 1027 2177 Veros
1041 2149 1131 2177 etiam
1145 2159 1226 2177 nunc
1244 2149 1334 2178 editis
1355 2149 1476 2190 annos]

819 2196 1032 2227 Broukhusius
1048 2197 1087 2227 ad
1102 2196 1255 2238 Propertii
1271 2198 1326 2228 lib.
1337 2196 1372 2228 ii.
1389 2198 1481 2239 Eleg.

820 2246 873 2277 vii.
891 2248 944 2277 55.
961 2252 993 2276 et
1006 2245 1052 2276 iii.
1070 2257 1123 2276 xx.
1143 2247 1193 2277 10.
1208 2246 1331 2288 egregie
1344 2247 1480 2278 ostendit

819 2298 903 2326 edere
919 2295 969 2326 hic
989 2295 1123 2337 profiteri
1144 2306 1223 2332 esse,
1238 2302 1273 2327 ut
1295 2296 1379 2336 apud
1395 2296 1479 2328 Cen-

820 2355 902 2375 sores
918 2345 1020 2374 facere
1035 2344 1207 2375 debebant.
1254 2344 1403 2376 Francius
1426 2356 1481 2376 ex-

819 2393 968 2435 plicabat,
984 2403 1035 2423 ore
1051 2398 1083 2423 et
1100 2393 1188 2423 vultu
1203 2404 1265 2434 prae
1281 2393 1368 2424 vobis
1384 2393 1481 2431 fertis,

821 2449 852 2473 et
867 2443 910 2473 ita
924 2442 1061 2478 Merula,
1077 2443 1289 2473 Bersmannus
1304 2449 1334 2473 et
1359 2442 1412 2473 alii
1426 2454 1479 2474 ce-

820 2497 953 2533 perunt3
976 2502 1035 2521 non
1060 2490 1187 2532 quidem
1211 2491 1312 2521 male:
1339 2491 1393 2522 sed
1416 2502 1482 2523 rec-

820 2541 881 2572 tius
897 2540 1111 2572 Broukhusius
1125 2552 1130 2569 :
1152 2550 1223 2570 nam
1239 2542 1323 2571 edere
1338 2547 1385 2572 est
1400 2542 1480 2583 pub-

822 2591 881 2621 lice
903 2590 1022 2631 aliquid
1049 2589 1163 2624 dicere,
1188 2589 1362 2626 ostendere,
1390 2591 1482 2632 profi-

821 2639 888 2675 teri,
900 2639 1056 2674 ferre,&c.
1072 2637 1115 2668 ita
1128 2636 1244 2669 Livius.
1259 2637 1340 2670 i.35.
1363 2640 1481 2671 BunM.
