1760 3172
235 170 321 212 268

627 170 677 211 P.
713 169 927 211 OVIDII
963 170 1243 213 NASONIS

235 286 412 333 Fertur
434 292 483 332 et
508 286 728 333 abducta
755 285 1056 349 Lyrnesside
1082 287 1235 334 tristis
1262 286 1482 337 Achilles
1572 293 1628 337 15

300 362 563 410 Haemonia
587 380 731 411 curas
753 370 1042 411 attenuasse
1070 364 1192 427 lyra.

233 440 402 495 Quum
427 441 645 505 traheret
670 441 816 486 silvas
845 440 1078 503 Orpheus
1106 448 1155 487 et
1180 441 1304 489 dura
1324 443 1549 490 canendo

298 517 450 574 Saxa,
478 517 554 564 bis
582 518 764 565 amissa
788 518 1002 580 conjuge
1027 526 1233 566 moestus
1260 527 1379 567 erat.

228 593 317 642 Me
333 611 535 658 quoque
553 595 704 642 Musa
719 596 865 650 levat,
886 595 1034 642 Ponti
1056 596 1167 642 loca
1179 597 1323 659 jussa
1341 604 1621 660 petentem;

296 672 416 719 Sola
439 688 609 720 comes
635 679 817 719 nostrae
844 671 1063 735 perstitit
1088 672 1173 719 illa
1197 672 1325 736 fugae
1347 690 1356 721 :
1563 678 1626 722 20

228 749 348 797 Sola
371 765 464 797 nec
490 749 694 796 insidias
721 748 994 804 hominum,
1023 764 1114 796 nec
1141 749 1312 796 militis
1340 766 1530 806 ensem,

294 826 404 874 Nec
431 843 582 882 mare,
610 843 701 874 nec
727 834 920 882 ventos,
948 827 1335 890 barbariemque
1362 829 1523 876 timet.

229 904 338 952 Scit
363 921 581 968 quoque,
611 921 766 968 quum
786 905 927 968 perii,
950 905 1063 968 quis
1089 921 1169 952 me
1195 905 1451 969 deceperit
1476 922 1624 964 error,

294 982 363 1029 Et
388 983 590 1046 culpam
617 982 667 1029 in
688 983 837 1039 facto,
866 999 964 1030 non
990 982 1173 1039 sceluS,
1201 998 1313 1030 esse
1338 999 1466 1031 meo.

229 1059 438 1107 Scilicet
462 1061 556 1107 hoc
582 1060 691 1124 ipso
713 1076 845 1107 nunc
870 1075 1031 1123 aequa,
1050 1059 1187 1122 quod
1213 1058 1373 1106 obfuit
1390 1066 1523 1116 ante,
1562 1063 1625 1109 25

291 1136 461 1191 Quum
486 1153 684 1184 mecum
703 1137 865 1200 juncti
890 1137 1108 1183 criminis
1136 1145 1250 1184 acta
1274 1153 1359 1184 rea
1383 1144 1474 1185 est.

224 1212 340 1261 Non
366 1214 602 1277 equidem
625 1215 820 1271 vellem,
839 1214 1086 1277 -quoniam
1111 1215 1339 1262 nocitura
1362 1214 1578 1271 fuerunt,

291 1291 548 1338 Pieridum
575 1291 730 1338 sacris
757 1292 1056 1355 imposuisse
1082 1308 1302 1339 manum.

225 1368 327 1416 Sed
353 1385 485 1416 nunc
512 1370 634 1433 quid
658 1369 865 1417 faciam?
891 1369 964 1416 vis
984 1386 1064 1417 me
1090 1376 1230 1417 tenet
1249 1369 1359 1433 ipsa
1379 1385 1620 1426 sororum,

289 1445 357 1493 Et
381 1462 581 1494 carmen
605 1447 828 1504 demens,
856 1447 1074 1495 carmine
1098 1448 1265 1503 laesus,
1290 1462 1418 1494 amo.

1559 1450 1624 1494 30

225 1522 310 1570 Sic
336 1540 464 1571 nova
489 1524 726 1572 Dulichio
750 1526 878 1572 lotos
904 1533 1105 1587 gustata
1128 1526 1313 1589 palato,

292 1600 402 1657 Illo,
431 1618 530 1665 quo
556 1603 741 1659 nocuit,
769 1610 912 1665 grata
937 1620 1114 1668 sapore
1139 1603 1249 1649 fuit.

225 1677 390 1725 Sentit
411 1694 582 1726 amans
605 1696 696 1727 sua
713 1681 897 1728 damna
913 1680 1038 1738 fere;
1079 1687 1247 1727 tamen
1268 1680 1422 1726 haeret
1437 1679 1487 1726 in
1507 1678 1620 1735 illis,

289 1754 558 1803 Materiam
583 1758 745 1821 culpae
771 1758 1194 1823 persequiturque
1221 1773 1340 1804 suae.
1503 1780 1559 1833 ᾂ-

267 1900 318 1930 15.
338 1900 478 1930 Abducta
503 1900 710 1941 Lyrnessicle]
739 1901 888 1933 Abducta

222 1948 436 1990 Hippodamia
460 1949 560 1980 Brisei
576 1949 651 1980 filia.
698 1951 888 1992 Lyrnessum

221 2004 326 2028 autem
349 1998 499 2040 oppidum
524 1999 581 2029 fuit
610 1999 641 2029 in
667 2010 720 2029 ora
743 2000 888 2041 ijana,

222 2052 329 2078 contra
358 2048 492 2084 Lesbon,
518 2048 738 2090 Hippodamiae
768 2049 887 2091 patria:

222 2096 306 2127 unde
343 2097 412 2139 ipsa
447 2098 596 2138 Lyrnesia
634 2098 795 2140 adpellata
832 2105 888 2130 est.

222 2146 342 2178 Hfflxs.

266 2196 316 2227 16.
342 2196 497 2227 Harmonia
523 2197 621 2237 lyra]
649 2197 732 2238 Lyra
751 2197 888 2228 Achillis

221 2245 391 2281 Haemonii,
407 2245 465 2276 hoc
482 2252 540 2281 est,
555 2245 708 2277 Thessali.
756 2247 887 2277 Haemon

221 2294 303 2325 enirn
320 2305 372 2325 rex
390 2294 448 2326 fuit
462 2295 644 2331 Thessaliae,
655 2306 673 2326 a
688 2306 748 2337 quo
761 2296 886 2326 Hionio-

222 2343 274 2374 nia
296 2344 457 2376 Thessalia
480 2344 702 2386 cognominata
725 2344 795 2380 fuit,
818 2356 887 2386 quae

220 2399 329 2434 postea
349 2395 387 2424 ab
409 2395 477 2437 ejus
492 2394 555 2425 filio
569 2394 719 2425 Thessalo
735 2394 886 2436 adpellari

220 2448 326 2483 coepta
340 2443 411 2474 fuit.

266 2493 314 2522 19.
342 2492 392 2522 Me
414 2503 526 2533 quoque
549 2492 638 2523 ,Musa
661 2492 766 2533 levat]
798 2493 883 2522 Musa

209 2543 306 2580 ιἱυῑκίε
330 2540 537 2572 Riclielianus
559 2547 590 2571 et
612 2541 711 2579 alius;
735 2541 788 2572 sed
807 2543 883 2572 [erat

220 2591 319 2631 magis
339 2591 483 2621 convenit
498 2591 528 2621 in
544 2590 688 2622 exsilium
706 2590 791 2621 eunti
812 2601 884 2632 poc-

220 2643 272 2669 tae.
300 2640 439 2671 Similem
452 2639 664 2671 diversitatem
681 2640 713 2670 in
733 2639 885 2682 Propertii

219 2687 275 2718 lib.
290 2687 311 2718 i.
329 2689 417 2731 Eleg.
432 2688 475 2720 ix.
491 2700 554 2721 ver.
570 2689 626 2720 ult.
642 2688 761 2721 notavit
786 2689 885 2720 Brou-

222 2735 361 2768 khusius.

1000 1903 1052 1933 21.
1084 1902 1247 1933 Hominum
1277 1912 1328 1931 nec
1354 1901 1459 1931 militis
1487 1899 1529 1940 e.]
1563 1899 1623 1931 Hic

957 1951 1049 1982 valde
1064 1951 1185 1981 variant
1202 1949 1292 1981 codd.
1322 1948 1457 1985 Combfi,
1471 1950 1621 1979 hominnm

957 2011 1010 2030 nec
1028 2000 1157 2030 Thracia
1181 2001 1252 2035 teta,
1269 2009 1338 2040 quae
1358 1997 1452 2028 lectio
1468 1996 1622 2039 imprimis

957 2049 1080 2080 adridet
1116 2050 1307 2079 Burmanno.
1349 2046 1508 2082 Heinsius,
1538 2047 1623 2088 quod

957 2104 1047 2140 poeta
1062 2098 1175 2140 gladiis
1187 2099 1342 2129 latronum
1354 2096 1511 2127 Thracum
1527 2106 1622 2137 expo-

957 2148 1035 2179 situs
1063 2146 1159 2178 fuisse
1182 2146 1317 2182 videtur,
1342 2144 1519 2186 rescripsit:
1553 2145 1623 2175 Sola

957 2208 1010 2227 nec
1032 2199 1157 2228 insidias
1175 2196 1280 2227 Threci
1295 2206 1346 2225 nec
1371 2196 1475 2225 militis
1498 2205 1592 2224 ensem
1608 2206 1618 2231 ;

956 2253 1011 2277 aut
1032 2246 1230 2278 scribendum
1254 2250 1358 2286 putat:
1385 2244 1453 2274 Sola
1478 2255 1530 2274 nec
1550 2246 1622 2274 insi-

956 2298 1030 2328 dias.
1051 2308 1102 2327 nec
1125 2298 1193 2330 iter,
1212 2306 1263 2325 nec
1285 2295 1410 2324 Threcia
1434 2294 1511 2324 tela:
1536 2293 1621 2334 quod

956 2356 1028 2375 vero
1045 2355 1063 2375 a
1077 2344 1215 2385 vestigiis
1231 2343 1337 2385 primae
1353 2342 1513 2383 scripturae
1531 2341 1623 2372 nimis

956 2394 1083 2425 recedit.
1113 2393 1279 2434 Equidem,
1290 2391 1348 2422 nisi
1361 2391 1485 2423 codices
1495 2391 1620 2432 plurimi

952 2442 983 2472 in
1000 2453 1066 2473 voc.
1101 2442 1236 2472 Threicia
1254 2440 1311 2481 (dc
1329 2451 1390 2482 quo
1412 2439 1476 2481 agit
1492 2450 1618 2481 quoque

954 2490 1120 2528 Heinsius)
1151 2497 1205 2521 aut
1236 2490 1371 2520 Thracia
1395 2489 1618 2525 consentirent,

952 2540 1032 2571 hanc
1049 2541 1213 2571 lectionem
1230 2545 1371 2581 putarem
1389 2548 1455 2569 esse
1469 2537 1619 2579 interpre-

953 2595 1126 2620 tamentum
1142 2593 1207 2620 τῶν
1221 2590 1325 2618 militis
1341 2598 1450 2618 ensem:
1476 2596 1572 2627 quare
1585 2585 1617 2616 in

952 2638 1171 2669 emendatione
1188 2639 1297 2668 Burin.
1314 2636 1488 2678 acquiesco.
1513 2635 1551 2665 cs.
1567 2646 1617 2666 su—

952 2699 1006 2730 pra
1022 2687 1065 2718 iii.
1086 2689 1133 2718 10.
1150 2699 1199 2719 vv.
1213 2688 1265 2718 53.
1282 2697 1350 2727 sqq.
1397 2684 1543 2714 HARLES.
