1760 3172
433 196 620 238 ARTIS
653 196 1009 238 AMATORIAE
1043 196 1162 237 LIB.
1197 196 1261 237 II.
1487 199 1542 239 21

149 311 207 357 In
233 311 413 359 ferrum
439 313 766 374 flammasque
792 311 915 358 ruit:
956 311 1221 374 positoque
1250 311 1429 359 decore

216 389 405 445 Fertur,
432 396 487 435 ut
510 388 656 435 Aonii
681 388 913 435 cornibus
940 387 1039 434 icta
1065 387 1176 434 Dei.
1439 392 1536 435 380

150 465 390 528 Conjugis
416 465 706 520 admissum,
732 464 1014 526 violataque
1033 464 1149 526 jura
1172 463 1377 520 maritae,

214 542 435 590 Barbara
459 558 547 606 per
570 549 712 589 natos
739 541 950 589 Phasias
975 541 1080 588 ulta
1103 557 1236 588 suos.

144 619 317 666 Altera
335 619 442 666 dira
460 634 638 682 parens
660 619 789 681 (haec
812 625 903 673 est,
922 632 1074 680 quam
1095 617 1273 672 cernis,
1298 617 1534 679 hirundo)

210 695 448 760 Adspice,
475 696 724 758 signatum
750 693 990 756 sanguine
1015 701 1193 757 pectus
1221 694 1388 741 habet.

146 771 254 820 Hoc
281 773 407 820 bene
432 771 753 836 compositOS,
781 771 874 818 hoc
899 770 1066 816 firmos
1093 770 1238 817 solvit
1262 786 1482 818 amores:

211 850 433 897 Crimina
457 857 572 896 sunt
597 848 756 896 cautis
782 848 878 895 ista
900 847 1123 894 timenda
1144 846 1276 894 viris.
1435 850 1530 894 386

144 927 253 975 Nec
278 943 390 975 mea
413 943 500 974 vos
526 926 610 974 uni
635 927 840 974 damnat
864 940 1076 972 censura
1099 923 1295 987 puellae.

209 1004 275 1051 Di
299 1004 502 1052 melius!
539 1004 622 1050 vix
648 1004 741 1050 hoc
771 1011 929 1066 nupta
951 1009 1122 1049 tenere
1146 1008 1329 1064 potest.

144 1080 348 1129 Ludite:
389 1081 477 1128 sed
502 1080 631 1127 furto
657 1079 846 1126 celetur
871 1078 1021 1141 culpa
1045 1078 1289 1124 modesto.

209 1158 381 1205 Gloria
403 1158 598 1222 peccati
622 1158 758 1204 nulla
781 1156 999 1220 petenda
1024 1155 1115 1202 sui.
1433 1158 1531 1202 390

143 1236 252 1284 Nec
277 1236 473 1283 dederis
498 1251 695 1291 munus,
723 1249 967 1297 cognosse
992 1232 1129 1296 quod
1162 1232 1318 1280 altera
1341 1232 1527 1296 possit:

209 1313 318 1360 Nec
344 1314 442 1360 sint
466 1313 701 1376 nequitiae
726 1320 954 1375 tempora
977 1317 1115 1357 certa
1138 1316 1253 1356 tuae.

144 1390 224 1446 Et,
250 1407 313 1438 ne
338 1398 386 1438 te
410 1390 614 1438 latebris
640 1390 806 1453 capiat
830 1389 925 1435 sibi
950 1387 1135 1435 femina
1158 1387 1306 1443 notis,

208 1467 323 1514 Non
348 1484 445 1514 uno
471 1475 548 1515 est
571 1467 730 1515 omnis
756 1465 1098 1514 convenienda
1121 1464 1248 1511 loco.

142 1548 208 1597 Et
232 1550 428 1613 quoties
454 1550 659 1606 scribes,
686 1557 816 1597 totas
841 1549 978 1612 prius
1004 1549 1113 1612 ipse
1137 1547 1348 1594 tabellas
1431 1550 1528 1595 395

206 1626 423 1691 Inspice.
451 1628 563 1691 plus
589 1628 773 1683 multae,
801 1642 953 1690 quam
979 1625 1073 1672 sibi
1098 1624 1266 1680 missa,
1294 1624 1482 1686 legunt.

143 1702 284 1751 Laesa
302 1703 472 1752 Venus
492 1706 632 1768 justa
655 1720 791 1752 arma
814 1710 995 1759 movet,
1015 1703 1274 1764 telumque
1297 1701 1526 1749 remittit:

207 1780 288 1837 Et,
316 1782 463 1829 modo
489 1782 623 1845 quod
649 1789 829 1846 questa
852 1789 944 1838 est,
971 1781 1079 1844 ipse
1105 1794 1330 1842 querare,
1358 1778 1491 1826 facit.

141 1857 274 1904 Dum
298 1857 391 1905 fuit
414 1859 614 1906 Atrides
640 1860 740 1906 una
766 1865 1048 1913 contentus,
1077 1863 1127 1903 et
1150 1855 1235 1902 illa

208 1934 363 1982 Casta
386 1935 503 1993 suit3
543 1936 661 1983 vitio
687 1943 764 1983 est
788 1935 1015 1999 improba
1038 1933 1171 1979 facta
1194 1932 1299 1978 viri.
1429 1935 1526 1978 400

140 2010 394 2069 Audierat,
421 2013 716 2077 laurumque
741 2029 891 2060 manu
916 2012 1168 2073 vittasque
1194 2009 1452 2064 ferentem,

206 2088 304 2136 Pro
329 2090 445 2136 nata
471 2090 703 2155 Chrysen
727 2107 825 2138 non
849 2089 1064 2137 valuisse
1090 2087 1196 2134 sua.

181 2243 256 2274 380.
286 2243 327 2274 Ut
348 2246 437 2275 Aonii
457 2246 594 2276 cornibus
616 2248 677 2276 icta
702 2246 792 2287 Dei.]
865 2256 921 2275 mos
938 2246 1049 2284 rumpit
1065 2253 1195 2273 amores:
1223 2242 1360 2271 Crimina
1371 2247 1440 2271 sunt
1455 2253 1512 2272 cau,

138 2293 247 2324 Veluti
262 2294 412 2325 bacchico
432 2294 532 2326 furore
553 2295 722 2332 stimulata,
738 2296 795 2326 im—
865 2297 901 2326 tis
917 2297 972 2325 ista
993 2295 1126 2324 timenda
1142 2291 1242 2332 viris]
1270 2291 1314 2320 Hi
1333 2290 1396 2321 duo
1420 2301 1527 2321 versus

137 2343 238 2383 pulsa.
282 2343 365 2374 Vide
386 2344 463 2374 AEn.
487 2344 542 2375 lib.
563 2344 604 2376 iv.
627 2346 701 2376 300.
726 2356 795 2387 sqq.
864 2345 897 2374 in
922 2343 1111 2385 quibusdam
1135 2341 1230 2383 paulo
1253 2339 1344 2370 aliter
1366 2340 1525 2381 leguntur.

139 2391 260 2422 AMAR.
865 2393 985 2423 mes.
1492 2420 1495 2423 .

181 2442 255 2472 381.
285 2441 455 2482 l'iolataque
465 2443 546 2481 jara
563 2443 698 2482 martti-j
728 2442 797 2471 Mu-
909 2442 985 2471 388.
1012 2439 1055 2469 Di
1079 2438 1215 2478 melina]
1252 2437 1398 2468 Formula
1422 2437 1525 2473 obvia,

138 2491 204 2520 ritae
220 2489 350 2531 Regius.
366 2500 404 2520 ne
424 2490 471 2520 bis
490 2489 573 2520 idem
591 2490 689 2521 dicat.
737 2490 797 2521 Ce-
866 2501 960 2531 quam
976 2496 1081 2520 tamen
1100 2498 1161 2518 nou
1182 2485 1339 2517 intellexit
1358 2487 1457 2516 bonus
1472 2486 1525 2518 ille

139 2544 240 2568 terum
255 2538 287 2568 hi
302 2550 406 2569 versus
423 2550 458 2569 eo
473 2549 534 2580 quo
549 2539 736 2570 exhibemus
751 2550 796 2569 or·
851 2562 857 2569 .
867 2538 1041 2580 Crispinus„
1064 2537 1115 2568 hic
1138 2546 1281 2567 severum
1300 2533 1525 2576 Philosophum

140 2587 214 2618 dine
245 2587 430 2629 legebantur
465 2588 497 2618 iu
528 2588 628 2630 prima
661 2588 797 2618 editione
867 2598 973 2629 agens,
1000 2587 1053 2628 qui
1083 2584 1231 2627 explicat,
1259 2595 1321 2624 911ae
1349 2584 1434 2620 bona,
1462 2595 1525 2623 quae

138 2642 171 2667 et
208 2637 331 2678 scriptis
367 2639 596 2679 exemplaribus
631 2638 796 2680 plerisque.
865 2638 1084 2677 mulnjuerint,
1097 2637 1206 2664 sciunt.
1221 2643 1292 2663 eum
1308 2638 1348 2662 sit
1364 2632 1524 2663 avertendi

140 2685 257 2716 mes.
864 2693 895 2716 et
910 2684 1110 2716 abominandi
1127 2682 1267 2713 formula.
1314 2683 1431 2713 Bunm.

184 2736 260 2766 385.
285 2734 350 2765 Hoc
379 2736 448 2766 bene
471 2737 650 2774 compositos,
670 2736 720 2765 hor
733 2736 781 2774 sir·

954 2788 979 2816 C
993 2788 1011 2816 3
