1760 3172
237 167 322 209 412
632 168 680 208 Ρ.
707 164 921 210 OVIDII
955 168 1233 211 NASONIS

238 282 438 346 Quique
463 283 601 329 dolor
627 291 802 346 pectus
829 283 1078 346 tetigisset
1105 284 1319 332 Caesaris
1345 287 1445 342 alti,

305 359 452 406 Illum
470 360 675 422 jurabas
701 360 924 423 protinus
950 377 1060 408 esse
1085 369 1252 409 tuum:

246 437 311 484 Ut
335 443 502 484 tamen
527 437 698 485 audita
722 445 799 485 est
824 445 1001 485 nostrae
1027 439 1115 484 tibi
1141 439 1298 486 cladis
1324 439 1476 502 origo,
1557 443 1618 487 65

305 514 498 561 Diceris
524 515 696 562 erratis
723 515 1023 577 ingemuisse
1050 516 1189 563 meis,

236 591 364 638 Tum
388 599 476 639 tua
499 609 577 639 me
604 592 816 655 primum
843 594 989 639 solari
1015 593 1156 640 litera
1180 593 1346 657 coepit,

305 668 371 715 Et
394 669 567 715 laesum
592 668 726 715 flecti
753 685 893 732 spem
918 670 1035 717 dare
1060 686 1210 733 posse
1237 670 1417 718 Deum.

237 744 397 792 Movit
422 744 652 792 amicitiae
678 752 784 791 tum
809 753 857 792 te
883 747 1164 793 constantia
1188 748 1364 809 longae,

296 823 428 870 Ante
452 829 563 869 tuos
588 830 724 869 ortus
750 839 861 889 quae
887 823 1004 870 mihi
1031 831 1195 888 coepta
1219 824 1327 871 fuit.
1483 845 1507 868 ψ’
1549 828 1612 872 70

234 900 301 948 Et
326 900 460 963 quod
485 916 592 947 eras
619 899 726 946 aliis
751 899 927 956 factus,
955 901 1074 947 mihi
1100 908 1245 947 natus
1272 901 1489 958 amicus3

300 978 548 1041 Quodque
573 978 662 1024 tibi
689 978 738 1024 in
763 979 902 1026 cunis
927 979 1097 1025 oscula
1122 978 1280 1042 prima
1305 978 1449 1035 dedi;

237 1056 399 1111 Quod,
424 1072 579 1119 quum
594 1062 758 1102 vestra
781 1056 956 1102 domus
981 1055 1164 1103 teneris
1189 1055 1310 1103 mihi
1336 1071 1532 1119 semper
1556 1056 1618 1103 ab

433 1132 573 1179 annis

300 1210 452 1257 Culta
475 1210 566 1269 sit,1
581 1225 691 1256 esse
716 1216 856 1256 vetus
882 1224 1013 1255 nunc
1038 1208 1129 1255 tibi
1154 1225 1303 1271 cogor
1327 1225 1468 1257 onus.

236 1288 323 1335 Me
348 1296 463 1335 tuus
488 1288 570 1335 ille
596 1295 752 1351 pater,
782 1287 935 1334 Latiae
960 1287 1192 1334 facundia
1219 1287 1417 1350 linguae,
1555 1290 1616 1334 75

300 1366 425 1420 Quae
450 1382 550 1412 non
574 1365 772 1412 inferior
796 1364 1054 1412 nobilitate
1078 1364 1185 1420 fuit,

232 1444 446 1500 Primus,
473 1450 528 1490 ut
552 1443 787 1490 auderem
811 1443 1120 1490 committere
1145 1442 1364 1489 carmina
1387 1440 1545 1497 famae,

300 1520 530 1584 Impulit:
570 1520 755 1584 ingenii
780 1521 883 1567 dux
906 1520 999 1567 fuit
1022 1520 1106 1568 ille
1131 1520 1243 1567 mei.

235 1597 360 1654 Nec,
389 1614 487 1660 quo
511 1597 578 1644 'sit
601 1598 814 1662 primum
839 1597 982 1644 nobis
1009 1614 1038 1645 a
1059 1604 1281 1661 tempore
1307 1597 1487 1653 cultus,

301 1675 564 1722 Contendo
589 1675 787 1723 fratrem
813 1691 961 1738 posse
985 1674 1165 1722 referre
1190 1682 1347 1720 tuum.
1553 1677 1616 1720 80

231 1751 302 1799 Te
327 1759 495 1799 tamen
520 1759 634 1799 ante
659 1768 832 1799 omnes
854 1752 924 1798 ita
942 1768 1050 1798 sum
1076 1752 1384 1815 complexus,
1407 1758 1463 1799 ut
1486 1767 1614 1798 unus

297 1828 535 1883 Quolibet
559 1829 608 1875 in
633 1845 752 1877 casu
777 1828 934 1891 gratia
958 1838 1127 1876 nostra
1149 1828 1296 1875 fores.

234 1905 423 1953 Ultima
447 1923 526 1953 me
550 1914 715 1953 tecum
739 1906 1195 1969 viditffmoestisque
1220 1906 1456 1953 cadentes

299 1982 517 2047 Excepit
541 1984 786 2048 lacrymas
812 1972 950 2031 Italis
972 2000 1057 2031 ora
1080 1983 1237 2046 genis.

273 2136 326 2166 63.
351 2136 474 2166 Coesaris
488 2136 574 2176 alti]
600 2135 652 2166 Ad
674 2135 884 2173 altitudinem,
954 2138 1102 2168 molestus
1117 2142 1147 2168 et
1162 2146 1325 2167 onerosus:
1352 2136 1405 2177 qui
1421 2135 1482 2167 tuis
1492 2136 1523 2166 in
1538 2147 1611 2178 pue-

229 2196 284 2216 seu
299 2184 456 2227 fastigium
478 2185 598 2228 imperii
620 2185 812 2217 referendum
827 2191 886 2217 est.
954 2186 1025 2218 ritia
1036 2197 1106 2218 mea
1119 2186 1162 2217 sui
1177 2185 1389 2217 oblectationi.

230 2235 333 2265 Pox‘r.
997 2237 1048 2267 77.
1077 2237 1119 2266 Ut
1133 2238 1271 2266 auderem
1283 2237 1464 2266 committere
1477 2238 1610 2267 carmina

271 2285 323 2314 67.
342 2283 534 2324 Tualitera]
552 2284 770 2326 Tuaepistola.
794 2284 886 2314 Mun.
943 2286 1067 2327 summ]
1094 2286 1138 2317 Ut
1161 2285 1307 2315 auderem
1328 2285 1466 2315 carmina
1488 2296 1556 2316 mea
1580 2286 1611 2316 in

233 2333 317 2363 Tunc
347 2339 400 2363 tua
425 2344 469 2363 me
491 2335 632 2372 primum.
684 2334 755 2363 Non
780 2339 884 2364 antea.
954 2335 1114 2377 publicum
1129 2334 1231 2366 edere.

228 2382 313 2419 Quid
338 2381 420 2412 enim
446 2383 608 2418 solaretur,
632 2393 724 2424 quem
749 2382 886 2413 nondum
998 2385 1049 2415 79.
1075 2384 1137 2414 Nec
1165 2395 1220 2423 «μω
1241 2385 1278 2413 sit
1302 2383 1460 2423 primurm]
1487 2384 1610 2415 Sarrav.

228 2436 349 2462 sontem
361 2431 570 2473 comperisset.
607 2432 701 2462 Man.
952 2433 1109 2466 'l'wisden.
1133 2439 1164 2464 et
1188 2433 1317 2472 Argent.
1337 2433 1507 2463 secundum
1533 2444 1610 2474 quos

271 2480 324 2510 68-
352 2481 449 2510 Deum
479 2481 604 2521 laesum]
632 2481 811 2521 Augustum
840 2481 883 2510 Of·
954 2482 1108 2524 rescripsit
1124 2481 1282 2515 Heinsius.
1298 2487 1328 2512 et
1350 2481 1393 2511 sic
1414 2492 1536 2523 quoquc
1561 2493 1611 2513 co·

229 2530 359 2560 sensum.
953 2533 1012 2563 dex
1030 2534 1107 2562 Bav.
1126 2532 1211 2562 Sens.
1234 2531 1384 2566 Adfirmo,
1401 2531 1526 2561 fratrem
1551 2542 1611 2562 non

271 2580 322 2609 70.
359 2579 438 2609 Ante
464 2584 527 2609 tuos
554 2580 664 2620 ortus]
706 2579 884 2621 Antequam
951 2592 1040 2624 posse
1059 2580 1225 2616 reminisci,
1242 2592 1303 2622 quo
1324 2580 1457 2622 primum
1472 2586 1609 2623 tempore

229 2627 415 2664 nascereris;
437 2632 510 2658 tunc
534 2628 617 2658 enim
638 2637 725 2670 patre
746 2635 798 2660 tuo
818 2635 884 2660 ute·
952 2641 970 2661 a
991 2630 1077 2661 nobis
1092 2630 1195 2660 cultus
1210 2629 1260 2660 sit.
1276 2629 1307 2659 h.
1322 2640 1349 2660 e.
1363 2639 1381 2659 a
1394 2628 1494 2671 prima
1508 2629 1608 2660 infan—

227 2677 283 2706 bar
299 2676 500 2707 familiariter.
952 2680 995 2711 tia
1010 2679 1068 2710 fuit
1081 2679 1194 2710 cultus.
1239 2679 1386 2709 Himuss.

272 2726 323 2756 74.
350 2726 438 2756 l'ctns
453 2726 552 2766 onus]
582 2727 679 2758 Vetus
695 2727 813 2758 amicus
827 2727 882 2758 tibi
994 2730 1044 2759 84.
1069 2729 1158 2759 Italis
1181 2728 1230 2767 (h.
1253 2740 1283 2759 e.
1310 2727 1440 2767 Italica)
1467 2740 1516 2758 ora
1542 2737 1608 2758 cor-
