<?xml version="1.0" encoding="UTF-8"?>
<!DOCTYPE html PUBLIC "-//W3C//DTD XHTML 1.0 Transitional//EN"
    "http://www.w3.org/TR/xhtml1/DTD/xhtml1-transitional.dtd">
<html xmlns="http://www.w3.org/1999/xhtml" xml:lang="en" lang="en">
 <head>
  <title>
</title>
<meta http-equiv="Content-Type" content="text/html;charset=utf-8" />
  <meta name='ocr-system' content='tesseract 3.04.00' />
  <meta name='ocr-capabilities' content='ocr_page ocr_carea ocr_par ocr_line ocrx_word'/>
</head>
<body>
  <div class='ocr_page' id='page_1' title='image "./povidiinasonisop02oviduoft_0383.png"; bbox 0 0 1760 3172; ppageno 0'>
   <div class='ocr_carea' id='block_1_1' title="bbox 392 179 1531 223">
    <p class='ocr_par' dir='ltr' id='par_1_1' title="bbox 392 179 1531 223">
     <span class='ocr_line' id='line_1_1' title="bbox 392 179 1531 223; baseline -0.002 0"><span class='ocrx_word' id='word_1_1' title='bbox 392 183 483 223; x_wconf 91' lang='lat' dir='ltr'>EX</span> <span class='ocrx_word' id='word_1_2' title='bbox 516 182 726 222; x_wconf 90' lang='lat' dir='ltr'>PONTO</span> <span class='ocrx_word' id='word_1_3' title='bbox 761 180 879 221; x_wconf 91' lang='lat' dir='ltr'>LIB.</span> <span class='ocrx_word' id='word_1_4' title='bbox 914 179 950 221; x_wconf 90' lang='grc' dir='ltr'>Ι.</span> <span class='ocrx_word' id='word_1_5' title='bbox 983 180 1175 222; x_wconf 85' lang='lat' dir='ltr'>EPIST.</span> <span class='ocrx_word' id='word_1_6' title='bbox 1209 181 1290 222; x_wconf 89' lang='lat' dir='ltr'>IV.</span> <span class='ocrx_word' id='word_1_7' title='bbox 1447 180 1531 222; x_wconf 82' lang='lat'>373</span> 
     </span>
    </p>
   </div>
   <div class='ocr_carea' id='block_1_2' title="bbox 158 295 1540 1820">
    <p class='ocr_par' dir='ltr' id='par_1_2' title="bbox 159 295 1532 435">
     <span class='ocr_line' id='line_1_2' title="bbox 159 295 1304 357; baseline -0.001 -12"><span class='ocrx_word' id='word_1_8' title='bbox 159 298 307 345; x_wconf 88' lang='lat' dir='ltr'>Illum</span> <span class='ocrx_word' id='word_1_9' title='bbox 331 304 493 344; x_wconf 79' lang='lat' dir='ltr'>tutata</span> <span class='ocrx_word' id='word_1_10' title='bbox 517 303 593 344; x_wconf 91' lang='lat' dir='ltr'>est</span> <span class='ocrx_word' id='word_1_11' title='bbox 617 312 730 342; x_wconf 88' lang='lat' dir='ltr'>cum</span> <span class='ocrx_word' id='word_1_12' title='bbox 755 295 959 342; x_wconf 81' lang='lat' dir='ltr'>Pallade</span> <span class='ocrx_word' id='word_1_13' title='bbox 986 295 1122 357; x_wconf 81' lang='lat' dir='ltr'>regia</span> <span class='ocrx_word' id='word_1_14' title='bbox 1145 295 1174 341; x_wconf 88' lang='lat' dir='ltr'>J</span> <span class='ocrx_word' id='word_1_15' title='bbox 1180 313 1275 342; x_wconf 90' lang='lat' dir='ltr'>uno</span> <span class='ocrx_word' id='word_1_16' title='bbox 1295 314 1304 344; x_wconf 77' lang='grc' dir='ltr'>ε</span> 
     </span>
     <span class='ocr_line' id='line_1_3' title="bbox 224 372 1532 435; baseline -0.002 -13"><span class='ocrx_word' id='word_1_17' title='bbox 224 374 504 422; x_wconf 90' lang='lat' dir='ltr'>Defendere</span> <span class='ocrx_word' id='word_1_18' title='bbox 529 389 693 420; x_wconf 88' lang='lat' dir='ltr'>meum</span> <span class='ocrx_word' id='word_1_19' title='bbox 713 372 915 419; x_wconf 79' lang='lat' dir='ltr'>numina</span> <span class='ocrx_word' id='word_1_20' title='bbox 938 372 1075 418; x_wconf 78' lang='lat' dir='ltr'>nulla</span> <span class='ocrx_word' id='word_1_21' title='bbox 1097 380 1274 435; x_wconf 78' lang='lat' dir='ltr'>caput3</span> <span class='ocrx_word' id='word_1_22' title='bbox 1468 376 1532 420; x_wconf 82' lang='lat'>40</span> 
     </span>
    </p>

    <p class='ocr_par' dir='ltr' id='par_1_3' title="bbox 158 448 1325 582">
     <span class='ocr_line' id='line_1_4' title="bbox 158 448 1168 512; baseline -0.005 -14"><span class='ocrx_word' id='word_1_23' title='bbox 158 451 305 498; x_wconf 91' lang='lat' dir='ltr'>Illum</span> <span class='ocrx_word' id='word_1_24' title='bbox 328 450 517 497; x_wconf 85' lang='lat' dir='ltr'>furtivae</span> <span class='ocrx_word' id='word_1_25' title='bbox 537 452 707 512; x_wconf 82' lang='lat' dir='ltr'>juvere</span> <span class='ocrx_word' id='word_1_26' title='bbox 735 448 995 512; x_wconf 82' lang='lat' dir='ltr'>Cupidinis</span> <span class='ocrx_word' id='word_1_27' title='bbox 1022 456 1168 503; x_wconf 84' lang='lat' dir='ltr'>artes,</span> 
     </span>
     <span class='ocr_line' id='line_1_5' title="bbox 224 525 1325 582; baseline -0.003 -7"><span class='ocrx_word' id='word_1_28' title='bbox 224 527 360 582; x_wconf 82' lang='lat' dir='ltr'>Quas</span> <span class='ocrx_word' id='word_1_29' title='bbox 385 543 414 574; x_wconf 84' lang='lat' dir='ltr'>a</span> <span class='ocrx_word' id='word_1_30' title='bbox 436 543 515 573; x_wconf 90' lang='lat' dir='ltr'>me</span> <span class='ocrx_word' id='word_1_31' title='bbox 538 527 716 573; x_wconf 88' lang='lat' dir='ltr'>vellem</span> <span class='ocrx_word' id='word_1_32' title='bbox 741 542 838 572; x_wconf 91' lang='lat' dir='ltr'>non</span> <span class='ocrx_word' id='word_1_33' title='bbox 864 525 1122 572; x_wconf 78' lang='lat' dir='ltr'>didicisset</span> <span class='ocrx_word' id='word_1_34' title='bbox 1145 525 1325 572; x_wconf 89' lang='lat' dir='ltr'>Amor:</span> 
     </span>
    </p>

    <p class='ocr_par' dir='ltr' id='par_1_4' title="bbox 159 602 1422 743">
     <span class='ocr_line' id='line_1_6' title="bbox 159 602 1422 660; baseline -0.001 -9"><span class='ocrx_word' id='word_1_35' title='bbox 159 605 250 653; x_wconf 93' lang='lat' dir='ltr'>Ille</span> <span class='ocrx_word' id='word_1_36' title='bbox 275 605 476 652; x_wconf 87' lang='lat' dir='ltr'>domum</span> <span class='ocrx_word' id='word_1_37' title='bbox 501 604 674 660; x_wconf 82' lang='lat' dir='ltr'>rediit3</span> <span class='ocrx_word' id='word_1_38' title='bbox 704 620 791 650; x_wconf 92' lang='lat' dir='ltr'>nos</span> <span class='ocrx_word' id='word_1_39' title='bbox 817 603 892 649; x_wconf 88' lang='lat' dir='ltr'>his</span> <span class='ocrx_word' id='word_1_40' title='bbox 917 602 1181 660; x_wconf 84' lang='lat' dir='ltr'>moriemur</span> <span class='ocrx_word' id='word_1_41' title='bbox 1205 603 1254 648; x_wconf 92' lang='lat' dir='ltr'>in</span> <span class='ocrx_word' id='word_1_42' title='bbox 1279 603 1422 658; x_wconf 80' lang='lat' dir='ltr'>arvis,</span> 
     </span>
     <span class='ocr_line' id='line_1_7' title="bbox 224 679 1118 743; baseline -0.006 -14"><span class='ocrx_word' id='word_1_43' title='bbox 224 682 505 729; x_wconf 88' lang='lat' dir='ltr'>Perstiterit</span> <span class='ocrx_word' id='word_1_44' title='bbox 528 681 632 727; x_wconf 84' lang='lat' dir='ltr'>laesi</span> <span class='ocrx_word' id='word_1_45' title='bbox 659 681 698 727; x_wconf 89' lang='lat' dir='ltr'>si</span> <span class='ocrx_word' id='word_1_46' title='bbox 724 680 883 743; x_wconf 80' lang='lat' dir='ltr'>gravis</span> <span class='ocrx_word' id='word_1_47' title='bbox 910 680 980 726; x_wconf 78' lang='lat' dir='ltr'>ira</span> <span class='ocrx_word' id='word_1_48' title='bbox 1007 679 1118 725; x_wconf 91' lang='lat' dir='ltr'>Dei.</span> 
     </span>
    </p>

    <p class='ocr_par' dir='ltr' id='par_1_5' title="bbox 160 756 1532 898">
     <span class='ocr_line' id='line_1_8' title="bbox 160 756 1532 820; baseline -0.001 -15"><span class='ocrx_word' id='word_1_49' title='bbox 160 758 344 805; x_wconf 89' lang='lat' dir='ltr'>Durius</span> <span class='ocrx_word' id='word_1_50' title='bbox 370 766 446 805; x_wconf 88' lang='lat' dir='ltr'>est</span> <span class='ocrx_word' id='word_1_51' title='bbox 470 758 618 820; x_wconf 82' lang='lat' dir='ltr'>igitur</span> <span class='ocrx_word' id='word_1_52' title='bbox 642 764 879 811; x_wconf 85' lang='lat' dir='ltr'>nostrum,</span> <span class='ocrx_word' id='word_1_53' title='bbox 902 756 1142 802; x_wconf 83' lang='lat' dir='ltr'>fidissima</span> <span class='ocrx_word' id='word_1_54' title='bbox 1165 756 1364 818; x_wconf 84' lang='lat' dir='ltr'>conjux,</span> <span class='ocrx_word' id='word_1_55' title='bbox 1470 760 1532 804; x_wconf 80' lang='lat'>45</span> 
     </span>
     <span class='ocr_line' id='line_1_9' title="bbox 226 834 1228 898; baseline -0.003 -17"><span class='ocrx_word' id='word_1_56' title='bbox 226 835 334 892; x_wconf 90' lang='lat' dir='ltr'>Illo,</span> <span class='ocrx_word' id='word_1_57' title='bbox 362 835 494 898; x_wconf 91' lang='lat' dir='ltr'>quod</span> <span class='ocrx_word' id='word_1_58' title='bbox 520 834 671 881; x_wconf 89' lang='lat' dir='ltr'>subiit</span> <span class='ocrx_word' id='word_1_59' title='bbox 696 834 878 881; x_wconf 86' lang='lat' dir='ltr'>AEsone</span> <span class='ocrx_word' id='word_1_60' title='bbox 904 841 1064 889; x_wconf 85' lang='lat' dir='ltr'>natus,</span> <span class='ocrx_word' id='word_1_61' title='bbox 1089 849 1228 879; x_wconf 89' lang='lat' dir='ltr'>onus.</span> 
     </span>
    </p>

    <p class='ocr_par' dir='ltr' id='par_1_6' title="bbox 159 910 1532 1036">
     <span class='ocr_line' id='line_1_10' title="bbox 159 910 1532 974; baseline -0.001 -16"><span class='ocrx_word' id='word_1_62' title='bbox 159 910 229 958; x_wconf 90' lang='lat' dir='ltr'>Te</span> <span class='ocrx_word' id='word_1_63' title='bbox 255 928 471 974; x_wconf 85' lang='lat' dir='ltr'>quoque,</span> <span class='ocrx_word' id='word_1_64' title='bbox 490 927 640 974; x_wconf 80' lang='lat' dir='ltr'>quam</span> <span class='ocrx_word' id='word_1_65' title='bbox 659 912 894 973; x_wconf 87' lang='lat' dir='ltr'>juvenem</span> <span class='ocrx_word' id='word_1_66' title='bbox 913 910 1175 956; x_wconf 75' lang='lat' dir='ltr'>discedens</span> <span class='ocrx_word' id='word_1_67' title='bbox 1197 910 1317 956; x_wconf 92' lang='lat' dir='ltr'>urbe</span> <span class='ocrx_word' id='word_1_68' title='bbox 1339 910 1532 973; x_wconf 85' lang='lat' dir='ltr'>reliqui,</span> 
     </span>
     <span class='ocr_line' id='line_1_11' title="bbox 226 987 1266 1036; baseline -0.002 0"><span class='ocrx_word' id='word_1_69' title='bbox 226 989 477 1036; x_wconf 87' lang='lat' dir='ltr'>Credibile</span> <span class='ocrx_word' id='word_1_70' title='bbox 499 996 576 1036; x_wconf 89' lang='lat' dir='ltr'>est</span> <span class='ocrx_word' id='word_1_71' title='bbox 600 988 779 1035; x_wconf 90' lang='lat' dir='ltr'>nostris</span> <span class='ocrx_word' id='word_1_72' title='bbox 805 987 1082 1034; x_wconf 82' lang='lat' dir='ltr'>insenuisse</span> <span class='ocrx_word' id='word_1_73' title='bbox 1107 987 1266 1034; x_wconf 86' lang='lat' dir='ltr'>malis.</span> 
     </span>
    </p>

    <p class='ocr_par' dir='ltr' id='par_1_7' title="bbox 162 1065 1537 1206">
     <span class='ocr_line' id='line_1_12' title="bbox 162 1065 1358 1128; baseline -0.001 -16"><span class='ocrx_word' id='word_1_74' title='bbox 162 1065 205 1112; x_wconf 93' lang='grc' dir='ltr'>Ο</span> <span class='ocrx_word' id='word_1_75' title='bbox 233 1082 340 1128; x_wconf 83' lang='lat' dir='ltr'>ego,</span> <span class='ocrx_word' id='word_1_76' title='bbox 364 1066 430 1112; x_wconf 74' lang='lat' dir='ltr'>Di</span> <span class='ocrx_word' id='word_1_77' title='bbox 453 1065 653 1121; x_wconf 79' lang='lat' dir='ltr'>faciant,</span> <span class='ocrx_word' id='word_1_78' title='bbox 680 1065 830 1112; x_wconf 81' lang='lat' dir='ltr'>talem</span> <span class='ocrx_word' id='word_1_79' title='bbox 855 1072 905 1112; x_wconf 91' lang='lat' dir='ltr'>te</span> <span class='ocrx_word' id='word_1_80' title='bbox 930 1080 1130 1112; x_wconf 89' lang='lat' dir='ltr'>cernere</span> <span class='ocrx_word' id='word_1_81' title='bbox 1155 1065 1358 1127; x_wconf 83' lang='lat' dir='ltr'>possim,</span> 
     </span>
     <span class='ocr_line' id='line_1_13' title="bbox 230 1142 1537 1206; baseline -0.002 -16"><span class='ocrx_word' id='word_1_82' title='bbox 230 1144 459 1206; x_wconf 82' lang='lat' dir='ltr'>Caraque</span> <span class='ocrx_word' id='word_1_83' title='bbox 484 1143 687 1191; x_wconf 78' lang='lat' dir='ltr'>mutatis</span> <span class='ocrx_word' id='word_1_84' title='bbox 713 1144 883 1190; x_wconf 81' lang='lat' dir='ltr'>oscula</span> <span class='ocrx_word' id='word_1_85' title='bbox 901 1142 1027 1190; x_wconf 87' lang='lat' dir='ltr'>ferre</span> <span class='ocrx_word' id='word_1_86' title='bbox 1053 1142 1219 1204; x_wconf 82' lang='lat' dir='ltr'>genis3</span> <span class='ocrx_word' id='word_1_87' title='bbox 1475 1145 1537 1189; x_wconf 88' lang='grc'>50</span> 
     </span>
    </p>

    <p class='ocr_par' dir='ltr' id='par_1_8' title="bbox 161 1218 1444 1359">
     <span class='ocr_line' id='line_1_14' title="bbox 161 1218 1444 1283; baseline -0.001 -17"><span class='ocrx_word' id='word_1_88' title='bbox 161 1220 514 1283; x_wconf 85' lang='lat' dir='ltr'>Amplectique</span> <span class='ocrx_word' id='word_1_89' title='bbox 539 1220 661 1267; x_wconf 86' lang='lat' dir='ltr'>meis</span> <span class='ocrx_word' id='word_1_90' title='bbox 687 1236 867 1282; x_wconf 89' lang='lat' dir='ltr'>corpus</span> <span class='ocrx_word' id='word_1_91' title='bbox 893 1236 990 1265; x_wconf 89' lang='lat' dir='ltr'>non</span> <span class='ocrx_word' id='word_1_92' title='bbox 1011 1219 1194 1282; x_wconf 81' lang='lat' dir='ltr'>pingue</span> <span class='ocrx_word' id='word_1_93' title='bbox 1219 1218 1444 1275; x_wconf 81' lang='lat' dir='ltr'>lacertis3</span> 
     </span>
     <span class='ocr_line' id='line_1_15' title="bbox 230 1295 1298 1359; baseline -0.001 -16"><span class='ocrx_word' id='word_1_94' title='bbox 230 1296 311 1353; x_wconf 83' lang='lat' dir='ltr'>Et,</span> <span class='ocrx_word' id='word_1_95' title='bbox 339 1297 521 1359; x_wconf 81' lang='lat' dir='ltr'>gracile</span> <span class='ocrx_word' id='word_1_96' title='bbox 546 1298 638 1344; x_wconf 89' lang='lat' dir='ltr'>hoc</span> <span class='ocrx_word' id='word_1_97' title='bbox 665 1297 796 1352; x_wconf 85' lang='lat' dir='ltr'>fecit,</span> <span class='ocrx_word' id='word_1_98' title='bbox 824 1297 1005 1352; x_wconf 86' lang='lat' dir='ltr'>dicere,</span> <span class='ocrx_word' id='word_1_99' title='bbox 1033 1312 1150 1343; x_wconf 85' lang='lat' dir='ltr'>cura</span> <span class='ocrx_word' id='word_1_100' title='bbox 1173 1295 1298 1342; x_wconf 88' lang='lat' dir='ltr'>mei:</span> 
     </span>
    </p>

    <p class='ocr_par' dir='ltr' id='par_1_9' title="bbox 165 1372 1292 1514">
     <span class='ocr_line' id='line_1_16' title="bbox 165 1372 1292 1436; baseline -0.001 -17"><span class='ocrx_word' id='word_1_101' title='bbox 165 1372 229 1420; x_wconf 91' lang='lat' dir='ltr'>Et</span> <span class='ocrx_word' id='word_1_102' title='bbox 253 1389 447 1421; x_wconf 80' lang='lat' dir='ltr'>narrare</span> <span class='ocrx_word' id='word_1_103' title='bbox 472 1389 609 1420; x_wconf 87' lang='lat' dir='ltr'>meos</span> <span class='ocrx_word' id='word_1_104' title='bbox 634 1374 771 1419; x_wconf 87' lang='lat' dir='ltr'>flenti</span> <span class='ocrx_word' id='word_1_105' title='bbox 797 1373 919 1420; x_wconf 89' lang='lat' dir='ltr'>flens</span> <span class='ocrx_word' id='word_1_106' title='bbox 941 1373 1047 1436; x_wconf 88' lang='lat' dir='ltr'>ipse</span> <span class='ocrx_word' id='word_1_107' title='bbox 1071 1373 1292 1429; x_wconf 81' lang='lat' dir='ltr'>labores3</span> 
     </span>
     <span class='ocr_line' id='line_1_17' title="bbox 232 1449 1238 1514; baseline -0.002 -17"><span class='ocrx_word' id='word_1_108' title='bbox 232 1451 440 1514; x_wconf 82' lang='lat' dir='ltr'>Sperato</span> <span class='ocrx_word' id='word_1_109' title='bbox 465 1467 719 1513; x_wconf 83' lang='lat' dir='ltr'>nunquam</span> <span class='ocrx_word' id='word_1_110' title='bbox 744 1451 1093 1513; x_wconf 88' lang='lat' dir='ltr'>colloquioque</span> <span class='ocrx_word' id='word_1_111' title='bbox 1118 1449 1238 1506; x_wconf 82' lang='lat' dir='ltr'>frui3</span> 
     </span>
    </p>

    <p class='ocr_par' dir='ltr' id='par_1_10' title="bbox 164 1526 1540 1659">
     <span class='ocr_line' id='line_1_18' title="bbox 164 1526 1540 1590; baseline 0.003 -18"><span class='ocrx_word' id='word_1_112' title='bbox 164 1526 393 1590; x_wconf 84' lang='lat' dir='ltr'>Turaque</span> <span class='ocrx_word' id='word_1_113' title='bbox 411 1527 694 1574; x_wconf 73' lang='lat' dir='ltr'>Caesaribus</span> <span class='ocrx_word' id='word_1_114' title='bbox 716 1544 829 1574; x_wconf 88' lang='lat' dir='ltr'>cum</span> <span class='ocrx_word' id='word_1_115' title='bbox 845 1528 1056 1590; x_wconf 81' lang='lat' dir='ltr'>conjuge</span> <span class='ocrx_word' id='word_1_116' title='bbox 1078 1526 1277 1573; x_wconf 83' lang='lat' dir='ltr'>Caesare</span> <span class='ocrx_word' id='word_1_117' title='bbox 1296 1526 1460 1589; x_wconf 83' lang='lat' dir='ltr'>digna,</span> <span class='ocrx_word' id='word_1_118' title='bbox 1478 1530 1540 1576; x_wconf 84' lang='lat'>55</span> 
     </span>
     <span class='ocr_line' id='line_1_19' title="bbox 231 1603 1257 1659; baseline -0.001 -10"><span class='ocrx_word' id='word_1_119' title='bbox 231 1603 321 1650; x_wconf 69' lang='lat' dir='ltr'>Dis</span> <span class='ocrx_word' id='word_1_120' title='bbox 344 1603 487 1659; x_wconf 87' lang='lat' dir='ltr'>veris,</span> <span class='ocrx_word' id='word_1_121' title='bbox 514 1604 717 1651; x_wconf 89' lang='lat' dir='ltr'>memori</span> <span class='ocrx_word' id='word_1_122' title='bbox 742 1604 911 1651; x_wconf 80' lang='lat' dir='ltr'>debita</span> <span class='ocrx_word' id='word_1_123' title='bbox 930 1603 1055 1650; x_wconf 87' lang='lat' dir='ltr'>ferre</span> <span class='ocrx_word' id='word_1_124' title='bbox 1080 1619 1227 1649; x_wconf 80' lang='lat' dir='ltr'>manu</span> <span class='ocrx_word' id='word_1_125' title='bbox 1249 1603 1257 1648; x_wconf 91' lang='lat'>!</span> 
     </span>
    </p>

    <p class='ocr_par' dir='ltr' id='par_1_11' title="bbox 166 1679 1456 1820">
     <span class='ocr_line' id='line_1_20' title="bbox 166 1679 1456 1743; baseline 0.001 -18"><span class='ocrx_word' id='word_1_126' title='bbox 166 1679 448 1727; x_wconf 89' lang='lat' dir='ltr'>Memnonis</span> <span class='ocrx_word' id='word_1_127' title='bbox 473 1681 599 1727; x_wconf 77' lang='lat' dir='ltr'>hanc</span> <span class='ocrx_word' id='word_1_128' title='bbox 625 1681 829 1736; x_wconf 78' lang='lat' dir='ltr'>utinam,</span> <span class='ocrx_word' id='word_1_129' title='bbox 857 1680 1007 1727; x_wconf 87' lang='lat' dir='ltr'>lenito</span> <span class='ocrx_word' id='word_1_130' title='bbox 1032 1679 1271 1743; x_wconf 90' lang='lat' dir='ltr'>principe,</span> <span class='ocrx_word' id='word_1_131' title='bbox 1299 1687 1456 1728; x_wconf 81' lang='lat' dir='ltr'>mater</span> 
     </span>
     <span class='ocr_line' id='line_1_21' title="bbox 234 1755 1344 1820; baseline 0.002 -19"><span class='ocrx_word' id='word_1_132' title='bbox 234 1755 395 1810; x_wconf 82' lang='lat' dir='ltr'>Quam</span> <span class='ocrx_word' id='word_1_133' title='bbox 420 1756 632 1819; x_wconf 87' lang='lat' dir='ltr'>primum</span> <span class='ocrx_word' id='word_1_134' title='bbox 656 1773 797 1804; x_wconf 89' lang='lat' dir='ltr'>roseo</span> <span class='ocrx_word' id='word_1_135' title='bbox 822 1763 1055 1820; x_wconf 88' lang='lat' dir='ltr'>provocet</span> <span class='ocrx_word' id='word_1_136' title='bbox 1079 1772 1161 1803; x_wconf 89' lang='lat' dir='ltr'>ore</span> <span class='ocrx_word' id='word_1_137' title='bbox 1186 1757 1344 1803; x_wconf 87' lang='lat' dir='ltr'>diem!</span> 
     </span>
    </p>
   </div>
   <div class='ocr_carea' id='block_1_3' title="bbox 164 1881 1547 1976">
    <p class='ocr_par' dir='ltr' id='par_1_12' title="bbox 164 1881 1547 1976">
     <span class='ocr_line' id='line_1_22' title="bbox 164 1881 1547 1923; baseline 0.002 -12"><span class='ocrx_word' id='word_1_138' title='bbox 164 1886 267 1922; x_wconf 84' lang='lat' dir='ltr'>petras</span> <span class='ocrx_word' id='word_1_139' title='bbox 303 1882 447 1923; x_wconf 84' lang='lat' dir='ltr'>Cyaneas</span> <span class='ocrx_word' id='word_1_140' title='bbox 483 1883 637 1918; x_wconf 79' lang='lat' dir='ltr'>transiret,</span> <span class='ocrx_word' id='word_1_141' title='bbox 676 1882 820 1913; x_wconf 82' lang='lat' dir='ltr'>ostendit.</span> <span class='ocrx_word' id='word_1_142' title='bbox 888 1883 1010 1913; x_wconf 81' lang='lat' dir='ltr'>Sarrav.</span> <span class='ocrx_word' id='word_1_143' title='bbox 1034 1881 1165 1922; x_wconf 83' lang='lat' dir='ltr'>Argent.</span> <span class='ocrx_word' id='word_1_144' title='bbox 1188 1888 1219 1913; x_wconf 89' lang='lat' dir='ltr'>et</span> <span class='ocrx_word' id='word_1_145' title='bbox 1240 1888 1300 1914; x_wconf 89' lang='lat' dir='ltr'>tres</span> <span class='ocrx_word' id='word_1_146' title='bbox 1322 1882 1386 1913; x_wconf 86' lang='lat' dir='ltr'>alii.</span> <span class='ocrx_word' id='word_1_147' title='bbox 1432 1884 1547 1914; x_wconf 75' lang='lat' dir='ltr'>Amoris</span> 
     </span>
     <span class='ocr_line' id='line_1_23' title="bbox 166 1931 1547 1976; baseline 0.003 -16"><span class='ocrx_word' id='word_1_148' title='bbox 166 1931 267 1961; x_wconf 83' lang='lat' dir='ltr'>Vocat</span> <span class='ocrx_word' id='word_1_149' title='bbox 295 1936 400 1961; x_wconf 85' lang='lat' dir='ltr'>autem</span> <span class='ocrx_word' id='word_1_150' title='bbox 431 1931 587 1962; x_wconf 80' lang='lat' dir='ltr'>Phineum</span> <span class='ocrx_word' id='word_1_151' title='bbox 611 1931 822 1972; x_wconf 85' lang='lat' dir='ltr'>Agenoridem</span> <span class='ocrx_word' id='word_1_152' title='bbox 886 1938 1095 1973; x_wconf 70' lang='lat' dir='ltr'>prcrceptorem</span> <span class='ocrx_word' id='word_1_153' title='bbox 1119 1942 1152 1962; x_wconf 88' lang='lat' dir='ltr'>se</span> <span class='ocrx_word' id='word_1_154' title='bbox 1177 1931 1292 1974; x_wconf 82' lang='lat' dir='ltr'>passim</span> <span class='ocrx_word' id='word_1_155' title='bbox 1311 1939 1415 1963; x_wconf 85' lang='lat' dir='ltr'>noster</span> <span class='ocrx_word' id='word_1_156' title='bbox 1439 1933 1547 1976; x_wconf 87' lang='lat' dir='ltr'>adpel-</span> 
     </span>
    </p>
   </div>
   <div class='ocr_carea' id='block_1_4' title="bbox 165 1978 1549 2268">
    <p class='ocr_par' dir='ltr' id='par_1_13' title="bbox 165 1978 1549 2268">
     <span class='ocr_line' id='line_1_24' title="bbox 165 1978 946 2021; baseline 0 -12"><span class='ocrx_word' id='word_1_157' title='bbox 165 1978 260 2009; x_wconf 86' lang='lat' dir='ltr'>etiam</span> <span class='ocrx_word' id='word_1_158' title='bbox 274 1978 470 2021; x_wconf 86' lang='lat' dir='ltr'>Apollonius,</span> <span class='ocrx_word' id='word_1_159' title='bbox 486 1986 521 2010; x_wconf 89' lang='lat' dir='ltr'>ut</span> <span class='ocrx_word' id='word_1_160' title='bbox 536 1991 632 2021; x_wconf 90' lang='lat' dir='ltr'>quum</span> <span class='ocrx_word' id='word_1_161' title='bbox 650 1981 694 2011; x_wconf 88' lang='lat' dir='ltr'>ait</span> <span class='ocrx_word' id='word_1_162' title='bbox 708 1993 714 2010; x_wconf 88' lang='lat'>:</span> <span class='ocrx_word' id='word_1_163' title='bbox 889 1980 946 2010; x_wconf 87' lang='lat' dir='ltr'>lat.</span> 
     </span>
     <span class='ocr_line' id='line_1_25' title="bbox 207 2027 1548 2072; baseline 0 -13"><span class='ocrx_word' id='word_1_164' title='bbox 207 2027 307 2060; x_wconf 87' lang='grc' dir='ltr'>Ἐνθὰ</span> <span class='ocrx_word' id='word_1_165' title='bbox 331 2027 358 2059; x_wconf 77' lang='grc' dir='ltr'>δ’</span> <span class='ocrx_word' id='word_1_166' title='bbox 371 2028 529 2061; x_wconf 81' lang='grc' dir='ltr'>ἐπάκτιον</span> <span class='ocrx_word' id='word_1_167' title='bbox 550 2029 821 2072; x_wconf 73' lang='grc' dir='ltr'>οἶκονἈγηνορὶ·</span> <span class='ocrx_word' id='word_1_168' title='bbox 933 2031 986 2059; x_wconf 86' lang='grc'>55.</span> <span class='ocrx_word' id='word_1_169' title='bbox 1015 2029 1180 2059; x_wconf 76' lang='lat' dir='ltr'>Caesaribus</span> <span class='ocrx_word' id='word_1_170' title='bbox 1208 2040 1273 2058; x_wconf 78' lang='lat' dir='ltr'>cum</span> <span class='ocrx_word' id='word_1_171' title='bbox 1299 2029 1452 2070; x_wconf 58' lang='lat' dir='ltr'>conjuga]</span> <span class='ocrx_word' id='word_1_172' title='bbox 1489 2029 1548 2060; x_wconf 91' lang='lat' dir='ltr'>Per</span> 
     </span>
     <span class='ocr_line' id='line_1_26' title="bbox 253 2076 1544 2120; baseline 0 -12"><span class='ocrx_word' id='word_1_173' title='bbox 253 2076 310 2116; x_wconf 81' lang='grc' dir='ltr'>δης</span> <span class='ocrx_word' id='word_1_174' title='bbox 325 2078 378 2119; x_wconf 81' lang='grc' dir='ltr'>ἔχε</span> <span class='ocrx_word' id='word_1_175' title='bbox 395 2079 519 2116; x_wconf 79' lang='grc' dir='ltr'><strong><em>Φινεύς·</em></strong></span> <span class='ocrx_word' id='word_1_176' title='bbox 891 2078 1040 2114; x_wconf 81' lang='lat' dir='ltr'>Caesares,</span> <span class='ocrx_word' id='word_1_177' title='bbox 1070 2080 1250 2119; x_wconf 82' lang='lat' dir='ltr'>Augustum</span> <span class='ocrx_word' id='word_1_178' title='bbox 1279 2085 1310 2109; x_wconf 84' lang='lat' dir='ltr'>et</span> <span class='ocrx_word' id='word_1_179' title='bbox 1343 2079 1408 2120; x_wconf 86' lang='lat' dir='ltr'>ejus</span> <span class='ocrx_word' id='word_1_180' title='bbox 1445 2079 1544 2109; x_wconf 88' lang='lat' dir='ltr'>filios:</span> 
     </span>
     <span class='ocr_line' id='line_1_27' title="bbox 168 2126 1549 2169; baseline 0.001 -12"><span class='ocrx_word' id='word_1_181' title='bbox 168 2126 221 2158; x_wconf 89' lang='lat' dir='ltr'>ubi</span> <span class='ocrx_word' id='word_1_182' title='bbox 232 2134 336 2158; x_wconf 85' lang='lat' dir='ltr'>monet</span> <span class='ocrx_word' id='word_1_183' title='bbox 347 2128 539 2165; x_wconf 85' lang='lat' dir='ltr'>scholiastes,</span> <span class='ocrx_word' id='word_1_184' title='bbox 550 2129 701 2161; x_wconf 85' lang='lat' dir='ltr'>Phineum</span> <span class='ocrx_word' id='word_1_185' title='bbox 719 2141 736 2160; x_wconf 87' lang='lat' dir='ltr'>a</span> <span class='ocrx_word' id='word_1_186' title='bbox 750 2140 824 2160; x_wconf 84' lang='lat' dir='ltr'>non·</span> <span class='ocrx_word' id='word_1_187' title='bbox 890 2137 946 2168; x_wconf 87' lang='lat' dir='ltr'>per</span> <span class='ocrx_word' id='word_1_188' title='bbox 969 2127 1132 2168; x_wconf 85' lang='lat' dir='ltr'>conjugem</span> <span class='ocrx_word' id='word_1_189' title='bbox 1153 2137 1236 2163; x_wconf 89' lang='lat' dir='ltr'>vero,</span> <span class='ocrx_word' id='word_1_190' title='bbox 1260 2127 1393 2163; x_wconf 78' lang='lat' dir='ltr'>Liviam,</span> <span class='ocrx_word' id='word_1_191' title='bbox 1415 2128 1549 2169; x_wconf 81' lang='lat' dir='ltr'>Augusti</span> 
     </span>
     <span class='ocr_line' id='line_1_28' title="bbox 168 2176 1197 2220; baseline 0 -14"><span class='ocrx_word' id='word_1_192' title='bbox 168 2176 262 2207; x_wconf 87' lang='lat' dir='ltr'>nullis</span> <span class='ocrx_word' id='word_1_193' title='bbox 287 2177 447 2209; x_wconf 81' lang='lat' dir='ltr'>Phoenicis</span> <span class='ocrx_word' id='word_1_194' title='bbox 470 2179 578 2215; x_wconf 89' lang='lat' dir='ltr'>filium,</span> <span class='ocrx_word' id='word_1_195' title='bbox 594 2178 747 2220; x_wconf 84' lang='lat' dir='ltr'>Agenoris</span> <span class='ocrx_word' id='word_1_196' title='bbox 772 2190 825 2209; x_wconf 82' lang='lat' dir='ltr'>ne·</span> <span class='ocrx_word' id='word_1_197' title='bbox 892 2187 1029 2211; x_wconf 87' lang='lat' dir='ltr'>uxorem,</span> <span class='ocrx_word' id='word_1_198' title='bbox 1045 2176 1197 2217; x_wconf 84' lang='lat' dir='ltr'>intellige.</span> 
     </span>
     <span class='ocr_line' id='line_1_29' title="bbox 168 2225 1549 2268; baseline 0 -13"><span class='ocrx_word' id='word_1_199' title='bbox 168 2230 272 2267; x_wconf 86' lang='lat' dir='ltr'>potem</span> <span class='ocrx_word' id='word_1_200' title='bbox 287 2225 406 2257; x_wconf 84' lang='lat' dir='ltr'>haberi.</span> <span class='ocrx_word' id='word_1_201' title='bbox 936 2227 987 2256; x_wconf 83' lang='lat'>56.</span> <span class='ocrx_word' id='word_1_202' title='bbox 1006 2226 1113 2256; x_wconf 78' lang='lat' dir='ltr'>Debita</span> <span class='ocrx_word' id='word_1_203' title='bbox 1129 2227 1218 2268; x_wconf 71' lang='lat' dir='ltr'>serre</span> <span class='ocrx_word' id='word_1_204' title='bbox 1241 2226 1361 2265; x_wconf 60' lang='lat' dir='ltr'>manu]</span> <span class='ocrx_word' id='word_1_205' title='bbox 1388 2225 1549 2267; x_wconf 89' lang='lat' dir='ltr'>Proprium</span> 
     </span>
    </p>
   </div>
   <div class='ocr_carea' id='block_1_5' title="bbox 168 2274 1550 2512">
    <p class='ocr_par' dir='ltr' id='par_1_14' title="bbox 168 2274 1550 2463">
     <span class='ocr_line' id='line_1_30' title="bbox 213 2274 1550 2318; baseline 0.001 -15"><span class='ocrx_word' id='word_1_206' title='bbox 213 2274 264 2304; x_wconf 88' lang='grc'>41.</span> <span class='ocrx_word' id='word_1_207' title='bbox 290 2274 384 2305; x_wconf 81' lang='lat' dir='ltr'>Illum</span> <span class='ocrx_word' id='word_1_208' title='bbox 403 2276 561 2317; x_wconf 61' lang='lat' dir='ltr'>furtiua]</span> <span class='ocrx_word' id='word_1_209' title='bbox 598 2277 683 2312; x_wconf 83' lang='lat' dir='ltr'>Jaso,</span> <span class='ocrx_word' id='word_1_210' title='bbox 715 2276 826 2318; x_wconf 84' lang='lat' dir='ltr'>inquit,</span> <span class='ocrx_word' id='word_1_211' title='bbox 892 2274 924 2304; x_wconf 88' lang='lat' dir='ltr'>in</span> <span class='ocrx_word' id='word_1_212' title='bbox 953 2275 1011 2305; x_wconf 79' lang='lat' dir='ltr'>hac</span> <span class='ocrx_word' id='word_1_213' title='bbox 1041 2286 1072 2305; x_wconf 87' lang='lat' dir='ltr'>re</span> <span class='ocrx_word' id='word_1_214' title='bbox 1103 2276 1232 2305; x_wconf 79' lang='lat' dir='ltr'>verbum</span> <span class='ocrx_word' id='word_1_215' title='bbox 1261 2285 1326 2305; x_wconf 86' lang='lat' dir='ltr'>esse</span> <span class='ocrx_word' id='word_1_216' title='bbox 1344 2275 1434 2315; x_wconf 80' lang='lat' dir='ltr'>ferre</span> <span class='ocrx_word' id='word_1_217' title='bbox 1462 2280 1550 2305; x_wconf 85' lang='lat' dir='ltr'>notat</span> 
     </span>
     <span class='ocr_line' id='line_1_31' title="bbox 168 2321 1476 2367; baseline 0.001 -15"><span class='ocrx_word' id='word_1_218' title='bbox 168 2321 279 2353; x_wconf 86' lang='lat' dir='ltr'>habuit</span> <span class='ocrx_word' id='word_1_219' title='bbox 292 2323 453 2360; x_wconf 85' lang='lat' dir='ltr'>Medeam,</span> <span class='ocrx_word' id='word_1_220' title='bbox 469 2335 539 2365; x_wconf 85' lang='lat' dir='ltr'>quae</span> <span class='ocrx_word' id='word_1_221' title='bbox 555 2325 621 2366; x_wconf 86' lang='lat' dir='ltr'>ejus</span> <span class='ocrx_word' id='word_1_222' title='bbox 637 2336 739 2356; x_wconf 86' lang='lat' dir='ltr'>amore</span> <span class='ocrx_word' id='word_1_223' title='bbox 754 2336 826 2367; x_wconf 84' lang='lat' dir='ltr'>cap·</span> <span class='ocrx_word' id='word_1_224' title='bbox 895 2323 1022 2354; x_wconf 87' lang='lat' dir='ltr'>Herald.</span> <span class='ocrx_word' id='word_1_225' title='bbox 1034 2324 1073 2354; x_wconf 84' lang='lat' dir='ltr'>ad</span> <span class='ocrx_word' id='word_1_226' title='bbox 1090 2324 1208 2354; x_wconf 82' lang='lat' dir='ltr'>Arnob.</span> <span class='ocrx_word' id='word_1_227' title='bbox 1224 2323 1278 2353; x_wconf 92' lang='lat' dir='ltr'>lib.</span> <span class='ocrx_word' id='word_1_228' title='bbox 1291 2323 1341 2354; x_wconf 87' lang='lat' dir='ltr'>vii.</span> <span class='ocrx_word' id='word_1_229' title='bbox 1361 2334 1390 2364; x_wconf 90' lang='lat' dir='ltr'>p.</span> <span class='ocrx_word' id='word_1_230' title='bbox 1401 2324 1476 2353; x_wconf 77' lang='lat'>268.</span> 
     </span>
     <span class='ocr_line' id='line_1_32' title="bbox 170 2369 1549 2413; baseline 0.002 -13"><span class='ocrx_word' id='word_1_231' title='bbox 170 2375 214 2406; x_wconf 87' lang='lat' dir='ltr'>ta,</span> <span class='ocrx_word' id='word_1_232' title='bbox 229 2369 275 2400; x_wconf 86' lang='lat' dir='ltr'>illi</span> <span class='ocrx_word' id='word_1_233' title='bbox 300 2371 340 2401; x_wconf 90' lang='lat' dir='ltr'>ad</span> <span class='ocrx_word' id='word_1_234' title='bbox 363 2371 547 2413; x_wconf 85' lang='lat' dir='ltr'>rapiendum</span> <span class='ocrx_word' id='word_1_235' title='bbox 569 2383 697 2404; x_wconf 87' lang='lat' dir='ltr'>aureum</span> <span class='ocrx_word' id='word_1_236' title='bbox 712 2373 823 2409; x_wconf 86' lang='lat' dir='ltr'>vellus,</span> <span class='ocrx_word' id='word_1_237' title='bbox 937 2374 988 2403; x_wconf 87' lang='lat'>57.</span> <span class='ocrx_word' id='word_1_238' title='bbox 1008 2373 1108 2403; x_wconf 80' lang='lat' dir='ltr'>Mater</span> <span class='ocrx_word' id='word_1_239' title='bbox 1125 2373 1317 2412; x_wconf 38' lang='lat' dir='ltr'>Memnonia]</span> <span class='ocrx_word' id='word_1_240' title='bbox 1344 2373 1475 2408; x_wconf 86' lang='lat' dir='ltr'>Aurora,</span> <span class='ocrx_word' id='word_1_241' title='bbox 1497 2373 1549 2403; x_wconf 95' lang='lat' dir='ltr'>Ti-</span> 
     </span>
     <span class='ocr_line' id='line_1_33' title="bbox 170 2420 1472 2463; baseline 0.003 -15"><span class='ocrx_word' id='word_1_242' title='bbox 170 2428 273 2460; x_wconf 84' lang='lat' dir='ltr'>opera,</span> <span class='ocrx_word' id='word_1_243' title='bbox 291 2425 367 2456; x_wconf 87' lang='lat' dir='ltr'>arte,</span> <span class='ocrx_word' id='word_1_244' title='bbox 383 2426 414 2451; x_wconf 81' lang='lat' dir='ltr'>et</span> <span class='ocrx_word' id='word_1_245' title='bbox 431 2420 559 2452; x_wconf 89' lang='lat' dir='ltr'>consilio</span> <span class='ocrx_word' id='word_1_246' title='bbox 574 2421 699 2463; x_wconf 87' lang='lat' dir='ltr'>profuit.</span> <span class='ocrx_word' id='word_1_247' title='bbox 894 2421 995 2452; x_wconf 82' lang='lat' dir='ltr'>thonis</span> <span class='ocrx_word' id='word_1_248' title='bbox 1011 2433 1097 2458; x_wconf 82' lang='lat' dir='ltr'>uxor,</span> <span class='ocrx_word' id='word_1_249' title='bbox 1113 2428 1272 2463; x_wconf 82' lang='lat' dir='ltr'>materque</span> <span class='ocrx_word' id='word_1_250' title='bbox 1284 2422 1472 2452; x_wconf 81' lang='lat' dir='ltr'>Memnonis.</span> 
     </span>
    </p>

    <p class='ocr_par' dir='ltr' id='par_1_15' title="bbox 215 2469 826 2512">
     <span class='ocr_line' id='line_1_34' title="bbox 215 2469 826 2512; baseline 0.005 -14"><span class='ocrx_word' id='word_1_251' title='bbox 215 2469 266 2499; x_wconf 80' lang='lat'>42.</span> <span class='ocrx_word' id='word_1_252' title='bbox 297 2469 365 2500; x_wconf 78' lang='lat' dir='ltr'>Non</span> <span class='ocrx_word' id='word_1_253' title='bbox 398 2471 547 2502; x_wconf 81' lang='lat' dir='ltr'>didicisset</span> <span class='ocrx_word' id='word_1_254' title='bbox 575 2471 703 2512; x_wconf 61' lang='lat' dir='ltr'>amans]</span> <span class='ocrx_word' id='word_1_255' title='bbox 737 2472 826 2502; x_wconf 81' lang='lat' dir='ltr'>Amor</span> 
     </span>
    </p>
   </div>
   <div class='ocr_carea' id='block_1_6' title="bbox 997 2781 1087 2810">
    <p class='ocr_par' dir='ltr' id='par_1_16' title="bbox 997 2781 1087 2810">
     <span class='ocr_line' id='line_1_35' title="bbox 997 2781 1087 2810; baseline 0 0"><span class='ocrx_word' id='word_1_256' title='bbox 997 2781 1087 2810; x_wconf 56' lang='lat'>[550</span> 
     </span>
    </p>
   </div>
  </div>
 </body>
</html>
