1760 3172
350 172 442 214 EX
475 170 688 214 PONTO
722 170 843 212 LIB.
878 169 941 211 ΙΙ.
974 170 1168 212 EPIST.
1202 171 1240 212 Ι.

1405 173 1491 215 399

105 290 284 353 Deque
308 288 628 352 triumphato,
656 286 791 350 quod
819 285 906 333 Sol
932 286 1224 344 incenderit,
1252 302 1370 335 auro

169 366 337 414 Aurea
363 365 578 414 Romani
602 371 739 413 tecta
761 363 915 412 fuisse
940 363 1048 411 fori.

102 443 299 507 Totque
324 443 500 492 tulisse
524 443 682 491 duces
708 440 918 505 captivis
945 439 1117 488 addita
1142 440 1282 488 collis

169 521 399 578 Vincula,
417 512 569 586 ‘paene
593 521 761 567 hostes
788 524 913 585 quot
938 518 1060 564 satis
1086 534 1197 566 esse
1221 517 1329 566 fuit.

106 598 331 647 Maxima
350 614 464 663 pars
484 599 660 647 horum
675 597 826 645 vitam
840 595 1138 659 veniamque
1153 595 1374 643 tulerunt
1390 614 1401 654 3
1429 599 1493 645 45

173 675 233 722 In
258 676 440 739 quibus
465 682 517 723 et
540 674 659 723 belli
685 689 881 722 summa
904 679 1158 737 caputque
1185 672 1333 721 Bato.

107 753 210 800 Cur
235 769 327 816 ego
351 769 500 818 posse
524 768 704 816 negem
728 752 884 799 minui
909 750 1031 798 mihi
1056 750 1272 797 numinis
1297 750 1437 806 iram,

174 829 342 885 Quum
365 831 561 879 videam
586 830 734 878 mites
760 829 989 877 hostibus
1015 844 1126 875 esse
1153 827 1326 875 Deos?

105 906 320 956 Pertulit
344 908 440 956 huc
465 908 598 957 idem
624 908 785 964 nobiS‚
815 906 1132 962 Germanice,
1160 921 1342 962 rumor,

173 985 376 1050 Oppida
400 987 492 1034 sub
517 986 662 1034 titulo
687 985 899 1033 nominis
925 986 1024 1032 isse
1049 984 1149 1041 tui3

1431 986 1494 1031 50

105 1061 274 1126 Atque
298 1079 358 1112 ea
380 1071 429 1112 te
455 1071 643 1121 contra,
671 1080 763 1112 nec
789 1063 915 1110 muri
940 1063 1086 1119 mole,
1115 1077 1207 1109 nec
1233 1061 1396 1118 armis,

173 1140 221 1186 N
226 1156 283 1188 ec
308 1141 428 1189 satis
453 1142 650 1204 ingenio
674 1148 783 1190 tuta
807 1141 960 1188 fuisse
986 1141 1100 1187 loci.

108 1217 172 1263 Di
197 1218 288 1265 tibi
314 1219 434 1268 dent
459 1220 642 1267 annos!
671 1236 700 1267 a
723 1226 774 1266 te
799 1234 914 1265 nam
939 1224 1121 1265 caetera
1145 1231 1342 1274 sumes3

173 1295 285 1346 Sint
308 1297 455 1345 modo
479 1297 647 1345 virtuti
672 1303 900 1360 tempora
922 1296 1072 1358 longa
1096 1301 1211 1341 tuae.

150 1490 203 1521 42.
233 1489 324 1521 Tecta
350 1490 479 1520 Romam·
505 1491 604 1533 fm·i.]
644 1491 767 1522 Domus

106 1538 245 1569 finitimae
265 1539 330 1569 foro
345 1538 500 1576 Romano,
516 1539 567 1570 vel
582 1550 691 1570 revera
705 1545 767 1570 tra-

105 1589 160 1620 bes
175 1593 208 1620 et
225 1593 311 1620 tecta
329 1588 409 1626 atrii,
425 1589 509 1631 quod
525 1590 633 1621 Caesar
648 1589 766 1620 Roma-

105 1648 181 1669 num
201 1637 300 1669 forum
320 1648 386 1669 esse
402 1638 511 1675 voluit,
527 1643 561 1670 ut
583 1650 619 1670 eo
639 1639 679 1670 ad
696 1638 768 1680 jura

105 1687 198 1718 simul
211 1686 423 1724 convenirent,
439 1693 474 1718 ut
488 1688 580 1719 docet
594 1688 769 1730 Appianus.

106 1736 188 1767 Sane
208 1735 381 1778 laquearia,
397 1747 467 1778 quae
484 1743 593 1778 postea
612 1742 644 1767 et
659 1737 691 1767 in
706 1737 768 1778 pri-

108 1785 188 1817 vatis
212 1785 357 1817 domibus
381 1796 454 1817 auro
481 1787 677 1828 tegebantur,
699 1792 770 1828 post

109 1834 332 1876 Carthaginem
346 1846 498 1867 eversam.

152 1885 208 1915 43.
240 1884 354 1916 Tulisse
382 1887 506 1917 vincula
529 1888 636 1917 addita
659 1885 769 1926 collis]

108 1934 230 1966 Tulisse
256 1940 397 1972 catenaS‚
423 1935 537 1976 quibus
559 1946 665 1967 eorum
691 1935 773 1966 colla

110 1983 251 2025 adligata
265 1989 365 2015 erant.
401 1985 496 2015 MER.

153 2034 207 2064 44.
227 2034 317 2064 Paene
332 2035 422 2064 hostes
437 2041 505 2074 quot
521 2035 592 2065 satis
606 2045 662 2065 esse
667 2033 769 2076 suin]

111 2083 181 2114 Hoc
211 2088 268 2120 est,
298 2087 344 2114 tot
372 2094 512 2120 nurnero,
542 2089 618 2125 quot
647 2083 679 2114 in
708 2088 773 2114 toto

109 2131 216 2174 aliquo
243 2133 383 2163 exercitu
411 2132 546 2164 hostium
575 2132 650 2164 satis
678 2137 772 2168 esset,

108 2180 203 2212 fuisse
217 2193 223 2211 :
238 2180 302 2213 sive
315 2181 369 2223 qui
374 2181 495 2224 justum
506 2181 677 2213 exercitum
689 2192 772 2213 com-

110 2231 195 2272 plere
209 2240 246 2261 ac
261 2231 363 2262 facere
378 2231 562 2273 potuissent.
594 2232 720 2262 Μιση-

155 2280 208 2311 46.
224 2279 331 2321 Bata]
358 2280 504 2322 Intellige
519 2281 675 2312 Batonem
687 2281 771 2310 Pan-

109 2328 282 2366 noniorum,
293 2329 344 2360 vel
359 2335 394 2360 ut
404 2329 468 2366 alii,
477 2330 697 2360 Dalmatarum
715 2329 772 2360 du-

112 2387 193 2414 cem,
219 2378 309 2420 cujus
336 2378 412 2416 Dio,
436 2380 634 2415 Paterculus‚
664 2380 772 2410 Sueto-

112 2427 195 2464 nius,
209 2427 263 2458 alii
278 2428 498 2460 meminerunt.
525 2429 644 2460 mes.
689 2428 772 2460 Vide

113 2475 154 2506 ad
174 2476 341 2513 Velleium,
357 2477 411 2508 lib.
427 2477 459 2508 ii.
475 2489 544 2520 cap.
560 2479 637 2516 1103
662 2488 774 2508 nomen

112 2535 184 2556 vere
195 2525 282 2556 ‘illud
293 2526 418 2557 Batonis
428 2527 495 2569 jam
504 2527 684 2568 antiquum:
702 2536 774 2557 nam

112 2573 278 2605 Ponticum
292 2575 447 2612 Batonem,
457 2575 616 2607 dominum
627 2574 773 2616 Menippi

113 2633 152 2653 ex
179 2622 292 2654 Diocle
316 2630 468 2656 memorat
492 2624 653 2667 Diogenes
681 2624 774 2655 Laer-

113 2670 186 2708 tius,
200 2671 258 2703 lib.
273 2672 315 2704 vi.
328 2673 382 2705 99.

878 1489 930 1521 47.
946 1489 1010 1519 cur
1024 1499 1075 1530 ego
1088 1498 1168 1527 posse
1182 1498 1284 1528 negem
1300 1489 1409 1523 minui,
1419 1487 1495 1527 δια]

835 1540 940 1582 Capta
951 1539 1126 1574 occasione,
1138 1538 1273 1569 hostium
1284 1538 1427 1579 exemplo
1442 1537 1497 1568 do-

835 1594 885 1619 cet
905 1588 963 1619 sibi
986 1587 1079 1619 etiarn
1098 1586 1285 1629 sperandum
1303 1596 1369 1617 esse
1387 1586 1497 1627 Augu—

835 1643 917 1668 stum
943 1637 1057 1668 iratum
1082 1647 1171 1679 posse
1197 1635 1325 1677 placari,
1349 1641 1379 1666 et
1400 1636 1496 1667 lenio-

836 1698 900 1718 rem
916 1687 994 1717 fieri.

878 1738 931 1767 48.
949 1736 1054 1776 De‹›s.]
1079 1736 1256 1776 Augustum
1278 1740 1309 1765 et
1324 1733 1496 1765 Tiberium.

880 1787 931 1818 49.
957 1786 1091 1815 Rettulit
1120 1785 1168 1815 hic
1194 1785 1307 1814 Bavar.
1335 1794 1406 1814 mox
1434 1785 1499 1820 isse,

837 1836 867 1867 h.
883 1847 910 1867 e.
934 1834 1111 1870 incessisse,
1134 1834 1167 1864 in
1189 1833 1347 1875 triumpho
1370 1833 1502 1874 praelata.

837 1885 941 1921 fuisse,
965 1884 1090 1925 gravius
1113 1889 1171 1920 est,
1196 1894 1292 1924 quam
1320 1883 1356 1914 τὸ
1381 1894 1439 1914 esse
1467 1883 1500 1914 in

838 1936 904 1966 Erf.
922 1936 1036 1967 Bavar.
1051 1939 1083 1965 et
1096 1933 1176 1965 aliis.
1208 1932 1416 1964 Germanicus
1428 1943 1500 1964 vero

838 1985 870 2016 in
885 1985 969 2016 bello
991 1985 1046 2015 illo
1068 1983 1239 2014 exercitum
1255 1982 1397 2018 duxerat,
1412 1982 1500 2013 Sere-

839 2035 927 2071 tium‚
944 2034 1118 2070 Ardubam,
1141 2033 1265 2074 aliaque
1290 2033 1361 2063 loca
1380 2031 1501 2063 munita

839 2089 1086 2127 expugnaverat,
1105 2083 1196 2125 eique
1209 2087 1319 2124 postea
1328 2081 1500 2124 triumpha-

839 2134 882 2164 lia
901 2139 1084 2164 ornamenta
1106 2132 1232 2163 decreta
1256 2136 1329 2162 sunt
1351 2131 1499 2162 honores·
1559 2134 1563 2141 “

839 2194 900 2225 que
916 2182 1060 2225 praetorii,
1077 2187 1108 2213 et
1128 2187 1164 2213 ut
1178 2180 1367 2212 sententiam
1382 2180 1500 2222 primus

838 2238 908 2274 post
931 2232 1107 2263 consulares
1127 2231 1254 2265 diceret,
1268 2235 1366 2270 utque
1390 2240 1501 2259 consu-

838 2281 937 2312 latum
953 2280 1075 2322 legibus
1088 2280 1206 2311 solutus
1217 2278 1358 2309 ambiret.
1368 2277 1501 2309 v.Dion.

840 2331 997 2366 Cassium,
1025 2329 1097 2360 libr.
1121 2329 1164 2359 lv.
1185 2328 1240 2358 lvi.
1269 2332 1301 2359 et
1325 2327 1501 2359 Heinsium.

840 2380 989 2410 HAnLEs.

884 2429 937 2460 50.
956 2427 1015 2458 Isse
1034 2429 1087 2458 sub
1110 2426 1227 2467 titula]
1255 2426 1331 2456 Esse
1346 2426 1502 2468 subjectos

840 2477 944 2513 titulo,
962 2476 993 2507 in
1008 2486 1069 2517 quo
1084 2480 1150 2506 erat
1165 2481 1253 2506 tuum
1269 2484 1391 2505 nomen.

885 2527 937 2557 52.
963 2525 1092 2567 Ingenio
1114 2524 1198 2564 Ioci]
1228 2524 1350 2554 Natura
1372 2523 1444 2561 loci,
1467 2529 1500 2555 ut

841 2580 919 2617 puta
934 2574 965 2605 in
977 2574 1135 2605 montibus
1151 2573 1221 2603 sita.

885 2625 940 2655 53.
959 2623 1100 2663 Cretera]
1126 2624 1244 2653 Omnes
1259 2622 1388 2653 virtutes
1410 2622 1501 2654 intel-

842 2672 915 2714 lige,
930 2679 961 2704 et
976 2672 1108 2704 bellicas
1124 2676 1215 2703 artes,
