1760 3172
237 164 323 205 502
628 163 677 203 P.
712 161 924 203 OVIDII
960 161 1241 203 NASONIS

243 279 452 343 Templa
474 279 651 325 domus
676 277 815 325 vobis
842 277 1027 324 faciant
1050 278 1300 341 urbesque
1320 279 1481 326 beatae
1501 296 1510 326 :

310 355 447 403 Naso
472 354 573 402 suis
598 354 792 418 opibus,
819 353 1053 410 carmine,
1081 362 1251 416 gratus
1276 355 1386 403 erit.

243 432 404 480 Parva
419 432 623 496 quidem
643 432 801 479 fateor
820 447 908 494 pro
929 431 1122 493 magnis
1143 447 1350 479 munera
1370 433 1526 490 reddi,
1565 437 1627 482 35

309 509 476 564 Quum
501 525 589 573 pro
615 523 857 556 concessa
879 507 1031 554 verba
1055 508 1213 555 salute
1239 508 1432 557 damus.

244 586 345 634 Sed
371 587 472 650 qui,
496 603 647 649 quam
671 585 849 650 potuit,
872 585 959 632 dat
980 585 1213 644 maxima,
1236 593 1407 649 gratus
1429 588 1627 636 abunde

310 663 375 711 Et
400 664 548 711 finem
573 664 733 728 pietas
759 662 969 725 contigit
994 662 1078 710 illa
1102 679 1264 711 suum.
1496 667 1625 728 [est3

243 741 289 787 N
295 758 368 797 ec,
396 758 507 804 quae
533 742 595 789 de
620 756 771 805 parva
798 740 888 787 Dis
915 756 1106 804 pauper
1130 741 1254 789 libat
1278 757 1461 807 acerra,

307 819 440 866 Tura
458 819 637 876 minus,
655 818 829 881 grandi
851 834 1002 883 quam
1018 819 1136 865 data
1155 819 1314 876 lance,
1330 821 1523 869 valent:
1564 825 1629 868 40

241 895 487 960 Agnaque
508 904 609 944 tam
628 898 837 952 lactens,
862 887 1012 959 quam
1033 896 1254 958 gramine
1272 904 1416 961 pasta
1435 898 1628 946 Falisco

306 973 805 1038 Victima,'Tarpeios
832 973 990 1021 inficit
1016 974 1115 1021 icta
1138 973 1292 1022 focos.

241 1050 351 1098 Nec
376 1059 561 1108 tamen,
589 1051 747 1099 officio
772 1058 939 1099 vatum
964 1068 1053 1116 per
1077 1052 1297 1100 carmina
1320 1052 1467 1110 facto,

306 1128 624 1192 Principibus
649 1145 726 1177 res
752 1136 830 1176 est
853 1130 1038 1192 gratior
1062 1130 1164 1177 ulla
1186 1130 1319 1177 viris.

240 1205 477 1253 Carmina
495 1213 770 1254 vestrarum
795 1214 1042 1271 peragunt
1066 1207 1316 1271 praeconia
1335 1208 1566 1257 laudum:

306 1283 447 1332 Neve
468 1286 532 1332 sit
557 1293 780 1333 actorum
805 1286 937 1333 fama
960 1286 1150 1333 caduca
1176 1292 1368 1333 cavent.
1562 1289 1625 1334 46

240 1361 476 1410 Carmine
499 1362 555 1410 fit
577 1363 721 1411 vivax
742 1363 924 1421 virtus3
966 1378 1251 1427 expersque
1277 1363 1509 1427 sepulcri,

307 1439 551 1487 Notitiam
577 1457 698 1488 serae
723 1441 1029 1505 posteritatis
1055 1441 1222 1488 habet.

236 1515 430 1564 Tabida
453 1518 701 1565 consumit
725 1518 908 1566 ferrum
932 1518 1252 1582 lapidemque
1277 1524 1528 1576 vetustas;

305 1594 559 1658 Nullaque
584 1612 662 1643 res
687 1598 847 1660 majus
872 1603 1096 1660 tempore
1120 1597 1269 1643 robur
1294 1596 1460 1643 habet.
1561 1599 1626 1644 50

239 1671 439 1736 Scripta
456 1673 619 1721 ferunt
637 1690 793 1721 annos
812 1691 822 1722 :
852 1675 1049 1738 scriptis
1066 1674 1446 1737 Agamemnona
1464 1675 1593 1722 nosti
1610 1693 1622 1733 ;

304 1749 370 1797 Et
394 1750 623 1815 quisquis
649 1759 835 1807 contra,
858 1753 935 1800 vel
963 1752 1125 1808 simul,
1154 1767 1291 1798 arma
1312 1751 1443 1798 tulit.

236 1825 360 1880 Quis
376 1826 576 1876 Thebas
599 1837 894 1893 septemque
910 1829 1066 1876 duces
1083 1828 1189 1876 sine
1205 1828 1423 1875 carmine
1437 1835 1624 1885 nosset,

304 1903 370 1951 Et
394 1906 637 1969 quicquid
662 1915 777 1971 post
801 1908 923 1964 haec,
952 1907 1195 1971 quicquid
1222 1914 1270 1954 et
1296 1913 1412 1954 ante
1436 1906 1561 1954 fuit?

236 1980 302 2027 Di
328 1997 528 2044 quoque
554 1984 872 2042 carminibus,
901 1984 941 2031 si
967 1984 1040 2032 fas
1066 1991 1143 2031 est
1162 1984 1345 2040 dicere,
1373 1983 1514 2040 fiunt,
1561 1986 1624 2032 55

301 2058 564 2123 Tantaque
588 2063 824 2125 majestas
851 2079 933 2110 ore
958 2062 1184 2110 canentis
1206 2067 1336 2124 eget.

963 2234 1078 2265 scimus
1101 2233 1196 2264 etiam
1220 2233 1343 2275 scriptis
1366 2243 1418 2263 eos
1443 2243 1549 2264 omnes
1572 2234 1626 2275 qui

962 2294 1054 2325 opem
1081 2283 1222 2314 tulerunt
1243 2282 1385 2324 Trojanis
1409 2288 1517 2313 contra
1539 2283 1626 2324 Aga-

962 2343 1173 2363 memnonem.
1231 2332 1281 2362 Vel
1311 2334 1411 2362 simul.
1444 2332 1506 2363 Vel
1528 2332 1624 2363 etiam

961 2392 1014 2412 eos
1039 2392 1156 2418 onmes,
1175 2380 1229 2423 qui
1256 2380 1347 2411 simul
1368 2391 1438 2412 cum
1454 2380 1623 2421 Agamem-

963 2441 1043 2461 none
1055 2441 1168 2461 venere
1184 2429 1224 2460 ad
1240 2440 1309 2461 eam
1324 2429 1567 2472 expeditionem.

236 2232 289 2261 Sui
313 2234 468 2263 antistitis.
492 2233 546 2263 Sui
568 2234 748 2271 sacerdotis,
774 2241 805 2265 et
829 2235 896 2277 ejus

235 2281 288 2322 qui
305 2280 344 2310 ad
359 2280 446 2312 illam
462 2282 612 2323 confugit.

279 2331 332 2361 41.
362 2331 460 2365 Quam
492 2334 630 2373 gramine
665 2338 749 2372 pasta
778 2331 896 2363 Falisco

240 2379 394 2420 Victima]
428 2382 589 2418 Quantum
614 2381 769 2423 juvencus
799 2383 895 2413 nutri—

234 2433 285 2458 tus
300 2428 406 2466 herba,
423 2441 492 2471 quae
508 2430 540 2460 in
556 2430 677 2462 Falisco
697 2441 770 2472 agro
786 2442 893 2463 nasce-

233 2478 334 2509 batur.

278 2528 329 2558 42.
357 2527 494 2567 Tarpeios
507 2529 621 2570 focos]
645 2530 741 2561 Focos
765 2530 893 2572 Capito-

233 2575 321 2607 linos.
367 2577 482 2618 11ficit.
505 2578 612 2619 Tingit
626 2589 743 2610 cruore.

278 2627 329 2657 49.
348 2627 461 2658 Tabida
472 2628 627 2668 vetustas]
644 2629 830 2670 Longinqua
844 2639 892 2659 se-

235 2674 294 2705 ries
310 2675 468 2718 temporis,
482 2687 545 2718 qua
559 2677 664 2708 omnia
678 2683 869 2718 putrescunt.

277 2726 330 2755 52.
350 2725 390 2755 Et
406 2727 535 2766 quisquis
555 2727 688 2767 contra]
716 2727 754 2757 Et
776 2737 888 2768 cogno-

1005 2480 1059 2511 53.
1090 2479 1165 2513 Quis
1198 2479 1309 2510 Thebas
1344 2485 1509 2519 septemque
1536 2481 1624 2510 duces

958 2528 1049 2568 sina]
1078 2529 1156 2566 Quis
1179 2528 1273 2559 etiam
1294 2528 1386 2559 sciret
1406 2528 1526 2559 bellum
1540 2529 1621 2560 The-

958 2576 1088 2612 banum,
1104 2583 1136 2607 et
1157 2582 1276 2618 septem
1298 2576 1367 2608 illos
1390 2577 1498 2612 duces,
1517 2577 1619 2608 Adra-

958 2630 1052 2662 stum,
1070 2626 1263 2667 Polynicem,
1279 2626 1545 2668 Hippomedonta,
1556 2627 1618 2668 Ty-

958 2674 1062 2711 deum,
1087 2675 1324 2717 Amphiaraum,
1346 2675 1620 2718 Parthenopaeum,

957 2729 988 2754 et
1004 2724 1199 2766 Capaneum.
