1760 3172
399 159 705 202 TRISTIUM
741 159 861 201 LIB.
897 159 986 199 III.
1023 159 1202 200 ELEG.
1236 159 1383 200 XIII.

1501 159 1587 200 263

196 273 329 328 Quid
348 274 437 322 tibi
463 291 576 322 cum
598 275 797 322 Ponto?
836 292 954 321 num
974 283 1024 321 te
1044 290 1246 337 quoque
1275 274 1490 322 Caesaris
1517 274 1587 320 ira

262 350 555 399 Extremam
580 352 729 414 gelidi
756 352 890 398 misit
915 352 964 397 in
989 351 1122 398 orbis
1148 351 1388 398 humum?

197 427 402 476 Scilicet
426 437 692 494 exspectes
719 430 851 477 soliti
876 430 966 477 tibi
990 429 1138 476 moris
1164 429 1417 485 honorem,

263 504 492 554 Pendeat
517 523 580 554 ex
606 506 823 553 humeris
850 506 1003 553 vestis
1030 512 1086 552 ut
1111 506 1226 552 alba
1250 506 1407 553 meis?

197 581 408 630 Fumida
431 584 660 646 cingatur
684 582 977 630 florentibus
1004 599 1089 630 ara
1113 583 1343 629 coronis?
1532 586 1587 629 15

262 659 503 724 Micaque
528 661 738 709 solemni
763 661 886 708 turis
912 661 961 707 in
988 647 1103 722 igne
1129 661 1305 707 sonet?

198 734 422 801 Libaque
448 739 563 786 dem
589 755 676 802 pro
702 756 781 787 me
808 738 1025 801 genitale
1051 738 1276 785 notantia
1300 745 1497 800 tempus
1520 738 1532 782 ?

263 814 662 879 Concipiamque
688 817 844 864 bonas
871 832 954 863 ore
979 816 1175 863 favente
1201 816 1412 879 preces?

197 890 313 938 Non
339 891 408 939 ita
432 908 541 939 sum
566 892 758 956 positus
782 912 791 949 3
834 909 926 940 nec
953 900 1068 939 sunt
1093 909 1153 939 ea
1177 899 1403 956 tempora
1429 892 1588 945 nobis,

263 967 496 1017 Adventu
523 970 710 1033 possim
735 971 878 1017 laetus
904 977 959 1017 ut
984 986 1095 1017 esse
1121 977 1224 1016 tuo.

1528 973 1592 1015 20

198 1044 406 1092 Funeris
431 1062 515 1093 ara
539 1045 676 1102 mihi,
705 1046 843 1094 ferali
869 1047 1034 1094 cincta
1058 1063 1313 1110 cupresso,

265 1121 526 1178 Convenit,
554 1130 604 1170 et
629 1125 830 1171 structis
856 1125 1058 1171 flamma
1083 1131 1256 1187 parata
1278 1123 1412 1186 rogis
1433 1141 1441 1170 :

243 1272 292 1302 14.
322 1272 411 1302 Vestis
435 1279 471 1303 ut
493 1273 591 1314 alban]
619 1274 724 1310 Quam
744 1274 856 1305 indue-

195 1322 282 1357 bant,
300 1321 354 1363 qui
369 1322 506 1353 natalem
522 1323 734 1354 celebrabant.

242 1372 292 1402 15.
327 1371 460 1401 Fumida
497 1373 671 1413 cingatur]
712 1373 862 1404 Solebam

196 1420 280 1451 enim
305 1420 356 1451 die
386 1420 483 1451 natali
504 1421 652 1452 honorem
677 1422 749 1453 Diis
773 1423 861 1453 exhi-

197 1472 281 1507 bere,
297 1476 329 1501 et
339 1471 659 1513 Genio'potissimum,
672 1473 761 1515 cujus
776 1483 860 1504 aram

196 1520 286 1552 sertis
322 1525 502 1552 coronatam
539 1528 607 1553 ture
644 1523 858 1565 vaporabant:

197 1570 268 1601 Tib.
283 1569 316 1600 ii.
333 1571 363 1601 2.
380 1571 399 1601 3
413 1583 418 1600 :

171 1631 173 1633 ·
245 1619 386 1650 Urantm·
416 1621 468 1659 pia
504 1626 575 1651 tura
602 1622 696 1663 focis,
726 1630 860 1653 emuntur

283 1670 394 1700 odores.
438 1670 535 1700 Men.

245 1719 293 1749 16.
328 1718 500 1759 Μὶσαᾳιιε.]
533 1720 629 1749 Micas
660 1726 775 1750 vocant
811 1720 860 1751 vel

198 1774 330 1800 contusa
347 1779 444 1809 grana
464 1774 496 1799 et
515 1768 625 1805 fracta,
640 1769 689 1800 vel
711 1780 861 1800 concussa

199 1824 231 1850 et
245 1817 333 1850 elisa.
349 1817 433 1848 Plin.
449 1817 505 1848 xii.
519 1819 569 1849 14.
582 1818 735 1850 Columel.
750 1820 793 1849 vi.
810 1820 862 1850 30.

198 1868 388 1898 Bersmann.
435 1867 588 1897 HARLES.

243 1916 282 1947 Ιιι.
308 1919 378 1958 igne
393 1917 501 1957 sonet]
551 1917 657 1956 Crepet
681 1916 863 1954 Vossianus,

198 1973 234 1999 ut
247 1967 279 1997 in
294 1966 407 2003 Fastis,
422 1966 480 1997 lib.
495 1966 538 1996 iv.
553 1978 616 1997 ver.
633 1967 694 1997 742
711 1979 717 1996 :

245 2017 285 2048 Et
310 2023 407 2057 crepet
437 2019 470 2047 in
494 2018 602 2048 -mediis
626 2019 732 2048 laurus
756 2020 864 2048 adusta

275 2066 380 2107 focis;

199 2115 255 2147 sed
270 2115 324 2146 lib.
338 2115 380 2146 iv.
396 2115 448 2146 El.
465 2115 497 2145 ii.
514 2126 579 2146 ver.
596 2116 614 2145 4
630 2128 635 2145 ;

245 2165 385 2206 Turaque
399 2166 432 2195 in
447 2167 517 2207 igne
531 2172 628 2195 sonat.
728 2165 821 2195 MER-

200 2215 298 2246 Sonet.
323 2215 407 2245 Nam
430 2225 449 2245 a
472 2215 575 2245 sonitu
599 2220 630 2245 et
652 2214 773 2256 crepitu
801 2221 864 2245 tarn

199 2263 287 2300 turis,
321 2274 416 2305 quam
449 2263 529 2295 lauri
566 2263 755 2299 ardentium,
788 2264 864 2295 felix

200 2323 291 2344 omen
306 2313 489 2355 captabant.
534 2313 639 2343 Pom.

248 2362 299 2392 17.
326 2362 458 2403 Libaque
474 2364 539 2393 dem
554 2373 607 2401 pro
620 2361 676 2402 te.]
705 2362 781 2392 Dem
794 2373 861 2402 pro-

199 2413 266 2452 prie
286 2411 439 2453 plerique.
483 2411 545 2442 Sed
567 2411 659 2453 prim.
684 2411 776 2442 Polit.
799 2413 862 2442 dem

197 2473 254 2502 pro
276 2472 344 2498 me3
375 2461 459 2502 quod
482 2472 604 2502 sequor.
642 2462 759 2492 Hrnzs.
796 2461 866 2491 Ser-

201 2510 270 2542 vius
294 2510 412 2546 scribit,
434 2509 533 2541 libum
557 2511 735 2552 placentam
760 2510 865 2545 fuisse,

203 2571 273 2604 quae
290 2559 379 2595 farre,
396 2559 501 2595 melle,
517 2566 548 2590 et
563 2560 631 2591 oleo
646 2560 821 2595 constabat,
836 2566 867 2590 et

203 2614 277 2650 apta
295 2615 362 2639 erat
381 2608 556 2639 sacrificiis:
583 2620 683 2650 eaque
704 2609 756 2640 die
773 2609 869 2639 natali

203 2658 474 2690 discumbentibus
506 2658 739 2699 adponebatur:
779 2670 869 2690 nemo

205 2714 309 2739 autem
339 2707 423 2750 prius
452 2708 609 2745 gustabat,
639 2719 733 2749 quam
764 2708 787 2737 is
817 2708 869 2749 qui

927 1285 1017 1305 suum
1040 1273 1178 1304 natalem
1205 1274 1405 1304 celebrabat:
1432 1279 1463 1303 ct
1486 1284 1594 1304 omnes

928 1324 981 1366 qui
1012 1323 1110 1354 libum
1139 1328 1328 1364 gustassent,
1358 1324 1439 1354 bene
1474 1323 1593 1364 precari

927 1374 1098 1415 oportebat.
1148 1373 1264 1404 Genius
1280 1373 1368 1404 Deus
1384 1378 1441 1409 est,
1458 1373 1547 1414 cujus
1563 1373 1593 1402 in

928 1424 1037 1460 tutela,
1068 1428 1102 1454 ut
1127 1423 1261 1464 quisque
1289 1429 1381 1453 natus
1407 1428 1464 1459 est,
1497 1423 1591 1453 vivit:

929 1473 993 1503 sive
1023 1472 1108 1515 quod
1138 1483 1193 1503 nos
1226 1473 1347 1513 genitos
1380 1472 1529 1514 suscipiat
1559 1483 1594 1503 ac

930 1527 1065 1553 tueatur.

976 1573 1024 1601 18.
1043 1571 1266 1613 Orefavente.]
1287 1570 1509 1612 Εὐφημυῖιιντι.
1536 1572 1593 1602 Fa-

930 1630 999 1651 vere
1016 1625 1120 1651 autem
1136 1626 1182 1650 est
1196 1620 1279 1650 bona
1296 1619 1363 1649 fari.

975 1671 1024 1700 19.
1052 1670 1120 1700 Non
1144 1672 1185 1699 ita
1211 1681 1274 1699 sum
1289 1670 1424 1708 p‹›situs;
1452 1682 1506 1700 mm
1525 1678 1593 1701 sunt

929 1732 961 1749 ea
983 1726 1111 1759 tempora
1137 1719 1244 1759 nobis]
1275 1719 1344 1748 Nun
1369 1721 1411 1748 ita
1432 1721 1595 1758 subpositus

930 1769 1020 1810 prim.
1040 1768 1188 1799 Vatican.
1215 1768 1329 1799 Versus
1353 1773 1397 1799 est
1425 1776 1480 1799 aut
1508 1779 1595 1799 men-

930 1818 1035 1855 dosus,
1059 1824 1113 1849 aut
1138 1818 1358 1855 adulteratus;
1392 1818 1595 1849 Hafniensis:

930 1880 984 1898 ‘nec
1004 1875 1075 1898 sunt
1104 1874 1164 1898 tam
1187 1879 1327 1908 prospera
1352 1869 1441 1898 nobis.
1480 1868 1597 1898 HErNs.

932 1918 979 1947 Ex
1004 1917 1070 1959 ipso
1096 1918 1191 1947 verbo
1213 1919 1324 1957 positus
1347 1916 1453 1947 Ovidii
1482 1918 1597 1947 intelli*

931 1966 1014 2007 gitur
1032 1965 1176 1997 exsilium
1200 1972 1232 1997 et
1249 1966 1357 1996 infelix
1377 1966 1524 1997 conditio.
1549 1968 1599 1997 Ita

932 2016 1043 2046 Horat.
1057 2015 1077 2045 i.
1093 2015 1156 2046 Od.
1171 2015 1247 2046 xxii.
1266 2026 1329 2046 ver.
1350 2016 1397 2046 17.
1413 2026 1461 2056 sq.

976 2066 1060 2096 Pone
1076 2076 1129 2101 me,
1145 2067 1239 2107 pigris
1254 2066 1304 2095 nbi
1321 2066 1408 2096 milla
1423 2068 1533 2104 campis

978 2115 1074 2144 Arbor
1088 2116 1190 2145 ffstiva
1207 2120 1362 2144 recreatur
1377 2126 1452 2144 mira
1466 2127 1473 2150 ,-

933 2170 964 2195 et
981 2164 1057 2195 ibid.

978 2215 1060 2244 Pone
1085 2216 1138 2244 sub
1164 2225 1259 2244 curru
1290 2215 1414 2243 nimium.
1439 2217 1597 2254 propznqui

1020 2264 1096 2293 Solis
1111 2275 1120 2299 ,”

934 2312 1052 2343 Lucan.
1069 2324 1099 2342 v.
1115 2312 1190 2342 734.
1205 2322 1253 2352 sq.

1150 2367 1298 2391 notescent
1317 2361 1404 2390 litora
1421 2362 1499 2390 clari

979 2411 1116 2440 Nominis
1131 2411 1244 2443 exsilio,
1256 2411 1408 2449 positaque
1421 2410 1459 2439 ibi
1473 2413 1600 2451 conjuge

1438 2459 1554 2489 Brun.

977 2510 1031 2539 21.
1058 2509 1188 2539 Funeris
1210 2520 1265 2538 ara
1290 2508 1482 2549 milzi.ferali
1500 2510 1599 2539 cincta

935 2559 1106 2598 suprema]
1147 2559 1289 2598 Cnpresso
1511 2558 1600 2589 Malo

935 2608 1027 2638 etiarn
1054 2608 1201 2638 Funebris
1220 2620 1294 2637 ara:
1320 2607 1363 2637 sic
1376 2607 1524 2649 jiznohres
1547 2615 1607 2638 ηιμ

1022 2460 1143 2501 BIagni.

1320 2558 1473 2589 meliores.

935 2669 1043 2697 pressos
1065 2664 1095 2687 et.
1110 2658 1246 2699 szzncbre
1267 2658 1389 2692 hellam,
1413 2656 1515 2687 media
1539 2658 1601 2697 syl-

936 2707 1010 2737 laba
1025 2713 1177 2748 correpta.
1195 2707 1272 2736 dixit
1292 2706 1460 2737 Horatius:
1486 2705 1594 2746 ⁵5⁴1&-

1068 2758 1087 2785 S
1106 2758 1122 2785 4
