<?xml version="1.0" encoding="UTF-8"?>
<!DOCTYPE html PUBLIC "-//W3C//DTD XHTML 1.0 Transitional//EN"
    "http://www.w3.org/TR/xhtml1/DTD/xhtml1-transitional.dtd">
<html xmlns="http://www.w3.org/1999/xhtml" xml:lang="en" lang="en">
 <head>
  <title>
</title>
<meta http-equiv="Content-Type" content="text/html;charset=utf-8" />
  <meta name='ocr-system' content='tesseract 3.04.00' />
  <meta name='ocr-capabilities' content='ocr_page ocr_carea ocr_par ocr_line ocrx_word'/>
</head>
<body>
  <div class='ocr_page' id='page_1' title='image "./povidiinasonisop02oviduoft_0075.png"; bbox 0 0 1760 3172; ppageno 0'>
   <div class='ocr_carea' id='block_1_1' title="bbox 406 187 1534 232">
    <p class='ocr_par' dir='ltr' id='par_1_1' title="bbox 406 187 1534 232">
     <span class='ocr_line' id='line_1_1' title="bbox 406 187 1534 232; baseline -0.004 0"><span class='ocrx_word' id='word_1_1' title='bbox 406 189 592 232; x_wconf 88' lang='lat' dir='ltr'>ARTIS</span> <span class='ocrx_word' id='word_1_2' title='bbox 627 187 984 230; x_wconf 81' lang='lat' dir='ltr'><strong>AMATORIAE</strong></span> <span class='ocrx_word' id='word_1_3' title='bbox 1018 187 1137 228; x_wconf 93' lang='lat' dir='ltr'>LIB.</span> <span class='ocrx_word' id='word_1_4' title='bbox 1172 188 1262 229; x_wconf 88' lang='lat' dir='ltr'>III.</span> <span class='ocrx_word' id='word_1_5' title='bbox 1478 189 1534 229; x_wconf 83' lang='lat'>65</span> 
     </span>
    </p>
   </div>
   <div class='ocr_carea' id='block_1_2' title="bbox 124 302 1524 833">
    <p class='ocr_par' dir='ltr' id='par_1_2' title="bbox 130 302 1481 444">
     <span class='ocr_line' id='line_1_2' title="bbox 130 302 1481 367; baseline -0.001 -15"><span class='ocrx_word' id='word_1_6' title='bbox 130 306 229 355; x_wconf 85' lang='lat' dir='ltr'>Sed</span> <span class='ocrx_word' id='word_1_7' title='bbox 255 306 397 354; x_wconf 86' lang='lat' dir='ltr'>famae</span> <span class='ocrx_word' id='word_1_8' title='bbox 422 305 625 367; x_wconf 86' lang='lat' dir='ltr'>vigilare</span> <span class='ocrx_word' id='word_1_9' title='bbox 644 305 809 367; x_wconf 85' lang='lat' dir='ltr'>juvet:</span> <span class='ocrx_word' id='word_1_10' title='bbox 852 303 964 367; x_wconf 90' lang='lat' dir='ltr'>quis</span> <span class='ocrx_word' id='word_1_11' title='bbox 990 310 1163 350; x_wconf 87' lang='lat' dir='ltr'>nosset</span> <span class='ocrx_word' id='word_1_12' title='bbox 1190 302 1481 361; x_wconf 77' lang='lat' dir='ltr'>Homerum,</span> 
     </span>
     <span class='ocr_line' id='line_1_3' title="bbox 194 381 1088 444; baseline -0.006 -13"><span class='ocrx_word' id='word_1_13' title='bbox 194 383 312 431; x_wconf 85' lang='lat' dir='ltr'>Ilias</span> <span class='ocrx_word' id='word_1_14' title='bbox 339 390 581 430; x_wconf 79' lang='lat' dir='ltr'>aeternum</span> <span class='ocrx_word' id='word_1_15' title='bbox 608 381 648 428; x_wconf 91' lang='lat' dir='ltr'>si</span> <span class='ocrx_word' id='word_1_16' title='bbox 676 381 908 428; x_wconf 84' lang='lat' dir='ltr'>latuisset</span> <span class='ocrx_word' id='word_1_17' title='bbox 933 381 1088 444; x_wconf 76' lang='lat' dir='ltr'>opus?</span> 
     </span>
    </p>

    <p class='ocr_par' dir='ltr' id='par_1_3' title="bbox 126 455 1524 601">
     <span class='ocr_line' id='line_1_4' title="bbox 126 455 1524 521; baseline -0.003 -13"><span class='ocrx_word' id='word_1_18' title='bbox 126 461 250 516; x_wconf 91' lang='lat' dir='ltr'>Quis</span> <span class='ocrx_word' id='word_1_19' title='bbox 274 460 480 508; x_wconf 70' lang='lat' dir='ltr'>Danaen</span> <span class='ocrx_word' id='word_1_20' title='bbox 507 463 695 513; x_wconf 88' lang='lat' dir='ltr'>nosset,</span> <span class='ocrx_word' id='word_1_21' title='bbox 719 457 760 504; x_wconf 91' lang='lat' dir='ltr'>si</span> <span class='ocrx_word' id='word_1_22' title='bbox 787 472 985 521; x_wconf 77' lang='lat' dir='ltr'>semper</span> <span class='ocrx_word' id='word_1_23' title='bbox 1004 457 1178 503; x_wconf 88' lang='lat' dir='ltr'>clausa</span> <span class='ocrx_word' id='word_1_24' title='bbox 1196 455 1401 513; x_wconf 85' lang='lat' dir='ltr'>fuisset;</span> <span class='ocrx_word' id='word_1_25' title='bbox 1426 460 1524 504; x_wconf 75' lang='lat'>415</span> 
     </span>
     <span class='ocr_line' id='line_1_5' title="bbox 193 535 1158 601; baseline -0.004 -16"><span class='ocrx_word' id='word_1_26' title='bbox 193 538 356 601; x_wconf 88' lang='lat' dir='ltr'>Inque</span> <span class='ocrx_word' id='word_1_27' title='bbox 382 538 474 584; x_wconf 76' lang='lat' dir='ltr'>sua</span> <span class='ocrx_word' id='word_1_28' title='bbox 501 536 623 583; x_wconf 84' lang='lat' dir='ltr'>turri</span> <span class='ocrx_word' id='word_1_29' title='bbox 649 535 973 600; x_wconf 86' lang='lat' dir='ltr'>perlatuisset</span> <span class='ocrx_word' id='word_1_30' title='bbox 998 535 1158 582; x_wconf 77' lang='lat' dir='ltr'>anus?</span> 
     </span>
    </p>

    <p class='ocr_par' dir='ltr' id='par_1_4' title="bbox 127 612 1251 756">
     <span class='ocr_line' id='line_1_6' title="bbox 127 612 1251 676; baseline -0.002 -15"><span class='ocrx_word' id='word_1_31' title='bbox 127 614 279 663; x_wconf 88' lang='lat' dir='ltr'>Utilis</span> <span class='ocrx_word' id='word_1_32' title='bbox 305 621 383 662; x_wconf 87' lang='lat' dir='ltr'>est</span> <span class='ocrx_word' id='word_1_33' title='bbox 406 613 562 669; x_wconf 85' lang='lat' dir='ltr'>vobis,</span> <span class='ocrx_word' id='word_1_34' title='bbox 589 613 833 669; x_wconf 84' lang='lat' dir='ltr'>formosae,</span> <span class='ocrx_word' id='word_1_35' title='bbox 862 613 1023 668; x_wconf 83' lang='lat' dir='ltr'>turba,</span> <span class='ocrx_word' id='word_1_36' title='bbox 1052 612 1251 676; x_wconf 87' lang='lat' dir='ltr'>puellae.</span> 
     </span>
     <span class='ocr_line' id='line_1_7' title="bbox 195 690 1216 756; baseline -0.003 -16"><span class='ocrx_word' id='word_1_37' title='bbox 195 693 340 756; x_wconf 80' lang='lat' dir='ltr'>Saepe</span> <span class='ocrx_word' id='word_1_38' title='bbox 364 708 516 754; x_wconf 81' lang='lat' dir='ltr'>vagos</span> <span class='ocrx_word' id='word_1_39' title='bbox 542 692 674 738; x_wconf 84' lang='lat' dir='ltr'>ultra</span> <span class='ocrx_word' id='word_1_40' title='bbox 697 691 869 738; x_wconf 86' lang='lat' dir='ltr'>limina</span> <span class='ocrx_word' id='word_1_41' title='bbox 892 691 1017 739; x_wconf 87' lang='lat' dir='ltr'>ferte</span> <span class='ocrx_word' id='word_1_42' title='bbox 1043 690 1216 754; x_wconf 89' lang='lat' dir='ltr'>pedes.</span> 
     </span>
    </p>

    <p class='ocr_par' dir='ltr' id='par_1_5' title="bbox 124 768 1467 833">
     <span class='ocr_line' id='line_1_8' title="bbox 124 768 1467 833; baseline -0.002 -17"><span class='ocrx_word' id='word_1_43' title='bbox 124 770 203 816; x_wconf 88' lang='lat' dir='ltr'>Ad</span> <span class='ocrx_word' id='word_1_44' title='bbox 230 770 413 816; x_wconf 90' lang='lat' dir='ltr'>multas</span> <span class='ocrx_word' id='word_1_45' title='bbox 436 769 558 833; x_wconf 89' lang='lat' dir='ltr'>lupa</span> <span class='ocrx_word' id='word_1_46' title='bbox 582 768 746 816; x_wconf 85' lang='lat' dir='ltr'>tendit</span> <span class='ocrx_word' id='word_1_47' title='bbox 769 785 903 825; x_wconf 85' lang='lat' dir='ltr'>oves,</span> <span class='ocrx_word' id='word_1_48' title='bbox 931 768 1183 833; x_wconf 72' lang='lat' dir='ltr'>praedetur</span> <span class='ocrx_word' id='word_1_49' title='bbox 1208 774 1264 814; x_wconf 88' lang='lat' dir='ltr'>ut</span> <span class='ocrx_word' id='word_1_50' title='bbox 1290 782 1467 814; x_wconf 87' lang='lat' dir='ltr'>unam:</span> 
     </span>
    </p>
   </div>
   <div class='ocr_carea' id='block_1_3' title="bbox 195 845 1226 894">
    <p class='ocr_par' dir='ltr' id='par_1_6' title="bbox 195 845 1226 894">
     <span class='ocr_line' id='line_1_9' title="bbox 195 845 1226 894; baseline -0.002 0"><span class='ocrx_word' id='word_1_51' title='bbox 195 846 262 894; x_wconf 83' lang='lat' dir='ltr'>Et</span> <span class='ocrx_word' id='word_1_52' title='bbox 285 846 314 893; x_wconf 90' lang='lat' dir='ltr'><strong>J</strong></span> <span class='ocrx_word' id='word_1_53' title='bbox 320 846 423 894; x_wconf 88' lang='lat' dir='ltr'>ovis</span> <span class='ocrx_word' id='word_1_54' title='bbox 450 846 500 893; x_wconf 91' lang='lat' dir='ltr'>in</span> <span class='ocrx_word' id='word_1_55' title='bbox 525 846 709 893; x_wconf 86' lang='lat' dir='ltr'>multas</span> <span class='ocrx_word' id='word_1_56' title='bbox 736 845 936 893; x_wconf 84' lang='lat' dir='ltr'>devolat</span> <span class='ocrx_word' id='word_1_57' title='bbox 963 846 1067 893; x_wconf 88' lang='lat' dir='ltr'>ales</span> <span class='ocrx_word' id='word_1_58' title='bbox 1094 861 1226 892; x_wconf 81' lang='lat' dir='ltr'>aves,</span> 
     </span>
    </p>
   </div>
   <div class='ocr_carea' id='block_1_4' title="bbox 1426 847 1525 890">
    <p class='ocr_par' dir='ltr' id='par_1_7' title="bbox 1426 847 1525 890">
     <span class='ocr_line' id='line_1_10' title="bbox 1426 847 1525 890; baseline -0.02 0"><span class='ocrx_word' id='word_1_59' title='bbox 1426 847 1525 890; x_wconf 77' lang='lat'>420</span> 
     </span>
    </p>
   </div>
   <div class='ocr_carea' id='block_1_5' title="bbox 128 920 1518 1297">
    <p class='ocr_par' dir='ltr' id='par_1_8' title="bbox 128 920 1518 1297">
     <span class='ocr_line' id='line_1_11' title="bbox 128 920 1518 987; baseline -0.004 -15"><span class='ocrx_word' id='word_1_60' title='bbox 128 924 194 972; x_wconf 84' lang='lat' dir='ltr'>Se</span> <span class='ocrx_word' id='word_1_61' title='bbox 220 940 422 987; x_wconf 92' lang='lat' dir='ltr'>quoque</span> <span class='ocrx_word' id='word_1_62' title='bbox 447 923 535 972; x_wconf 84' lang='lat' dir='ltr'>det</span> <span class='ocrx_word' id='word_1_63' title='bbox 559 923 745 987; x_wconf 93' lang='lat' dir='ltr'>populo</span> <span class='ocrx_word' id='word_1_64' title='bbox 771 922 950 970; x_wconf 90' lang='lat' dir='ltr'>mulier</span> <span class='ocrx_word' id='word_1_65' title='bbox 975 922 1205 986; x_wconf 87' lang='lat' dir='ltr'>speciosa</span> <span class='ocrx_word' id='word_1_66' title='bbox 1224 920 1518 969; x_wconf 87' lang='lat' dir='ltr'>videndam:</span> 
     </span>
     <span class='ocr_line' id='line_1_12' title="bbox 194 998 1342 1057; baseline -0.001 -10"><span class='ocrx_word' id='word_1_67' title='bbox 194 1000 356 1056; x_wconf 82' lang='lat' dir='ltr'>Quem</span> <span class='ocrx_word' id='word_1_68' title='bbox 382 1001 564 1057; x_wconf 83' lang='lat' dir='ltr'>trahat,</span> <span class='ocrx_word' id='word_1_69' title='bbox 591 1017 619 1048; x_wconf 90' lang='lat' dir='ltr'>e</span> <span class='ocrx_word' id='word_1_70' title='bbox 644 1000 815 1048; x_wconf 89' lang='lat' dir='ltr'>multis</span> <span class='ocrx_word' id='word_1_71' title='bbox 842 999 1050 1047; x_wconf 80' lang='lat' dir='ltr'>forsitan</span> <span class='ocrx_word' id='word_1_72' title='bbox 1077 1016 1206 1047; x_wconf 91' lang='lat' dir='ltr'>unus</span> <span class='ocrx_word' id='word_1_73' title='bbox 1234 998 1342 1046; x_wconf 85' lang='lat' dir='ltr'>erit.</span> 
     </span>
     <span class='ocr_line' id='line_1_13' title="bbox 128 1075 1400 1141; baseline -0.003 -16"><span class='ocrx_word' id='word_1_74' title='bbox 128 1078 374 1126; x_wconf 84' lang='lat' dir='ltr'>Omnibus</span> <span class='ocrx_word' id='word_1_75' title='bbox 398 1078 485 1126; x_wconf 88' lang='lat' dir='ltr'>illa</span> <span class='ocrx_word' id='word_1_76' title='bbox 507 1078 632 1125; x_wconf 87' lang='lat' dir='ltr'>locis</span> <span class='ocrx_word' id='word_1_77' title='bbox 658 1085 860 1126; x_wconf 85' lang='lat' dir='ltr'>maneat</span> <span class='ocrx_word' id='word_1_78' title='bbox 885 1077 1113 1125; x_wconf 87' lang='lat' dir='ltr'>studiosa</span> <span class='ocrx_word' id='word_1_79' title='bbox 1138 1075 1371 1141; x_wconf 83' lang='lat' dir='ltr'>placendi</span> <span class='ocrx_word' id='word_1_80' title='bbox 1392 1093 1400 1122; x_wconf 90' lang='lat'>:</span> 
     </span>
     <span class='ocr_line' id='line_1_14' title="bbox 195 1155 1170 1217; baseline -0.001 -15"><span class='ocrx_word' id='word_1_81' title='bbox 195 1155 261 1203; x_wconf 89' lang='lat' dir='ltr'>Et</span> <span class='ocrx_word' id='word_1_82' title='bbox 286 1172 459 1203; x_wconf 83' lang='lat' dir='ltr'>curam</span> <span class='ocrx_word' id='word_1_83' title='bbox 483 1157 591 1203; x_wconf 70' lang='lat' dir='ltr'>tota</span> <span class='ocrx_word' id='word_1_84' title='bbox 618 1163 786 1204; x_wconf 87' lang='lat' dir='ltr'>mente</span> <span class='ocrx_word' id='word_1_85' title='bbox 813 1155 1010 1204; x_wconf 86' lang='lat' dir='ltr'>decoris</span> <span class='ocrx_word' id='word_1_86' title='bbox 1037 1162 1170 1217; x_wconf 83' lang='lat' dir='ltr'>agat.</span> 
     </span>
     <span class='ocr_line' id='line_1_15' title="bbox 128 1231 1503 1297; baseline -0.004 -17"><span class='ocrx_word' id='word_1_87' title='bbox 128 1233 290 1281; x_wconf 86' lang='lat' dir='ltr'>Casus</span> <span class='ocrx_word' id='word_1_88' title='bbox 314 1233 503 1296; x_wconf 88' lang='lat' dir='ltr'>ubique</span> <span class='ocrx_word' id='word_1_89' title='bbox 527 1234 682 1281; x_wconf 87' lang='lat' dir='ltr'>valet:</span> <span class='ocrx_word' id='word_1_90' title='bbox 726 1249 924 1297; x_wconf 87' lang='lat' dir='ltr'>semper</span> <span class='ocrx_word' id='word_1_91' title='bbox 948 1232 1039 1280; x_wconf 89' lang='lat' dir='ltr'>tibi</span> <span class='ocrx_word' id='word_1_92' title='bbox 1063 1231 1284 1296; x_wconf 79' lang='lat' dir='ltr'>pendeat</span> <span class='ocrx_word' id='word_1_93' title='bbox 1310 1231 1503 1277; x_wconf 90' lang='lat' dir='ltr'>hamus.</span> 
     </span>
    </p>
   </div>
   <div class='ocr_carea' id='block_1_6' title="bbox 193 1308 1291 1373">
    <p class='ocr_par' dir='ltr' id='par_1_9' title="bbox 193 1308 1291 1373">
     <span class='ocr_line' id='line_1_16' title="bbox 193 1308 1291 1373; baseline -0.003 -16"><span class='ocrx_word' id='word_1_94' title='bbox 193 1310 305 1365; x_wconf 92' lang='lat' dir='ltr'>Quo</span> <span class='ocrx_word' id='word_1_95' title='bbox 330 1311 534 1359; x_wconf 89' lang='lat' dir='ltr'>minime</span> <span class='ocrx_word' id='word_1_96' title='bbox 559 1311 735 1359; x_wconf 85' lang='lat' dir='ltr'>credas</span> <span class='ocrx_word' id='word_1_97' title='bbox 760 1310 974 1373; x_wconf 82' lang='lat' dir='ltr'>gurgite,</span> <span class='ocrx_word' id='word_1_98' title='bbox 1003 1309 1156 1373; x_wconf 84' lang='lat' dir='ltr'>piscis</span> <span class='ocrx_word' id='word_1_99' title='bbox 1182 1308 1291 1356; x_wconf 91' lang='lat' dir='ltr'>erit.</span> 
     </span>
    </p>
   </div>
   <div class='ocr_carea' id='block_1_7' title="bbox 1424 1308 1521 1352">
    <p class='ocr_par' dir='ltr' id='par_1_10' title="bbox 1424 1308 1521 1352">
     <span class='ocr_line' id='line_1_17' title="bbox 1424 1308 1521 1352; baseline 0 0"><span class='ocrx_word' id='word_1_100' title='bbox 1424 1308 1521 1352; x_wconf 78' lang='lat'>426</span> 
     </span>
    </p>
   </div>
   <div class='ocr_carea' id='block_1_8' title="bbox 126 1387 1511 1605">
    <p class='ocr_par' dir='ltr' id='par_1_11' title="bbox 126 1387 1511 1605">
     <span class='ocr_line' id='line_1_18' title="bbox 128 1387 1456 1452; baseline -0.003 -18"><span class='ocrx_word' id='word_1_101' title='bbox 128 1387 273 1452; x_wconf 86' lang='lat' dir='ltr'>Saepe</span> <span class='ocrx_word' id='word_1_102' title='bbox 298 1404 449 1436; x_wconf 87' lang='lat' dir='ltr'>canes</span> <span class='ocrx_word' id='word_1_103' title='bbox 473 1388 657 1436; x_wconf 87' lang='lat' dir='ltr'>frustra</span> <span class='ocrx_word' id='word_1_104' title='bbox 682 1388 959 1436; x_wconf 86' lang='lat' dir='ltr'>nemorosis</span> <span class='ocrx_word' id='word_1_105' title='bbox 986 1387 1240 1434; x_wconf 86' lang='lat' dir='ltr'>montibus</span> <span class='ocrx_word' id='word_1_106' title='bbox 1266 1390 1456 1432; x_wconf 87' lang='lat' dir='ltr'>errant:</span> 
     </span>
     <span class='ocr_line' id='line_1_19' title="bbox 191 1462 1332 1529; baseline -0.003 -18"><span class='ocrx_word' id='word_1_107' title='bbox 191 1464 354 1528; x_wconf 89' lang='lat' dir='ltr'>Inque</span> <span class='ocrx_word' id='word_1_108' title='bbox 379 1466 580 1529; x_wconf 80' lang='lat' dir='ltr'>plagam</span> <span class='ocrx_word' id='word_1_109' title='bbox 605 1467 742 1513; x_wconf 91' lang='lat' dir='ltr'>nullo</span> <span class='ocrx_word' id='word_1_110' title='bbox 768 1482 943 1513; x_wconf 86' lang='lat' dir='ltr'>cervus</span> <span class='ocrx_word' id='word_1_111' title='bbox 970 1471 1152 1526; x_wconf 80' lang='lat' dir='ltr'>agente</span> <span class='ocrx_word' id='word_1_112' title='bbox 1179 1462 1332 1510; x_wconf 84' lang='lat' dir='ltr'>cadit.</span> 
     </span>
     <span class='ocr_line' id='line_1_20' title="bbox 126 1539 1511 1605; baseline -0.004 -17"><span class='ocrx_word' id='word_1_113' title='bbox 126 1541 260 1596; x_wconf 92' lang='lat' dir='ltr'>Quid</span> <span class='ocrx_word' id='word_1_114' title='bbox 285 1541 449 1589; x_wconf 89' lang='lat' dir='ltr'>minus</span> <span class='ocrx_word' id='word_1_115' title='bbox 475 1542 811 1590; x_wconf 83' lang='lat' dir='ltr'>Andromedae</span> <span class='ocrx_word' id='word_1_116' title='bbox 837 1541 1001 1590; x_wconf 88' lang='lat' dir='ltr'>fuerat</span> <span class='ocrx_word' id='word_1_117' title='bbox 1027 1556 1227 1605; x_wconf 86' lang='lat' dir='ltr'>sperare</span> <span class='ocrx_word' id='word_1_118' title='bbox 1254 1539 1511 1592; x_wconf 85' lang='lat' dir='ltr'>revinctae,</span> 
     </span>
    </p>
   </div>
   <div class='ocr_carea' id='block_1_9' title="bbox 192 1617 1300 1684">
    <p class='ocr_par' dir='ltr' id='par_1_12' title="bbox 192 1617 1300 1684">
     <span class='ocr_line' id='line_1_21' title="bbox 192 1617 1300 1684; baseline -0.003 -18"><span class='ocrx_word' id='word_1_119' title='bbox 192 1618 356 1674; x_wconf 89' lang='lat' dir='ltr'>Quam</span> <span class='ocrx_word' id='word_1_120' title='bbox 381 1619 611 1667; x_wconf 82' lang='lat' dir='ltr'>lacrimas</span> <span class='ocrx_word' id='word_1_121' title='bbox 636 1620 722 1667; x_wconf 90' lang='lat' dir='ltr'>ulli</span> <span class='ocrx_word' id='word_1_122' title='bbox 749 1636 897 1684; x_wconf 90' lang='lat' dir='ltr'>posse</span> <span class='ocrx_word' id='word_1_123' title='bbox 924 1620 1123 1684; x_wconf 86' lang='lat' dir='ltr'>placere</span> <span class='ocrx_word' id='word_1_124' title='bbox 1151 1617 1300 1665; x_wconf 79' lang='lat' dir='ltr'>suas?</span> 
     </span>
    </p>
   </div>
   <div class='ocr_carea' id='block_1_10' title="bbox 1428 1618 1526 1661">
    <p class='ocr_par' dir='ltr' id='par_1_13' title="bbox 1428 1618 1526 1661">
     <span class='ocr_line' id='line_1_22' title="bbox 1428 1618 1526 1661; baseline -0.01 0"><span class='ocrx_word' id='word_1_125' title='bbox 1428 1618 1526 1661; x_wconf 80' lang='lat'>430</span> 
     </span>
    </p>
   </div>
   <div class='ocr_carea' id='block_1_11' title="bbox 127 1694 1418 1993">
    <p class='ocr_par' dir='ltr' id='par_1_14' title="bbox 127 1694 1316 1830">
     <span class='ocr_line' id='line_1_23' title="bbox 127 1694 1316 1761; baseline -0.002 -19"><span class='ocrx_word' id='word_1_126' title='bbox 127 1695 321 1744; x_wconf 90' lang='lat' dir='ltr'>Funere</span> <span class='ocrx_word' id='word_1_127' title='bbox 346 1712 480 1761; x_wconf 86' lang='lat' dir='ltr'>saepe</span> <span class='ocrx_word' id='word_1_128' title='bbox 505 1696 594 1743; x_wconf 91' lang='lat' dir='ltr'>viri</span> <span class='ocrx_word' id='word_1_129' title='bbox 619 1697 690 1745; x_wconf 86' lang='lat' dir='ltr'>vir</span> <span class='ocrx_word' id='word_1_130' title='bbox 715 1697 970 1761; x_wconf 74' lang='lat' dir='ltr'>quaeritur.</span> <span class='ocrx_word' id='word_1_131' title='bbox 1012 1696 1111 1744; x_wconf 87' lang='lat' dir='ltr'>isse</span> <span class='ocrx_word' id='word_1_132' title='bbox 1138 1694 1316 1742; x_wconf 88' lang='lat' dir='ltr'>solutis</span> 
     </span>
     <span class='ocr_line' id='line_1_24' title="bbox 193 1773 1281 1830; baseline -0.002 -10"><span class='ocrx_word' id='word_1_133' title='bbox 193 1773 445 1830; x_wconf 87' lang='lat' dir='ltr'>Crinibus,</span> <span class='ocrx_word' id='word_1_134' title='bbox 473 1781 524 1822; x_wconf 88' lang='lat' dir='ltr'>et</span> <span class='ocrx_word' id='word_1_135' title='bbox 548 1775 698 1823; x_wconf 85' lang='lat' dir='ltr'>fletus</span> <span class='ocrx_word' id='word_1_136' title='bbox 724 1791 822 1822; x_wconf 92' lang='lat' dir='ltr'>non</span> <span class='ocrx_word' id='word_1_137' title='bbox 848 1773 1088 1829; x_wconf 87' lang='lat' dir='ltr'>tenuisse,</span> <span class='ocrx_word' id='word_1_138' title='bbox 1117 1773 1281 1820; x_wconf 83' lang='lat' dir='ltr'>decet.</span> 
     </span>
    </p>

    <p class='ocr_par' dir='ltr' id='par_1_15' title="bbox 129 1848 1418 1993">
     <span class='ocr_line' id='line_1_25' title="bbox 129 1848 1418 1914; baseline -0.003 -16"><span class='ocrx_word' id='word_1_139' title='bbox 129 1851 230 1899; x_wconf 84' lang='lat' dir='ltr'>Sed</span> <span class='ocrx_word' id='word_1_140' title='bbox 253 1851 408 1900; x_wconf 86' lang='lat' dir='ltr'>vitate</span> <span class='ocrx_word' id='word_1_141' title='bbox 432 1852 562 1900; x_wconf 85' lang='lat' dir='ltr'>Viros</span> <span class='ocrx_word' id='word_1_142' title='bbox 587 1853 781 1899; x_wconf 85' lang='lat' dir='ltr'>cultum</span> <span class='ocrx_word' id='word_1_143' title='bbox 804 1852 1116 1914; x_wconf 85' lang='lat' dir='ltr'>formamque</span> <span class='ocrx_word' id='word_1_144' title='bbox 1142 1848 1418 1914; x_wconf 82' lang='lat' dir='ltr'>professos;</span> 
     </span>
     <span class='ocr_line' id='line_1_26' title="bbox 193 1927 1286 1993; baseline -0.004 -17"><span class='ocrx_word' id='word_1_145' title='bbox 193 1927 393 1992; x_wconf 82' lang='lat' dir='ltr'>Quique</span> <span class='ocrx_word' id='word_1_146' title='bbox 420 1945 536 1976; x_wconf 88' lang='lat' dir='ltr'>suas</span> <span class='ocrx_word' id='word_1_147' title='bbox 561 1937 757 1993; x_wconf 87' lang='lat' dir='ltr'>ponunt</span> <span class='ocrx_word' id='word_1_148' title='bbox 781 1930 830 1975; x_wconf 90' lang='lat' dir='ltr'>in</span> <span class='ocrx_word' id='word_1_149' title='bbox 858 1929 1074 1976; x_wconf 87' lang='lat' dir='ltr'>stat&#39;one</span> <span class='ocrx_word' id='word_1_150' title='bbox 1100 1942 1286 1974; x_wconf 88' lang='lat' dir='ltr'>comas.</span> 
     </span>
    </p>
   </div>
   <div class='ocr_carea' id='block_1_12' title="bbox 125 2160 793 2836">
    <p class='ocr_par' dir='ltr' id='par_1_16' title="bbox 125 2160 792 2488">
     <span class='ocr_line' id='line_1_27' title="bbox 169 2160 788 2204; baseline 0.003 -14"><span class='ocrx_word' id='word_1_151' title='bbox 169 2161 245 2192; x_wconf 86' lang='lat'>413.</span> <span class='ocrx_word' id='word_1_152' title='bbox 276 2160 332 2192; x_wconf 79' lang='lat' dir='ltr'>Sed</span> <span class='ocrx_word' id='word_1_153' title='bbox 352 2161 448 2204; x_wconf 81' lang='lat' dir='ltr'>famae</span> <span class='ocrx_word' id='word_1_154' title='bbox 483 2162 645 2203; x_wconf 71' lang='lat' dir='ltr'>invigilare</span> <span class='ocrx_word' id='word_1_155' title='bbox 665 2161 788 2202; x_wconf 51' lang='lat' dir='ltr'>javan]</span> 
     </span>
     <span class='ocr_line' id='line_1_28' title="bbox 130 2209 792 2253; baseline 0.003 -14"><span class='ocrx_word' id='word_1_156' title='bbox 130 2209 263 2252; x_wconf 84' lang='lat' dir='ltr'>Vigilare</span> <span class='ocrx_word' id='word_1_157' title='bbox 292 2210 399 2253; x_wconf 88' lang='lat' dir='ltr'>scripti</span> <span class='ocrx_word' id='word_1_158' title='bbox 427 2210 564 2252; x_wconf 87' lang='lat' dir='ltr'>potiores</span> <span class='ocrx_word' id='word_1_159' title='bbox 591 2221 663 2241; x_wconf 88' lang='lat' dir='ltr'>cum</span> <span class='ocrx_word' id='word_1_160' title='bbox 691 2211 792 2253; x_wconf 67' lang='lat' dir='ltr'>prima</span> 
     </span>
     <span class='ocr_line' id='line_1_29' title="bbox 125 2259 791 2302; baseline 0.002 -13"><span class='ocrx_word' id='word_1_161' title='bbox 125 2259 273 2291; x_wconf 83' lang='lat' dir='ltr'>editione.</span> <span class='ocrx_word' id='word_1_162' title='bbox 303 2259 457 2302; x_wconf 89' lang='lat' dir='ltr'>quomodo</span> <span class='ocrx_word' id='word_1_163' title='bbox 486 2260 570 2301; x_wconf 85' lang='lat' dir='ltr'>apud</span> <span class='ocrx_word' id='word_1_164' title='bbox 594 2259 791 2302; x_wconf 86' lang='lat' dir='ltr'>Propertium</span> 
     </span>
     <span class='ocr_line' id='line_1_30' title="bbox 125 2308 789 2351; baseline 0.002 -12"><span class='ocrx_word' id='word_1_165' title='bbox 125 2308 159 2340; x_wconf 85' lang='lat' dir='ltr'>ii.</span> <span class='ocrx_word' id='word_1_166' title='bbox 189 2309 282 2351; x_wconf 81' lang='lat' dir='ltr'>Eleg.</span> <span class='ocrx_word' id='word_1_167' title='bbox 312 2311 344 2341; x_wconf 85' lang='lat'>2.</span> <span class='ocrx_word' id='word_1_168' title='bbox 373 2311 480 2340; x_wconf 76' lang='lat' dir='ltr'>studiis</span> <span class='ocrx_word' id='word_1_169' title='bbox 508 2311 637 2351; x_wconf 81' lang='lat' dir='ltr'>vigilare</span> <span class='ocrx_word' id='word_1_170' title='bbox 671 2311 789 2340; x_wconf 78' lang='lat' dir='ltr'>severis.</span> 
     </span>
     <span class='ocr_line' id='line_1_31' title="bbox 126 2357 791 2401; baseline 0.003 -13"><span class='ocrx_word' id='word_1_171' title='bbox 126 2357 258 2389; x_wconf 86' lang='lat' dir='ltr'>Rectius</span> <span class='ocrx_word' id='word_1_172' title='bbox 295 2369 419 2400; x_wconf 90' lang='lat' dir='ltr'>quoque</span> <span class='ocrx_word' id='word_1_173' title='bbox 454 2361 548 2398; x_wconf 71' lang='lat' dir='ltr'>juvet</span> <span class='ocrx_word' id='word_1_174' title='bbox 585 2358 791 2401; x_wconf 85' lang='lat' dir='ltr'>Aprosianus.</span> 
     </span>
     <span class='ocr_line' id='line_1_32' title="bbox 126 2407 792 2449; baseline -0.002 -11"><span class='ocrx_word' id='word_1_175' title='bbox 126 2408 223 2438; x_wconf 82' lang='lat' dir='ltr'>Juvet</span> <span class='ocrx_word' id='word_1_176' title='bbox 251 2418 305 2439; x_wconf 89' lang='lat' dir='ltr'>vos</span> <span class='ocrx_word' id='word_1_177' title='bbox 332 2407 463 2449; x_wconf 84' lang='lat' dir='ltr'>vigilare</span> <span class='ocrx_word' id='word_1_178' title='bbox 498 2407 531 2438; x_wconf 91' lang='lat' dir='ltr'>in</span> <span class='ocrx_word' id='word_1_179' title='bbox 567 2418 653 2449; x_wconf 83' lang='lat' dir='ltr'>spem</span> <span class='ocrx_word' id='word_1_180' title='bbox 689 2408 792 2439; x_wconf 80' lang='lat' dir='ltr'>famae.</span> 
     </span>
     <span class='ocr_line' id='line_1_33' title="bbox 126 2456 244 2488; baseline 0.008 -1"><span class='ocrx_word' id='word_1_181' title='bbox 126 2456 244 2488; x_wconf 65' lang='lat' dir='ltr'>Hzms.</span> 
     </span>
    </p>

    <p class='ocr_par' dir='ltr' id='par_1_17' title="bbox 126 2506 793 2794">
     <span class='ocr_line' id='line_1_34' title="bbox 170 2506 789 2548; baseline 0.002 -13"><span class='ocrx_word' id='word_1_182' title='bbox 170 2506 244 2537; x_wconf 89' lang='lat'>419.</span> <span class='ocrx_word' id='word_1_183' title='bbox 264 2506 313 2536; x_wconf 79' lang='lat' dir='ltr'>Ad</span> <span class='ocrx_word' id='word_1_184' title='bbox 328 2506 469 2547; x_wconf 62' lang='lat' dir='ltr'>multas]</span> <span class='ocrx_word' id='word_1_185' title='bbox 490 2506 528 2537; x_wconf 80' lang='lat' dir='ltr'>In</span> <span class='ocrx_word' id='word_1_186' title='bbox 544 2506 678 2548; x_wconf 85' lang='lat' dir='ltr'>Regius,</span> <span class='ocrx_word' id='word_1_187' title='bbox 696 2506 789 2536; x_wconf 80' lang='lat' dir='ltr'>Fran-</span> 
     </span>
     <span class='ocr_line' id='line_1_35' title="bbox 127 2554 789 2597; baseline 0 -12"><span class='ocrx_word' id='word_1_188' title='bbox 127 2554 187 2585; x_wconf 79' lang='lat' dir='ltr'>cos.</span> <span class='ocrx_word' id='word_1_189' title='bbox 212 2560 243 2586; x_wconf 85' lang='lat' dir='ltr'>et</span> <span class='ocrx_word' id='word_1_190' title='bbox 267 2554 331 2591; x_wconf 83' lang='lat' dir='ltr'>alii,</span> <span class='ocrx_word' id='word_1_191' title='bbox 348 2561 383 2586; x_wconf 86' lang='lat' dir='ltr'>ut</span> <span class='ocrx_word' id='word_1_192' title='bbox 404 2555 549 2597; x_wconf 85' lang='lat' dir='ltr'>sequenti</span> <span class='ocrx_word' id='word_1_193' title='bbox 576 2556 669 2586; x_wconf 83' lang='lat' dir='ltr'>etiam</span> <span class='ocrx_word' id='word_1_194' title='bbox 686 2566 789 2586; x_wconf 84' lang='lat' dir='ltr'>versu.</span> 
     </span>
     <span class='ocr_line' id='line_1_36' title="bbox 127 2603 791 2645; baseline 0.002 -12"><span class='ocrx_word' id='word_1_195' title='bbox 127 2603 209 2644; x_wconf 84' lang='lat' dir='ltr'>quod</span> <span class='ocrx_word' id='word_1_196' title='bbox 225 2603 324 2645; x_wconf 80' lang='lat' dir='ltr'>magis</span> <span class='ocrx_word' id='word_1_197' title='bbox 339 2604 495 2635; x_wconf 81' lang='lat' dir='ltr'>feritatem</span> <span class='ocrx_word' id='word_1_198' title='bbox 517 2610 548 2635; x_wconf 91' lang='lat' dir='ltr'>et</span> <span class='ocrx_word' id='word_1_199' title='bbox 562 2604 708 2635; x_wconf 79' lang='lat' dir='ltr'>hostilem</span> <span class='ocrx_word' id='word_1_200' title='bbox 725 2604 791 2635; x_wconf 86' lang='lat' dir='ltr'>ani-</span> 
     </span>
     <span class='ocr_line' id='line_1_37' title="bbox 126 2653 791 2694; baseline 0.002 -12"><span class='ocrx_word' id='word_1_201' title='bbox 126 2662 211 2683; x_wconf 89' lang='lat' dir='ltr'>mum</span> <span class='ocrx_word' id='word_1_202' title='bbox 235 2658 333 2688; x_wconf 78' lang='lat' dir='ltr'>notat,</span> <span class='ocrx_word' id='word_1_203' title='bbox 349 2659 383 2683; x_wconf 92' lang='lat' dir='ltr'>ut</span> <span class='ocrx_word' id='word_1_204' title='bbox 399 2655 443 2684; x_wconf 82' lang='lat' dir='ltr'>ire</span> <span class='ocrx_word' id='word_1_205' title='bbox 459 2656 492 2684; x_wconf 84' lang='lat' dir='ltr'>in</span> <span class='ocrx_word' id='word_1_206' title='bbox 515 2655 644 2694; x_wconf 73' lang='lat' dir='ltr'>aliquem</span> <span class='ocrx_word' id='word_1_207' title='bbox 662 2659 692 2683; x_wconf 88' lang='lat' dir='ltr'>et</span> <span class='ocrx_word' id='word_1_208' title='bbox 708 2653 791 2683; x_wconf 87' lang='lat' dir='ltr'>simi-</span> 
     </span>
     <span class='ocr_line' id='line_1_38' title="bbox 126 2700 793 2746; baseline 0.001 -15"><span class='ocrx_word' id='word_1_209' title='bbox 126 2700 180 2732; x_wconf 86' lang='lat' dir='ltr'>lia.</span> <span class='ocrx_word' id='word_1_210' title='bbox 205 2712 368 2744; x_wconf 85' lang='lat' dir='ltr'>possumus</span> <span class='ocrx_word' id='word_1_211' title='bbox 392 2708 424 2734; x_wconf 85' lang='lat' dir='ltr'>et</span> <span class='ocrx_word' id='word_1_212' title='bbox 439 2704 498 2734; x_wconf 59' lang='lat' dir='ltr'>erit</span> <span class='ocrx_word' id='word_1_213' title='bbox 514 2713 639 2746; x_wconf 78' lang='lat' dir='ltr'>capere,</span> <span class='ocrx_word' id='word_1_214' title='bbox 656 2713 672 2733; x_wconf 85' lang='lat' dir='ltr'>e</span> <span class='ocrx_word' id='word_1_215' title='bbox 688 2702 793 2735; x_wconf 82' lang='lat' dir='ltr'>lustris</span> 
     </span>
     <span class='ocr_line' id='line_1_39' title="bbox 129 2750 677 2794; baseline 0.002 -14"><span class='ocrx_word' id='word_1_216' title='bbox 129 2750 192 2781; x_wconf 88' lang='lat' dir='ltr'>suis</span> <span class='ocrx_word' id='word_1_217' title='bbox 207 2751 246 2782; x_wconf 86' lang='lat' dir='ltr'>ad</span> <span class='ocrx_word' id='word_1_218' title='bbox 262 2751 386 2793; x_wconf 83' lang='lat' dir='ltr'>rapinas</span> <span class='ocrx_word' id='word_1_219' title='bbox 401 2752 514 2794; x_wconf 83' lang='lat' dir='ltr'>prodit.</span> <span class='ocrx_word' id='word_1_220' title='bbox 560 2753 677 2782; x_wconf 71' lang='lat' dir='ltr'>Bunm.</span> 
     </span>
    </p>

    <p class='ocr_par' dir='ltr' id='par_1_18' title="bbox 175 2804 344 2836">
     <span class='ocr_line' id='line_1_40' title="bbox 175 2804 344 2836; baseline 0.012 -2"><span class='ocrx_word' id='word_1_221' title='bbox 175 2804 273 2835; x_wconf 88' lang='lat' dir='ltr'>VOL.</span> <span class='ocrx_word' id='word_1_222' title='bbox 297 2805 344 2836; x_wconf 86' lang='lat'>11.</span> 
     </span>
    </p>
   </div>
   <div class='ocr_carea' id='block_1_13' title="bbox 859 2155 1530 2595">
    <p class='ocr_par' dir='ltr' id='par_1_19' title="bbox 859 2155 1530 2390">
     <span class='ocr_line' id='line_1_41' title="bbox 904 2155 1527 2199; baseline -0.01 -8"><span class='ocrx_word' id='word_1_223' title='bbox 904 2162 978 2191; x_wconf 86' lang='lat'>422.</span> <span class='ocrx_word' id='word_1_224' title='bbox 1005 2161 1099 2195; x_wconf 80' lang='lat' dir='ltr'>Quem</span> <span class='ocrx_word' id='word_1_225' title='bbox 1116 2159 1250 2199; x_wconf 51' lang='lat' dir='ltr'>traham]</span> <span class='ocrx_word' id='word_1_226' title='bbox 1279 2158 1319 2188; x_wconf 90' lang='lat' dir='ltr'>Et</span> <span class='ocrx_word' id='word_1_227' title='bbox 1331 2157 1389 2187; x_wconf 83' lang='lat' dir='ltr'>hoc</span> <span class='ocrx_word' id='word_1_228' title='bbox 1405 2155 1527 2197; x_wconf 80' lang='lat' dir='ltr'>proprie</span> 
     </span>
     <span class='ocr_line' id='line_1_42' title="bbox 859 2205 1526 2251; baseline -0.012 -10"><span class='ocrx_word' id='word_1_229' title='bbox 859 2216 891 2241; x_wconf 88' lang='lat' dir='ltr'>et</span> <span class='ocrx_word' id='word_1_230' title='bbox 910 2211 1080 2251; x_wconf 84' lang='lat' dir='ltr'>eleganter.</span> <span class='ocrx_word' id='word_1_231' title='bbox 1099 2208 1232 2239; x_wconf 86' lang='lat' dir='ltr'>Tertull.</span> <span class='ocrx_word' id='word_1_232' title='bbox 1245 2208 1268 2238; x_wconf 90' lang='lat' dir='ltr'>i.</span> <span class='ocrx_word' id='word_1_233' title='bbox 1294 2206 1333 2239; x_wconf 86' lang='lat' dir='ltr'>de</span> <span class='ocrx_word' id='word_1_234' title='bbox 1349 2206 1435 2237; x_wconf 87' lang='lat' dir='ltr'>Cult.</span> <span class='ocrx_word' id='word_1_235' title='bbox 1451 2205 1526 2235; x_wconf 86' lang='lat' dir='ltr'>fem.</span> 
     </span>
     <span class='ocr_line' id='line_1_43' title="bbox 860 2255 1527 2297; baseline -0.012 -6"><span class='ocrx_word' id='word_1_236' title='bbox 860 2264 890 2290; x_wconf 79' lang='lat'>4.</span> <span class='ocrx_word' id='word_1_237' title='bbox 938 2260 1074 2290; x_wconf 77' lang='lat' dir='ltr'>Ornatus</span> <span class='ocrx_word' id='word_1_238' title='bbox 1090 2261 1122 2289; x_wconf 84' lang='lat' dir='ltr'>in</span> <span class='ocrx_word' id='word_1_239' title='bbox 1146 2269 1221 2288; x_wconf 77' lang='lat' dir='ltr'>cura</span> <span class='ocrx_word' id='word_1_240' title='bbox 1239 2257 1344 2297; x_wconf 73' lang='lat' dir='ltr'>capilli</span> <span class='ocrx_word' id='word_1_241' title='bbox 1361 2262 1389 2286; x_wconf 83' lang='lat' dir='ltr'>et</span> <span class='ocrx_word' id='word_1_242' title='bbox 1406 2255 1485 2285; x_wconf 76' lang='lat' dir='ltr'>cutis</span> <span class='ocrx_word' id='word_1_243' title='bbox 1500 2261 1527 2284; x_wconf 81' lang='lat' dir='ltr'>et</span> 
     </span>
     <span class='ocr_line' id='line_1_44' title="bbox 859 2306 1530 2350; baseline -0.01 -10"><span class='ocrx_word' id='word_1_244' title='bbox 859 2308 1262 2350; x_wconf 20' lang='lat' dir='ltr'>earumpartiunzreorpnris,</span> <span class='ocrx_word' id='word_1_245' title='bbox 1274 2318 1336 2347; x_wconf 74' lang='lat' dir='ltr'><em>‹111ae</em></span> <span class='ocrx_word' id='word_1_246' title='bbox 1351 2306 1450 2336; x_wconf 75' lang='lat' dir='ltr'>oculos</span> <span class='ocrx_word' id='word_1_247' title='bbox 1466 2311 1530 2334; x_wconf 81' lang='lat' dir='ltr'>tra-</span> 
     </span>
     <span class='ocr_line' id='line_1_45' title="bbox 861 2355 1526 2390; baseline -0.009 -1"><span class='ocrx_word' id='word_1_248' title='bbox 861 2361 945 2390; x_wconf 78' lang='lat' dir='ltr'>hant.</span> <span class='ocrx_word' id='word_1_249' title='bbox 961 2358 1013 2389; x_wconf 87' lang='lat' dir='ltr'>vid</span> <span class='ocrx_word' id='word_1_250' title='bbox 1030 2358 1070 2390; x_wconf 76' lang='lat' dir='ltr'>ad</span> <span class='ocrx_word' id='word_1_251' title='bbox 1085 2358 1119 2389; x_wconf 87' lang='lat' dir='ltr'>ii.</span> <span class='ocrx_word' id='word_1_252' title='bbox 1135 2357 1242 2388; x_wconf 87' lang='lat' dir='ltr'>Amor.</span> <span class='ocrx_word' id='word_1_253' title='bbox 1255 2356 1319 2387; x_wconf 77' lang='lat' dir='ltr'>xix.</span> <span class='ocrx_word' id='word_1_254' title='bbox 1339 2356 1386 2385; x_wconf 80' lang='lat'>10.</span> <span class='ocrx_word' id='word_1_255' title='bbox 1409 2355 1526 2384; x_wconf 74' lang='lat' dir='ltr'>Bunm.</span> 
     </span>
    </p>

    <p class='ocr_par' dir='ltr' id='par_1_20' title="bbox 859 2403 1530 2595">
     <span class='ocr_line' id='line_1_46' title="bbox 905 2403 1527 2447; baseline -0.011 -8"><span class='ocrx_word' id='word_1_256' title='bbox 905 2409 979 2439; x_wconf 87' lang='lat'><strong>431.</strong></span> <span class='ocrx_word' id='word_1_257' title='bbox 998 2407 1117 2438; x_wconf 81' lang='lat' dir='ltr'>Funere</span> <span class='ocrx_word' id='word_1_258' title='bbox 1133 2417 1204 2447; x_wconf 64' lang='lat' dir='ltr'>sape</span> <span class='ocrx_word' id='word_1_259' title='bbox 1216 2408 1274 2436; x_wconf 71' lang='lat' dir='ltr'>viri</span> <span class='ocrx_word' id='word_1_260' title='bbox 1291 2406 1336 2435; x_wconf 76' lang='lat' dir='ltr'>vir</span> <span class='ocrx_word' id='word_1_261' title='bbox 1348 2403 1527 2444; x_wconf 58' lang='lat' dir='ltr'>quaritur]</span> 
     </span>
     <span class='ocr_line' id='line_1_47' title="bbox 859 2452 1530 2496; baseline -0.009 -8"><span class='ocrx_word' id='word_1_262' title='bbox 859 2457 962 2488; x_wconf 88' lang='lat' dir='ltr'>Testis</span> <span class='ocrx_word' id='word_1_263' title='bbox 987 2457 1131 2487; x_wconf 80' lang='lat' dir='ltr'>Matrona</span> <span class='ocrx_word' id='word_1_264' title='bbox 1157 2456 1212 2486; x_wconf 83' lang='lat' dir='ltr'>illa</span> <span class='ocrx_word' id='word_1_265' title='bbox 1233 2454 1423 2496; x_wconf 81' lang='lat' dir='ltr'>Ephesiana,</span> <span class='ocrx_word' id='word_1_266' title='bbox 1438 2452 1530 2495; x_wconf 89' lang='lat' dir='ltr'>cujus</span> 
     </span>
     <span class='ocr_line' id='line_1_48' title="bbox 860 2501 1530 2547; baseline -0.009 -10"><span class='ocrx_word' id='word_1_267' title='bbox 860 2506 1020 2537; x_wconf 83' lang='lat' dir='ltr'>historiam</span> <span class='ocrx_word' id='word_1_268' title='bbox 1038 2506 1208 2547; x_wconf 86' lang='lat' dir='ltr'>Eumolpus</span> <span class='ocrx_word' id='word_1_269' title='bbox 1223 2504 1383 2544; x_wconf 81' lang='lat' dir='ltr'>eleganter</span> <span class='ocrx_word' id='word_1_270' title='bbox 1403 2501 1483 2532; x_wconf 86' lang='lat' dir='ltr'>adeo</span> <span class='ocrx_word' id='word_1_271' title='bbox 1498 2507 1530 2532; x_wconf 85' lang='lat' dir='ltr'>et</span> 
     </span>
     <span class='ocr_line' id='line_1_49' title="bbox 860 2550 1528 2595; baseline -0.007 -10"><span class='ocrx_word' id='word_1_272' title='bbox 860 2555 970 2585; x_wconf 86' lang='lat' dir='ltr'>festive</span> <span class='ocrx_word' id='word_1_273' title='bbox 998 2560 1112 2589; x_wconf 83' lang='lat' dir='ltr'>narrat,</span> <span class='ocrx_word' id='word_1_274' title='bbox 1142 2553 1226 2595; x_wconf 83' lang='lat' dir='ltr'>apud</span> <span class='ocrx_word' id='word_1_275' title='bbox 1253 2552 1382 2582; x_wconf 87' lang='lat' dir='ltr'>Petron.</span> <span class='ocrx_word' id='word_1_276' title='bbox 1436 2550 1528 2581; x_wconf 80' lang='lat' dir='ltr'>Hanc</span> 
     </span>
    </p>
   </div>
   <div class='ocr_carea' id='block_1_14' title="bbox 861 2599 1531 2781">
    <p class='ocr_par' dir='ltr' id='par_1_21' title="bbox 861 2599 1531 2781">
     <span class='ocr_line' id='line_1_50' title="bbox 861 2599 1530 2642; baseline -0.009 -7"><span class='ocrx_word' id='word_1_277' title='bbox 861 2610 966 2635; x_wconf 81' lang='lat' dir='ltr'>autem</span> <span class='ocrx_word' id='word_1_278' title='bbox 976 2603 1136 2634; x_wconf 75' lang='lat' dir='ltr'>historiam</span> <span class='ocrx_word' id='word_1_279' title='bbox 1147 2612 1217 2633; x_wconf 87' lang='lat' dir='ltr'>vere</span> <span class='ocrx_word' id='word_1_280' title='bbox 1232 2599 1410 2642; x_wconf 82' lang='lat' dir='ltr'>contigisse,</span> <span class='ocrx_word' id='word_1_281' title='bbox 1422 2605 1530 2630; x_wconf 89' lang='lat' dir='ltr'>auctor</span> 
     </span>
     <span class='ocr_line' id='line_1_51' title="bbox 861 2650 1530 2693; baseline -0.007 -9"><span class='ocrx_word' id='word_1_282' title='bbox 861 2659 908 2684; x_wconf 84' lang='lat' dir='ltr'>est</span> <span class='ocrx_word' id='word_1_283' title='bbox 923 2652 1096 2687; x_wconf 85' lang='lat' dir='ltr'>Flavinius.</span> <span class='ocrx_word' id='word_1_284' title='bbox 1115 2651 1199 2693; x_wconf 83' lang='lat' dir='ltr'>apud</span> <span class='ocrx_word' id='word_1_285' title='bbox 1214 2650 1486 2686; x_wconf 86' lang='lat' dir='ltr'>Sarisberiensem,</span> <span class='ocrx_word' id='word_1_286' title='bbox 1500 2655 1530 2679; x_wconf 82' lang='lat' dir='ltr'>et</span> 
     </span>
     <span class='ocr_line' id='line_1_52' title="bbox 862 2698 1531 2744; baseline -0.007 -11"><span class='ocrx_word' id='word_1_287' title='bbox 862 2703 978 2744; x_wconf 83' lang='lat' dir='ltr'>Ephesi</span> <span class='ocrx_word' id='word_1_288' title='bbox 1025 2702 1187 2733; x_wconf 85' lang='lat' dir='ltr'>mulierem</span> <span class='ocrx_word' id='word_1_289' title='bbox 1236 2710 1347 2742; x_wconf 83' lang='lat' dir='ltr'>poenas</span> <span class='ocrx_word' id='word_1_290' title='bbox 1395 2698 1531 2730; x_wconf 86' lang='lat' dir='ltr'>dedisse.</span> 
     </span>
     <span class='ocr_line' id='line_1_53' title="bbox 864 2752 983 2781; baseline -0.008 0"><span class='ocrx_word' id='word_1_291' title='bbox 864 2752 891 2781; x_wconf 76' lang='grc' dir='ltr'>Α</span> <span class='ocrx_word' id='word_1_292' title='bbox 897 2764 919 2781; x_wconf 77' lang='lat' dir='ltr'>M</span> <span class='ocrx_word' id='word_1_293' title='bbox 927 2763 942 2781; x_wconf 72' lang='lat' dir='ltr'>A</span> <span class='ocrx_word' id='word_1_294' title='bbox 951 2763 967 2780; x_wconf 78' lang='lat' dir='ltr'>n</span> <span class='ocrx_word' id='word_1_295' title='bbox 977 2774 983 2780; x_wconf 93' lang='lat'>.</span> 
     </span>
    </p>
   </div>
   <div class='ocr_carea' id='block_1_15' title="bbox 991 2806 1011 2834">
    <p class='ocr_par' dir='ltr' id='par_1_22' title="bbox 991 2806 1011 2834">
     <span class='ocr_line' id='line_1_54' title="bbox 991 2806 1011 2834; baseline 0 -22"><span class='ocrx_word' id='word_1_296' title='bbox 991 2806 1011 2834; x_wconf 60' lang='lat' dir='ltr'>F</span> 
     </span>
    </p>
   </div>
  </div>
 </body>
</html>
