1760 3172
577 146 875 190 REMEDIA
905 146 1169 189 AMORIS.
1514 146 1571 188 87

170 265 254 322 At,
278 265 320 313 si
345 264 457 328 quis
483 264 612 312 male
635 262 732 311 fert
756 262 971 325 indignae
997 278 1151 324 regna
1174 261 1369 325 puellae,
1507 265 1564 308 15

238 342 317 389 Ne
342 348 529 406 pereat,
557 347 738 388 nostrae
765 340 948 387 sentiat
973 339 1091 386 artis
1117 354 1280 402 opem.

172 421 276 468 Cur
301 420 499 483 aliquis,
525 419 708 466 collum
733 418 914 481 laqueo
940 417 1154 464 nodatus
1180 417 1242 463 ab
1270 423 1390 471 arto,

237 497 280 544 E
306 497 448 544 trabe
474 496 675 544 sublimi
700 495 841 543 triste
867 494 1109 559 pependit
1133 493 1293 541 onus?

174 574 278 621 Cur
302 574 482 637 aliquis
508 573 666 636 rigido
692 572 818 619 fodit
842 588 932 619 sua
955 571 1148 618 viscera
1171 570 1298 617 ferro
1318 570 1336 616 ἵ

238 650 484 698 Invidiam
510 650 678 707 caedis,
708 650 847 714 pacis
873 646 1079 705 amatOr,
1107 648 1281 696 habes.

1503 650 1567 691 20

173 727 287 784 Qui,
316 728 410 774 nisi
435 727 657 783 desierit,
684 727 866 774 misero
890 726 1141 790 periturus
1167 740 1334 772 amore
1360 730 1454 779 est,

240 805 479 853 Desinat:
520 811 570 852 et
594 804 714 851 nulli
740 803 925 850 funeris
952 810 1125 850 auctor
1149 802 1263 849 eris.

174 881 239 929 Et
263 898 387 946 puer
407 898 484 939 es3
514 898 606 929 nec
631 888 681 928 te
703 881 999 944 quidquam,
1021 879 1116 926 nisi
1140 879 1329 933 ludere,
1351 882 1565 940 oportet.

240 958 408 1007 Lude:
448 959 630 1006 decent
655 974 810 1005 annos
836 957 1004 1004 mollia
1028 972 1182 1019 regna
1202 963 1331 1003 tuos.

174 1035 306 1083 Nam
330 1043 527 1100 poteras
552 1035 625 1082 uti
651 1034 796 1081 nudis
823 1035 885 1081 ad
912 1035 1044 1081 bella
1074 1033 1297 1096 sagittis:

1504 1032 1567 1075 25

242 1114 343 1161 Sed
368 1120 455 1160 tua
477 1112 670 1160 letifero
697 1112 939 1175 sanguine
965 1112 1066 1159 tela
1091 1119 1278 1158 carent.

174 1190 391 1239 Vitricus
418 1196 468 1238 et
493 1189 670 1252 gladiis
698 1197 749 1237 et
773 1189 921 1237 acuta
945 1189 1151 1236 dimicet
1175 1188 1318 1235 hasta
1338 1206 1347 1243 ;

242 1267 308 1315 Et
331 1268 488 1315 victor
512 1266 668 1314 multa
693 1267 831 1314 caede
857 1272 1092 1313 cruentus
1119 1272 1215 1313 eat.

174 1345 250 1393 Tu
275 1346 383 1393 cole
407 1352 673 1401 maternaS,
701 1351 808 1392 tuto
835 1344 1017 1407 quibus
1044 1343 1244 1398 utimur,
1273 1348 1432 1388 artes:

244 1422 310 1470 Et
334 1439 546 1486 quarum
570 1421 688 1469 vitio
714 1421 850 1468 nulla
873 1420 929 1467 fit
953 1420 1074 1467 orba
1104 1436 1301 1483 parens.

1507 1418 1571 1461 30

177 1499 332 1547 Effice
356 1500 600 1547 nocturna
627 1498 881 1561 frangatur
900 1498 1057 1560 janua
1081 1496 1191 1543 rixa
1211 1515 1221 1552 ;

243 1577 310 1625 Et
333 1584 471 1640 tegat
496 1584 693 1625 ornatas
719 1576 876 1623 multa
900 1590 1086 1623 corona
1109 1573 1255 1621 fores.

178 1654 276 1703 Fac
302 1656 479 1703 cobant
501 1654 670 1702 furtim
688 1655 915 1717 juvenes,
942 1652 1232 1714 timidaeque
1257 1648 1464 1714 puellae:

242 1732 511 1796 Verbaque
535 1732 654 1779 dent
680 1739 827 1779 cauto
853 1730 1077 1794 qualibet
1103 1736 1207 1776 arte
1231 1728 1351 1775 viro.

178 1809 244 1857 Et
267 1810 415 1857 modo
441 1810 725 1865 blanditias,
753 1809 912 1872 rigido
939 1808 1085 1855 niodo
1106 1807 1272 1870 jurgia
1296 1804 1427 1869 posti

1506 1804 1568 1848 35

243 1887 409 1944 Dicat,
437 1894 487 1935 et
511 1888 747 1935 exclusus
774 1887 940 1935 flebile
966 1893 1135 1934 cantet
1160 1900 1349 1932 amans.

222 2105 275 2135 22.
298 2106 414 2135 Auctor
428 2104 514 2144 eris.]
542 2104 646 2139 Forte,
664 2110 771 2134 auctor
783 2115 843 2141 eus,

181 2159 215 2186 ut
227 2154 267 2185 ad
279 2153 468 2196 Cupidinem
479 2164 579 2184 sermo
595 2154 645 2184 sit.
660 2159 691 2184 et
707 2152 751 2184 ita
766 2154 844 2184 mal-

181 2203 243 2234 lem
258 2213 381 2245 quoque
396 2213 467 2233 mox
485 2203 537 2234 37.
560 2208 716 2233 contentus
730 2213 787 2233 eas,
800 2202 844 2233 sic

180 2255 239 2285 erit
251 2264 307 2295 pro
329 2259 385 2283 eat.
402 2262 480 2283 vers.
497 2253 548 2284 70.
571 2251 602 2282 in
618 2251 720 2293 Regio
736 2251 844 2282 codice

181 2308 258 2339 erat,
274 2308 306 2334 et
319 2301 437 2333 centies
454 2301 541 2334 alibi.
586 2302 703 2333 Euam.

225 2353 278 2386 34.
314 2352 464 2392 Verbaque
492 2353 564 2382 dent
592 2357 682 2382 cauto
714 2351 845 2391 qualibet

184 2408 250 2433 arte
274 2402 366 2442 viro.]
394 2402 468 2432 Non
492 2401 608 2432 damno
633 2401 714 2431 hanc
738 2400 845 2431 lectio—

184 2462 266 2483 nem.
282 2453 401 2494 Opinor
410 2457 515 2483 tamen
524 2451 735 2487 scribendum,
744 2463 847 2491 quam-

185 2503 254 2533 cibet
278 2509 361 2542 apta.
406 2502 445 2532 In
466 2502 646 2538 Amoribus,
674 2503 745 2532 huic
768 2504 849 2542 operi

185 2553 346 2592 quamlibet
369 2558 458 2592 aptus
481 2563 574 2583 eram.
597 2553 640 2583 sic
666 2559 736 2592 apta
763 2553 850 2582 verba

177 2603 249 2639 joco
264 2601 405 2643 Epistola
420 2601 574 2643 Sapphus,
594 2601 680 2633 Artis
695 2602 750 2632 lib.
766 2601 799 2632 ii.
820 2606 852 2632 et

197 2664 217 2684 n
229 2650 340 2681 Fastis.
355 2657 420 2681 arte
430 2662 485 2692 pro
497 2657 570 2691 apta
582 2661 744 2693 perperam
756 2650 852 2681 etiam

188 2699 263 2731 alibi
292 2699 444 2742 scriptum
473 2700 625 2732 offendas.
654 2699 725 2732 vide
752 2700 854 2731 Notas

910 2103 967 2134 lib.
978 2103 1063 2134 Artis
1074 2103 1116 2134 iii.
1130 2113 1211 2133 vers.
1224 2102 1297 2132 485.
1314 2103 1414 2142 potest
1424 2102 1455 2128 et
1470 2108 1573 2137 (μιαηι-

912 2155 981 2184 libet
1018 2164 1090 2184 cum
1124 2159 1213 2183 cauto
1250 2147 1410 2191 conjungi.
1455 2147 1575 2177 mes.

913 2204 996 2233 Dent
1011 2209 1095 2243 capto
1110 2201 1221 2242 viginti
1242 2200 1365 2230 codices
1382 2207 1453 2227 cum
1475 2196 1575 2237 prima

911 2253 1059 2284 editione.
1083 2252 1251 2293 eleganter.
1275 2249 1344 2279 vide
1369 2247 1424 2277 inf.
1450 2247 1521 2291 105.
1545 2251 1577 2275 et

913 2302 953 2333 ad
966 2303 1066 2344 Epist.
1080 2313 1131 2332 xv.
1146 2302 1198 2332 63.
1215 2300 1239 2330 si
1251 2299 1334 2330 enim
1347 2302 1434 2328 cauto
1445 2296 1577 2336 legatur,

914 2352 952 2383 de
970 2352 1091 2388 marito,
1108 2361 1200 2392 quem
1216 2349 1328 2380 fallant
1347 2356 1469 2381 uxoreS,
1486 2345 1578 2374 intel-

914 2401 1086 2443 ligendum.
1122 2406 1154 2431 at
1182 2409 1240 2440 ego
1267 2397 1350 2427 malo
1386 2395 1425 2425 de
1455 2392 1579 2436 puellis,

916 2462 986 2492 quae
1012 2456 1119 2492 captos
1148 2450 1239 2483 viros,
1266 2453 1298 2477 et
1325 2455 1421 2476 amori
1446 2448 1580 2473 irretitos

917 2500 1000 2531 omni
1017 2506 1081 2531 arte
1097 2499 1267 2541 decipiant,
1284 2493 1488 2536 interpretari.
1508 2502 1580 2523 nam

918 2548 1081 2590 sequentia
1107 2548 1145 2578 de
1171 2545 1349 2578 amantibus
1381 2542 1432 2584 agi
1457 2541 1581 2573 docent.

915 2605 1021 2637 captus
1038 2607 1109 2627 vero
1127 2602 1159 2627 et
1179 2601 1287 2626 cautus
1306 2593 1421 2635 passim
1441 2601 1580 2621 commu-

920 2654 1036 2683 tantur,
1051 2652 1085 2677 ut
1101 2646 1159 2686 Ep.
1171 2643 1259 2676 xviii.
1277 2644 1349 2673 110.
1374 2640 1515 2672 Halieut.
1531 2640 1583 2670 60.

922 2697 965 2728 iii.
982 2697 1067 2727 Fast.
1082 2696 1155 2726 633.
1172 2701 1202 2726 et
1219 2693 1304 2725 alibi.
1350 2693 1467 2722 Bunm.

996 2751 1069 2780 (34
