1760 3172
407 176 720 220 TRISTIUM
754 175 874 217 LIB.
908 173 1000 215 ΙΙΙ.
1034 172 1214 215 ELEG.
1249 171 1330 214 IV.

1487 172 1571 214 231

169 292 238 341 At
260 291 351 340 tibi
377 292 462 356 qui
486 292 684 348 transis,
711 307 774 338 ne
799 289 864 336 sit
886 304 1050 352 grave,
1079 288 1309 351 quisquis
1332 286 1525 341 amasti,

239 369 449 418 Dicere:
491 368 708 417 Nasonis
735 366 950 415 molliter
974 380 1089 412 ossa
1112 365 1313 411 cubent.
1508 366 1570 410 76

170 446 283 494 Hoc
307 446 428 494 satis
453 445 504 492 in
526 445 672 492 titulo
697 450 804 501 est;
847 441 1034 490 etenim
1060 442 1248 503 majora
1272 441 1444 496 libelli,

240 522 307 570 Et
330 523 564 570 diuturna
587 520 746 583 magis
774 526 890 566 sunt
913 523 1237 565 monumenta
1260 517 1357 564 mei
1377 534 1386 564 :

174 599 312 655 Quos
339 615 432 662 ego
458 598 671 654 confido,
700 596 926 660 quamvis
952 611 1182 650 nocuere,
1209 595 1413 641 daturos

242 676 457 732 Nomen,
484 682 536 723 et
560 674 750 723 auctori
774 681 1001 737 tempora
1023 673 1172 734 longa
1195 688 1302 719 suo.
1515 675 1578 719 80

173 753 249 800 Tu
276 759 445 800 tamen
471 752 722 800 exstincto
748 750 920 797 feralia
943 764 1151 806 munera
1174 748 1316 805 ferto,

241 829 424 893 Deque
447 829 544 876 tuis
570 828 805 891 lacrymis
831 827 1038 874 humida
1063 834 1196 874 serta
1220 826 1355 873 dato.

174 905 413 961 Quamvis
438 906 489 952 in
513 905 732 952 cinerem
757 920 938 967 corpus
961 903 1225 950 mutaverit
1248 903 1393 965 ignis,

244 983 440 1030 Sentiet
463 982 679 1029 officium
705 987 883 1027 moesta
906 979 1072 1027 favilla
1095 979 1251 1043 pium.

178 1059 408 1108 Scribere
432 1059 576 1123 plura
599 1059 750 1105 libet:
792 1057 882 1104 sed
907 1073 1004 1104 vox
1029 1056 1149 1103 mihi
1173 1056 1307 1104 fessa
1328 1057 1579 1120 loquendo

244 1136 485 1184 Dictandi
508 1136 653 1191 vires,
682 1135 918 1198 siccaque
942 1134 1128 1198 lingua,
1158 1142 1325 1197 negat.
1516 1138 1577 1183 86

176 1212 367 1278 Accipe
393 1229 626 1277 supremo
651 1212 842 1260 dictum
867 1212 987 1259 mihi
1012 1212 1219 1261 forsitan
1243 1229 1344 1269 ore,

245 1289 410 1346 Quod,
435 1290 524 1337 tibi
550 1289 636 1353 qui
661 1289 831 1345 mittit,
859 1306 958 1337 non
984 1290 1134 1337 habet
1159 1289 1283 1353 ipse,
1310 1290 1435 1337 vale.

652 1569 958 1618 ELEGIA
1011 1570 1106 1618 IV.

183 1686 228 1733 Ο
270 1702 403 1732 MIHI
432 1701 547 1751 care
572 1686 779 1749 quidem
805 1703 1019 1751 semper,
1048 1685 1137 1733 sed
1162 1691 1387 1748 tempore
1413 1684 1535 1732 duro

249 1754 588 1832 Cognitessres
613 1770 885 1827 postquam
911 1763 1222 1828 procubuere
1249 1778 1401 1819 meae3

185 1839 373 1888 Usibus
398 1835 578 1904 edocto
594 1840 645 1908 §i
671 1841 949 1905 quidquam
974 1840 1136 1889 credis
1162 1839 1339 1895 amico,

248 1916 373 1965 Vive
397 1916 506 1988 tibpg
534 1925 585 1965 et
607 1919 755 1982 longe
781 1920 981 1968 nomina
1004 1935 1187 1981 magna
1209 1918 1343 1980 fuge.

181 1992 306 2042 Vive
330 1993 438 2051 tibi,
466 1989 813 2060 'quantumque
839 2004 983 2061 potes
1009 1994 1289 2060 praelustria
1311 1993 1439 2041 vita:
1557 1997 1585 2040 5

253 2070 451 2118 Saevum
476 2072 723 2135 praelustri
749 2073 937 2122 fulmen
963 2074 1025 2121 ab
1052 2089 1164 2121 arce
1188 2071 1339 2119 venit.

228 2183 283 2214 76.
308 2183 446 2215 Molliter
461 2195 523 2216 ossa
538 2185 672 2226 cubent]
699 2186 737 2216 In
751 2184 851 2228 cippis

184 2232 438 2264 inscribebantur
465 2234 514 2264 hae
542 2235 654 2266 litterae
680 2236 711 2266 S.
721 2235 758 2266 T.
768 2236 805 2267 T.
816 2236 850 2267 L.

185 2282 225 2313 sit
239 2281 296 2313 tibi
311 2287 393 2313 terra
405 2282 497 2314 levis.

230 2331 283 2362 77.
309 2331 375 2362 Hoc
385 2334 458 2363 satis
474 2334 509 2363 in
528 2334 645 2363 tumulo
660 2334 727 2374 est.]
754 2333 793 2365 In
810 2337 849 2364 ti-

187 2381 252 2411 tulo
279 2386 319 2410 est
345 2381 436 2422 prim.
462 2381 557 2413 Polit.
586 2387 617 2413 et
641 2382 750 2414 decern
777 2383 853 2421 alii;

186 2434 291 2468 recte3
314 2430 373 2460 nisi
389 2431 474 2472 quod
493 2430 601 2462 malim
616 2434 648 2462 in
666 2434 789 2463 titulos.-
814 2433 853 2463 ti-

187 2478 290 2509 tulum
305 2479 513 2521 sepulcralem
528 2479 643 2512 innuit.
687 2482 809 2514 HEms.

232 2528 284 2559 81.
301 2527 426 2559 Feralia
438 2530 590 2570 munera]
616 2530 751 2562 Inferias
766 2531 854 2562 dicit.

189 2575 356 2613 Quomodo
382 2583 489 2608 autem
510 2578 628 2610 inferiae
651 2580 780 2611 mortuis
803 2580 855 2610 fie-

189 2631 268 2662 rent,
285 2630 317 2656 et
332 2627 486 2668 quomodo
504 2626 538 2658 in
556 2627 605 2659 his
626 2633 788 2660 uterentur
804 2640 855 2660 co-

191 2674 284 2711 ronis,
300 2675 392 2707 docet
409 2675 554 2714 Ovidius,
567 2676 620 2708 lib.
637 2676 668 2708 ii.
684 2677 856 2708 Fastorum.

198 2723 291 2754 Man.

963 2188 1015 2217 82.
1048 2187 1152 2227 Deque
1178 2188 1238 2216 tuis
1268 2184 1438 2225 lacrymis]
1482 2184 1588 2224 Magis

920 2237 1113 2268 Ovidianum
1138 2236 1206 2271 erit,
1231 2235 1257 2266 si
1287 2235 1375 2274 legas
1402 2234 1504 2273 Deque
1529 2235 1590 2264 suis

921 2287 1083 2327 lacryn1i53
1114 2285 1185 2315 vide
1208 2290 1314 2314 notam
1339 2283 1379 2313 ad
1404 2282 1506 2324 Epist.
1534 2294 1587 2312 xx.

920 2345 983 2366 ver.
1007 2335 1059 2365 76.
1110 2334 1161 2364 De
1182 2333 1308 2363 floribus
1333 2331 1447 2372 quibus
1472 2331 1588 2361 tumuli

921 2388 1209 2424 conspergerentur,
1227 2387 1257 2411 et
1271 2380 1402 2416 coronis,
1420 2379 1485 2410 sive
1500 2379 1590 2410 sertis

922 2432 1037 2473 quibus
1077 2436 1272 2467 ornarentur,
1308 2429 1393 2460 Plin.
1432 2427 1488 2459 lib.
1528 2428 1592 2459 xxi.

922 2492 993 2522 cap.
1009 2481 1040 2512 3.

967 2579 997 2608 5.
1018 2577 1088 2607 Vive
1105 2576 1187 2616 riht]
1211 2575 1331 2605 Tecum
1345 2573 1464 2605 habita.
1498 2574 1593 2605 Mssn.

923 2625 1043 2656 —Vice
1071 2627 1133 2656 tibi.
1172 2624 1296 2655 Platoni
1328 2628 1374 2653 est
1402 2623 1443 2653 τὰ
1473 2622 1589 2654 ἑαυτοῦ

926 2673 1102 2716 πράττειν;
1127 2673 1198 2704 vide
1223 2672 1375 2714 stephan.
1397 2670 1593 2702 schediasm.

928 2724 979 2754 lib.
1012 2723 1034 2753 i.
1068 2733 1138 2765 cap.
1168 2724 1197 2753 2.
1244 2722 1378 2753 Jubetur
1406 2726 1510 2751 autern
1538 2730 1593 2750 suxi

1007 2778 1077 2813 (024
