1760 3172
367 172 678 215 TRISTIUM
712 171 832 213 LIB.
867 169 932 212 II.
967 171 1060 212 EL.
1097 170 1319 214 UNICA.

1461 172 1548 215 201

147 288 273 344 Quis
296 289 436 337 locus
461 295 539 336 est
557 287 760 352 templis
786 287 1043 349 augustior
1064 287 1082 333 ’ἒ
1120 287 1227 334 haec
1254 303 1457 351 quoque
1476 288 1546 340 vi-

214 367 274 413 In
299 368 501 431 culpam
527 366 567 413 si
594 382 696 429 qua
720 373 797 413 est
820 365 1082 428 ingeniosa
1106 381 1264 412 suam.

1429 366 1545 426 [tet,

147 442 316 498 Quum
340 443 536 492 steterit
556 442 586 490 J
591 443 694 490 ovis
721 443 856 499 aede3
897 441 927 488 J
932 441 1035 489 ovis
1062 448 1320 488 succurret
1344 440 1395 488 in
1422 442 1547 497 aede,

215 520 378 576 Quam
403 521 586 568 multas
612 528 796 569 matres
822 519 997 568 fecerit
1021 519 1103 566 ille
1131 519 1289 566 Deus.

1451 523 1549 566 290

147 597 387 646 Proxima
411 598 640 646 adoranti
664 597 693 644 J
699 597 884 644 unonia
908 596 1099 660 templa
1124 596 1328 652 subibit,

213 674 487 723 Pellicibus
512 675 683 722 multis
709 675 837 722 hanc
862 674 1085 721 doluisse
1113 673 1292 720 Deam.

147 751 356 800 Pallade
380 760 667 817 conspecta,
695 760 866 800 natum
891 753 954 800 de
980 751 1187 799 crimine
1211 751 1349 814 virgo

216 829 487 878 Sustulerit
512 846 684 894 quare,
713 838 922 893 quaeret,
951 828 1354 877 Erichthonium.

147 905 356 954 Venerit
378 907 429 954 in
454 908 623 970 magni
648 907 910 971 templum,
937 914 1025 955 tua
1049 922 1271 962 munera,
1300 906 1498 961 Martis,

217 984 331 1032 Stat
353 985 525 1033 Venus
549 985 699 1033 ultori
718 987 898 1049 juncta
918 985 1021 1032 viro
1047 991 1163 1032 ante
1189 983 1336 1032 fores.

1451 986 1548 1031 296

148 1061 298 1109 Isidis
324 1063 432 1111 aede
458 1063 658 1120 sedens,
686 1079 774 1111 cur
798 1063 928 1111 hanc
958 1062 1209 1118 Saturnia,
1237 1068 1446 1126 quaeret,

215 1139 390 1202 Egerit
413 1140 554 1188 Ionio
581 1140 930 1205 Bosporioque
954 1140 1092 1188 mari.

150 1215 209 1263 In
239 1217 431 1266 Venere
456 1217 721 1275 Anchises,
747 1219 798 1265 in
825 1217 968 1265 Luna
993 1217 1216 1264 Latmius
1242 1217 1406 1274 heros,

218 1294 278 1348 In
304 1295 489 1344 Cerere
514 1295 700 1353 Iasion,
728 1296 814 1361 qui
839 1295 1094 1352 referatur,
1123 1296 1232 1343 erit.

191 1434 267 1466 289.
293 1434 393 1469 Quum
412 1436 529 1466 steterit
544 1435 628 1466 Jovt's
647 1439 717 1473 orde,
733 1436 812 1478 δία]

149 1483 256 1520 Quum
271 1485 392 1515 venerit
406 1484 439 1515 in
460 1484 561 1516 aedem
577 1486 667 1517 Jovis
684 1486 814 1529 Capito·

147 1533 214 1570 lini,
229 1539 304 1565 tunc
320 1534 489 1577 reputabit,
506 1546 611 1576 quam,
627 1536 693 1566 &ca

192 1584 267 1614 293.
298 1583 416 1614 Natum
445 1586 480 1615 de.
503 1585 655 1625 crimina]
692 1585 813 1615 Natum

147 1632 187 1664 de
210 1633 277 1665 lite.
322 1634 525 1665 Erichthonio
549 1645 664 1665 nomen
684 1634 812 1676 imposi-

148 1689 215 1714 tum
228 1682 298 1715 ἀπὸ
310 1686 371 1722 τῆς
385 1682 488 1725 ἔριδος
502 1685 555 1715 καὶ
566 1684 698 1725 χθονὸς,
710 1683 741 1714 id
755 1691 812 1720 est,

148 1743 186 1764 ex
217 1732 387 1764 certamine
421 1739 517 1775 atque
543 1733 664 1764 humo:
707 1742 814 1764 auctor

148 1781 343 1813 Lactantius.
389 1783 540 1813 Fabulam
562 1783 654 1813 refert
675 1782 813 1819 Servius,

148 1837 179 1862 et
195 1830 329 1868 Ovidius
343 1831 422 1863 libro
436 1831 652 1874 Metamorph.
664 1831 813 1863 secundo.

190 1881 266 1912 295.
301 1880 425 1911 Venerit:
447 1882 481 1912 in
504 1883 609 1923 magni
639 1881 810 1922 templum]

147 1929 262 1961 Martis
283 1929 394 1960 ulton's
409 1929 567 1971 designat,
586 1930 670 1971 quod
685 1930 814 1971 Augus-

148 1984 200 2011 tus
219 1978 303 2011 bello
318 1978 516 2022 Philippensi
537 1990 593 2021 pro
618 1979 735 2011 ultione
754 1990 811 2022 pa-

147 2034 236 2060 terna
256 2034 436 2071 susceptum
455 2035 605 2068 voverat5
629 2029 662 2060 in
680 2039 742 2071 quo
758 2040 812 2060 vo·

146 2078 206 2111 luit
232 2078 288 2118 de„
305 2077 399 2109 bellis
432 2079 660 2121 triumphisque
692 2079 813 2110 consuli

147 2122 312 2160 senatum:
349 2129 528 2170 sanxitque,
566 2134 602 2160 ut
637 2129 814 2171 provincias

148 2189 221 2210 cum
249 2177 379 2220 imperio
400 2178 528 2220 petituri
551 2189 589 2210 ex
614 2190 651 2210 eo
676 2179 814 2211 deduce-

147 2234 263 2266 rentur,
284 2227 401 2269 quique
424 2227 557 2260 victores
579 2228 753 2265 rediissent,
777 2240 814 2261 eo

147 2276 283 2318 insignia
295 2277 521 2318 triumphorum
531 2277 689 2309 inferrent.
720 2279 814 2309 Men.

191 2327 265 2358 296.
289 2326 356 2357 Stat
375 2327 473 2358 Venus
487 2327 611 2368 ultori]
648 2328 748 2365 Quasi
765 2328 811 2358 di-

148 2381 211 2413 cat,
231 2375 383 2407 succunit
404 2375 593 2408 adulterium
609 2377 724 2409 Martis
740 2388 811 2408 cum

148 2425 283 2457 Venere.
327 2424 484 2466 Intelligit
502 2431 608 2457 autem
631 2426 732 2457 aedem
748 2427 812 2458 Ve-

149 2474 232 2506 neris
249 2473 409 2515 genitricis
426 2473 571 2515 junctam
595 2475 710 2507 Martis
733 2482 811 2506 tem-

148 2523 212 2565 plo.
255 2523 373 2554 Juncta
394 2524 458 2554 viro
469 2535 480 2561 ,·
507 2523 647 2556 duriores
669 2524 812 2564 numeri3

148 2583 250 2615 neque
278 2577 362 2604 recte
388 2573 522 2604 Veneris
555 2576 654 2605 virum
685 2576 814 2605 ultorem

149 2622 288 2654 Martem
312 2621 375 2653 dici
400 2628 487 2664 puto,
508 2634 605 2665 quum
630 2630 746 2654 amator
766 2624 814 2655 fu-

150 2672 218 2708 erit,
231 2682 324 2713 quem
338 2673 401 2702 viro
415 2670 496 2703 infra
507 2683 572 2704 ver.
587 2674 663 2704 372.
675 2673 815 2716 opponit.

149 2721 240 2753 Forte
270 2720 426 2764 scripserit
438 2733 447 2761 3
485 2722 553 2753 Stat
590 2722 687 2754 Venus
720 2725 815 2754 ultori

1451 1298 1549 1342 300

872 1438 989 1477 juncta
1009 1437 1081 1476 quid
1103 1442 1174 1466 ante
1188 1435 1297 1477 fores?
1322 1433 1456 1471 scilicet,
1472 1446 1549 1475 qure-

882 1493 929 1516 ret
945 1485 1032 1527 quid,
1048 1485 1080 1516 id
1097 1491 1155 1521 est,
1168 1495 1264 1526 quare
1276 1485 1386 1515 Venus
1401 1491 1461 1516 stet
1477 1493 1551 1516 ante

882 1535 975 1571 fores,
988 1535 1101 1577 juncta
1118 1534 1219 1565 ultori.

924 1585 1000 1615 298.
1017 1584 1126 1626 Egerit
1140 1583 1224 1614 Ionio
1237 1584 1433 1624 Bosporiaque
1444 1583 1549 1624 mari]

927 1634 992 1664 Hoc
1006 1635 1155 1674 qztondam
1178 1640 1307 1664 monstro
1330 1634 1486 1664 horribiles
1501 1644 1549 1664 ex-

967 1685 1065 1713 arcuit
1084 1684 1155 1719 iras,

924 1731 1057 1764 Inachiae,
1081 1733 1165 1763 Juno
1191 1739 1301 1773 pestem
1325 1734 1470 1763 meditata
1488 1735 1548 1774 ju-

966 1794 1074 1813 vencae.

880 1831 996 1873 virgil.
1014 1831 1058 1862 iii.
1076 1832 1193 1873 Georg.
1214 1832 1285 1863 152.
1303 1843 1351 1873 sq.

924 1881 1064 1922 Οἶστρον
1083 1882 1242 1913 καλοῦσιν
1264 1881 1369 1913 αὐτὸν
1384 1879 1412 1912 οἱ
1427 1880 1550 1912 Νείλου

967 1930 1084 1969 πέλας·

881 1980 1026 2021 AEschyl.
1042 1981 1119 2022 Sup.

924 2029 1099 2069 Φοινήεντι
1112 2028 1223 2072 μύωπι
1237 2028 1329 2070 βοῶν
1344 2029 1478 2072 ἐλατῆρι
1494 2041 1548 2061 τυ-

968 2083 1078 2113 πεῖσα·

880 2131 1009 2163 Coluth.
1024 2131 1168 2162 Theban.

1153 2212 1155 2214 ,
1173 2178 1308 2220 Ἰναχις
1320 2177 1374 2209 Ἰὼ

924 2228 1086 2268 Φοιταλέη
1112 2227 1144 2259 δὲ
1170 2227 1327 2259 πόδεσσιν
1348 2226 1391 2269 ἐφ’
1417 2226 1548 2270 ἁλμυρὰ

966 2278 1063 2319 βαῖνε
1078 2278 1223 2310 κέλευθα·

879 2329 1006 2360 Mosch.
1023 2328 1119 2370 Idyll.
1134 2328 1166 2358 ii.
1183 2338 1248 2358 ver.
1268 2328 1322 2357 44.

922 2379 997 2409 299.
1022 2378 1062 2409 Ιη
1079 2378 1169 2408 Luna
1187 2377 1327 2407 Latmius
1348 2376 1457 2416 heros]
1483 2376 1548 2407 En-

883 2428 1062 2469 dymionem
1087 2427 1241 2467 designat,
1264 2437 1283 2457 a
1297 2425 1420 2457 Latmio
1443 2431 1550 2458 monte

880 2477 982 2508 Cariae
999 2476 1266 2518 cognominatum.

923 2527 997 2556 300.
1022 2525 1061 2556 Ιιι
1090 2526 1197 2556 Cerere
1224 2524 1336 2560 Iasion,
1361 2524 1437 2564 &c.]
1476 2524 1549 2556 Fuit

879 2575 1000 2612 Jasion,
1017 2575 1055 2606 de
1072 2586 1133 2617 quo
1153 2575 1204 2606 hic
1227 2580 1321 2616 poeta
1336 2573 1494 2614 intelligit,
1511 2575 1548 2604 fi-

879 2625 941 2655 lius
963 2624 1051 2656 Jovis
1072 2630 1104 2655 et
1126 2624 1272 2660 Electrae,
1293 2623 1451 2664 fraterque
1467 2623 1549 2654 Dar-

880 2674 953 2704 dani
979 2680 1011 2704 et
1034 2673 1193 2703 Armoniae
1217 2671 1330 2704 Cadmi
1355 2672 1469 2708 uxoris,
1491 2672 1547 2714 qui

881 2728 984 2755 sumta
999 2733 1094 2754 uxore
1115 2722 1245 2764 Cybele,
1262 2722 1477 2764 Corybantum
1492 2732 1548 2763 ge-
