1760 3172
205 175 262 215 56
592 173 642 214 P.
678 173 890 214 OVIDII
926 173 1206 215 NASONIS

210 289 345 336 Rara
368 295 535 336 tamen
560 289 741 336 mendo
766 288 918 336 facies
945 295 1095 336 caret.
1136 288 1309 335 occule
1335 287 1570 335 mendas:

275 364 541 429 Quamque
566 373 725 430 poteS,
753 366 925 412 vitium
951 365 1171 428 corporis
1197 365 1328 412 abde
1353 365 1442 412 tui.

209 447 262 494 Si
288 448 451 496 brevis
477 465 546 504 es,
575 449 751 495 sedeas
775 467 784 505 ;
828 465 887 495 ne
914 455 1050 494 stans
1071 448 1270 494 videare
1296 447 1469 495 sedere
1493 463 1503 494 ε

275 523 435 589 Inque
461 533 546 573 tuo
566 528 736 589 jaceas
765 526 1225 589 quantulacumque
1250 532 1373 572 toro.

206 602 303 649 Hic
325 619 543 666 quoque,
563 620 623 650 ne
645 603 804 667 possit
823 602 927 649 fieri
954 617 1187 648 mensura
1211 600 1458 656 cubantis,
1499 602 1596 647 265

275 678 466 742 InJecta
490 681 678 728 lateant
701 679 778 727 fac
803 679 892 726 tibi
919 687 1054 726 veste
1081 679 1252 742 pedes

207 754 331 809 Quae
358 756 563 803 nimium
591 757 806 819 gracilis,
834 756 982 819 pleno
1006 755 1253 802 velamina
1276 754 1358 801 filo

273 832 477 882 Surnat:
518 842 568 881 et
593 850 655 881 ex
682 834 900 880 humeris
925 834 1068 880 laxus
1095 833 1306 880 amictus
1332 837 1429 878 eat.

204 908 400 958 Pallida
422 911 684 975 purpureis
708 912 904 974 tinguat
928 926 1018 957 sua
1041 925 1250 973 corpora
1270 909 1419 972 virgis
1439 925 1448 956 :

271 985 471 1050 Nigrior
495 988 557 1035 ad
584 987 752 1034 Pharii
778 986 990 1049 confuge
1015 987 1168 1050 piscis
1194 1002 1359 1050 opem.

1495 987 1594 1031 270

202 1062 302 1111 Pes
327 1064 485 1111 malus
512 1065 561 1111 in
586 1064 730 1112 nivea
758 1079 955 1127 semper
980 1064 1168 1111 celetur
1193 1063 1359 1110 aluta:

267 1139 423 1188 Arida
446 1157 538 1189 nec
563 1141 737 1189 vinclis
763 1156 907 1189 crura
931 1140 1122 1187 resolve
1148 1139 1268 1186 suis.

243 1286 316 1317 261.
335 1286 479 1329 Menda]
503 1288 613 1319 Mende
625 1289 755 1330 Regius.
767 1289 858 1320 bene.

199 1335 354 1376 quomodo
369 1342 399 1367 et
412 1337 548 1368 Remed.
566 1337 670 1368 Amor.
687 1339 763 1368 417.

244 1384 329 1416 Tunc
357 1388 450 1417 oculis
484 1390 571 1428 signa
601 1389 796 1428 quodcunque
826 1389 857 1418 in

284 1446 405 1474 corpore
419 1437 558 1466 mendum
573 1442 626 1467 est.

199 1482 239 1513 Et
254 1482 297 1513 sic
312 1483 390 1515 infra
407 1485 479 1515 781.
496 1485 695 1516 scribendum
710 1492 796 1528 puto,
813 1498 862 1517 ca-

197 1539 267 1562 rent
287 1535 337 1564 cui
357 1540 479 1572 pectora
499 1536 613 1565 mendo.
637 1540 673 1565 ut
693 1544 863 1566 concursus

199 1581 297 1613 duum
320 1595 338 1613 a
362 1583 490 1619 vitetur,
509 1594 605 1625 quem
622 1589 654 1614 et
670 1583 721 1614 hic
739 1583 862 1615 vitavit.

198 1632 283 1663 Nam
314 1632 389 1663 alibi
425 1632 587 1664 foeminino
622 1643 734 1675 genere
773 1634 862 1665 effert

198 1681 326 1712 Noster.
353 1681 471 1713 Herus.
496 1681 559 1713 vid.
575 1683 616 1713 ad
632 1682 687 1714 lib.
703 1681 736 1714 ii.
751 1683 828 1714 653.

240 1731 316 1768 265.
343 1730 405 1761 Hic
420 1731 562 1772 quoque]
588 1731 714 1768 Malim,
730 1734 770 1763 sic
789 1743 860 1772 quo-

196 1791 264 1821 que.
301 1780 420 1811 HmNs.
459 1780 572 1812 Probo.
602 1781 748 1822 frequens
776 1781 858 1812 enim

197 1829 290 1872 hujus
309 1829 447 1861 formulae
467 1840 551 1866 usus,
566 1840 631 1872 pro,
652 1829 728 1860 licet
740 1830 859 1872 jaceas,

194 1884 226 1910 et
241 1879 434 1910 abscondere
457 1878 536 1911 velis
551 1880 749 1910 brevitatem.
769 1880 813 1911 sic
828 1886 860 1911 et

195 1927 261 1959 viii.
274 1929 357 1959 Met.
374 1928 448 1959 603.
472 1928 521 1959 Sic
536 1939 646 1969 quoque
666 1929 857 1967 complectar.

196 1977 250 2008 ubi
268 1977 370 2019 vulgo,
387 1978 463 2008 hanc
478 1988 602 2018 quoque.
614 1976 714 2019 Epist.
729 1978 794 2009 viii.
806 1980 858 2010 25.

195 2027 238 2057 sic
247 2038 361 2067 quoque
370 2038 451 2058 eram
460 2028 633 2066 repetenda.
644 2026 707 2058 vid.
718 2026 740 2058 i.
750 2026 857 2059 Amor.

196 2075 251 2106 vii.
277 2076 326 2107 13.
344 2075 434 2118 plura
455 2075 600 2106 dabimus
619 2075 658 2106 ad
675 2076 749 2107 Val.
768 2075 856 2107 Flac.

195 2124 238 2156 iv.
252 2125 326 2156 598.
371 2125 490 2156 Bunm.

237 2174 314 2205 267.
354 2175 447 2205 Pleno
482 2177 629 2206 velamina
646 2176 738 2217 fil0.]
779 2176 858 2206 Sunt

195 2234 266 2265 quae
293 2223 441 2255 Polimita
467 2225 613 2256 Petronio
637 2236 707 2268 cap.
732 2226 784 2257 40.
807 2225 856 2256 di-

196 2279 319 2305 cuntur.
336 2273 407 2305 vide
423 2285 508 2316 supr.
529 2275 599 2305 109.

239 2324 315 2354 269.
340 2323 459 2365 Tangat
471 2335 525 2354 sua
541 2323 692 2364 corporm]
723 2323 858 2365 Tangere

195 2372 289 2404 etiam
313 2372 388 2403 alibi
407 2383 462 2414 pro
481 2383 609 2414 ungere,
632 2373 766 2404 illinere.
793 2373 857 2405 vid.

195 2420 234 2452 ad
257 2420 358 2464 Epist.
383 2421 448 2451 xix.
476 2422 528 2453 44.
551 2428 583 2453 et
612 2422 641 2453 iv
670 2422 754 2452 Fast.
779 2422 854 2452 790.

193 2470 248 2501 sed
269 2477 388 2512 tangat,
406 2470 456 2501 hic
479 2481 540 2502 non
560 2477 622 2502 tam
643 2471 758 2513 placet,
781 2470 855 2512 quia

193 2520 232 2551 de
256 2520 328 2551 fuco
340 2519 453 2561 agitur,
468 2521 507 2552 de
524 2531 586 2562 quo
605 2519 718 2551 rectius
739 2522 855 2561 tingere

194 2569 256 2600 dici
276 2575 361 2611 puto.
412 2570 507 2611 Virga
532 2570 581 2600 hic
606 2575 678 2600 sunt
696 2575 776 2599 notae
807 2569 854 2600 fu-

194 2624 284 2655 catae,
309 2619 440 2650 maculae
461 2624 526 2650 arte
543 2619 657 2656 ductae,
683 2618 797 2660 quibus
809 2619 854 2649 fa.-

193 2668 273 2699 ciem
303 2668 454 2710 pallidam
484 2669 611 2700 illinunt
629 2681 634 2698 :
670 2673 704 2699 ut
734 2670 854 2709 virgata

195 2729 288 2747 ›rw-us
312 2716 394 2759 apud
420 2717 490 2748 val.
516 2718 621 2749 Flacc.
647 2717 681 2748 ii.
706 2717 776 2749 158.
800 2718 852 2748 ubi

926 1287 1019 1330 plura
1045 1286 1198 1319 dicemus.
1220 1284 1284 1317 illis
1312 1294 1386 1316 vero
1411 1283 1506 1325 virgis
1530 1293 1593 1314 non

927 1343 991 1368 tam
1017 1336 1158 1378 tangitur
1179 1346 1301 1378 corpus,
1326 1344 1422 1377 quam
1446 1333 1591 1375 tingitur.

927 1397 999 1418 nam
1022 1386 1164 1423 materia,
1180 1396 1218 1417 ex
1243 1395 1306 1427 qua
1328 1384 1392 1415 illae
1415 1383 1511 1426 virgae
1534 1382 1593 1414 ‹lu-

931 1441 1054 1473 cuntur,
1070 1435 1185 1467 rectius
1206 1440 1309 1477 posset
1331 1433 1394 1466 dici
1417 1432 1503 1474 tangi
1526 1443 1591 1464 cor-

929 1496 997 1526 pus.
1044 1486 1208 1516 BunMAN.
1254 1484 1314 1515 Per
1342 1485 1443 1525 virgas
1469 1493 1589 1522 purpu—

928 1545 1006 1571 reas,
1031 1534 1155 1566 vacinia
1179 1533 1338 1575 intelligit,
1362 1542 1494 1574 quorum
1518 1541 1594 1562 usus

929 1583 1073 1626 frequens
1097 1584 1180 1626 apud
1204 1583 1325 1620 Gallos,
1346 1587 1426 1613 teste
1450 1581 1536 1612 Plin.
1559 1581 1592 1611 in

927 1633 1063 1665 tinctura
1071 1644 1235 1677 purpurea.
1263 1634 1289 1663 V
1289 1635 1298 1664 ι’
1303 1644 1371 1675 rgas
1381 1637 1487 1663 autern
1500 1629 1592 1666 dixit,

928 1693 983 1725 pro
1008 1683 1112 1715 baccis
1135 1683 1221 1725 ipsiS‚
1247 1693 1264 1714 e
1288 1682 1403 1724 quibus
1429 1680 1512 1712 color
1537 1691 1592 1711 ex-

927 1732 1083 1773 primitur.
1133 1732 1310 1773 Sandycem
1332 1731 1387 1762 alii
1409 1729 1528 1766 volunt,
1551 1728 1592 1760 de

928 1793 991 1824 qua
1005 1782 1095 1824 Virg.
1113 1781 1184 1813 Ecl.
1200 1781 1244 1812 iv.
1263 1782 1318 1813 45.
1364 1781 1422 1811 Est
1445 1790 1516 1811 vero
1538 1789 1590 1810 co-

928 1831 1000 1862 loris
1022 1842 1077 1863 seu
1094 1831 1247 1873 pigmenti
1270 1841 1369 1872 genus
1390 1840 1428 1861 ex
1452 1828 1592 1860 metallo.

927 1880 1046 1912 Amin.

971 1931 1045 1961 271.
1074 1931 1130 1961 Pes
1144 1932 1242 1961 malus
1263 1932 1295 1961 ιή
1314 1932 1402 1960 nivea
1418 1939 1530 1969 semper
1543 1939 1591 1959 ce-

927 1982 1008 2011 letur
1030 1980 1150 2021 aluta]
1176 1980 1261 2011 Albo
1285 1979 1404 2015 calceo,
1426 1978 1592 2011 ‚Iuvenalis

925 2030 1037 2072 Satyra
1051 2029 1107 2061 vii.
1127 2032 1221 2072 nigrae
1236 2029 1377 2061 meminit
1392 2030 1496 2060 alntoe.

981 2080 1152 2120 Appositum
1186 2081 1282 2121 nigra·
1320 2080 1425 2110 lunam
1460 2079 1590 2110 subtexit

1010 2130 1113 2160 alum.

926 2177 1013 2209 albos
1033 2179 1157 2209 calceos
1173 2177 1339 2220 Appianus
1359 2177 1482 2209 videtur
1498 2176 1586 2207 Phae-

925 2229 1005 2257 casia
1028 2227 1198 2269 appellare,
1223 2227 1276 2258 ubi
1300 2227 1340 2258 de
1362 2225 1502 2257 Antonio
1525 2224 1590 2267 agit

925 2275 1059 2307 Athenis
1081 2276 1169 2307 luxui
1192 2276 1397 2318 indulgente:
1423 2276 1490 2307 Καὶ
1511 2286 1587 2306 στο-

923 2325 990 2363 λὴν
1001 2327 1064 2367 εἶχε
1077 2325 1284 2367 τετράγωνον
1298 2324 1500 2364 Ἑλληνικὴν
1509 2323 1589 2356 ἀντὶ

924 2376 985 2412 τῆς
1003 2374 1154 2416 πατρίου,
1169 2375 1223 2405 καὶ
1247 2372 1402 2414 ὑπόδημα
1422 2373 1465 2411 ἦν
1487 2373 1588 2405 αὐτοῦ

923 2423 1042 2454 λευκὸν
1070 2423 1233 2459 Ἀττικὸν,
1264 2424 1282 2454 ’ὁ
1312 2424 1365 2454 καὶ
1400 2422 1588 2461 Ἀθηναίων

924 2472 1055 2514 ἔχουσιν
1076 2472 1165 2515 ἱερεῖς
1185 2474 1239 2504 καὶ
1259 2471 1513 2514 Ἀλεξανδρέων,
1533 2473 1589 2504 καὶ

924 2522 1059 2552 καλοῦσι
1087 2521 1277 2554 Φαικάσιον.
1326 2521 1398 2552 Non
1422 2531 1495 2563 ergo
1521 2520 1586 2552 albi

923 2570 1020 2601 calcei
1043 2570 1075 2600 in
1096 2581 1154 2601 usu
1179 2570 1343 2601 Romanis.
1381 2570 1587 2601 Phoecasiano-

925 2631 990 2649 rum
1011 2618 1153 2650 meminit
1176 2625 1208 2650 et
1229 2621 1351 2651 Seneca
1371 2618 1450 2650 libro
1472 2618 1525 2649 vii.
1547 2619 1585 2650 de

922 2668 1083 2699 beneficiis
1105 2679 1174 2710 cap.
1192 2668 1255 2699 xxi.
1278 2669 1501 2709 Pythagoricus
1518 2670 1584 2709 qui-

922 2718 988 2747 dam
1020 2725 1128 2748 emerat
1160 2732 1175 2748 ιι
1208 2718 1313 2748 Sutore
1340 2719 1495 2757 phaz-asia,
1525 2728 1582 2748 rem
