1760 3172
255 168 340 209 448

646 169 696 209 Ρ.
731 169 943 211 OVIDII
978 169 1256 212 NASONIS

257 283 385 331 Tum
411 284 500 331 tibi
528 283 593 331 Di
617 283 803 332 faciant
827 284 1042 332 adeundi
1069 287 1214 349 copia
1238 287 1349 344 fiat;

325 361 618 410 Profectura
642 362 831 425 aliquid
857 370 963 410 tum
988 370 1074 410 tua
1097 365 1247 412 verba
1273 373 1410 428 puta.

259 438 312 485 Si
338 439 459 502 quid
485 448 600 502 aget
623 442 800 503 majus,
827 440 970 487 differ
993 449 1078 488 tua
1103 450 1294 506 coepta3
1325 459 1546 506 caveque

325 516 478 580 Spem
504 516 783 565 festinando
808 518 1118 581 praecipitare
1144 535 1322 567 meam.

1549 523 1640 567 14O

257 592 365 641 Nec
391 610 559 641 rursus
579 595 749 658 jubeo,
777 595 896 642 dum
923 595 986 642 sit
1010 595 1324 652 vacuissima,
1353 613 1580 660 quaeras:

323 671 558 736 Corporis
585 673 646 720 ad
671 673 859 719 cultum
879 673 963 719 vix
988 681 1132 720 vacat
1156 673 1240 721 illa
1265 674 1357 721 sui.

256 748 408 796 Curia
432 766 587 813 quum
611 749 837 813 patribus
863 749 1009 797 fuerit
1034 751 1220 814 stipata
1243 751 1488 808 verendis,

321 825 420 873 Per
444 842 606 874 rerum
631 827 826 874 turbam
853 834 907 874 tu
933 844 1134 891 quoque
1160 836 1356 892 oportet
1380 845 1481 877 eas.

255 903 422 956 Quum
447 903 536 951 tibi
561 904 827 966 contigerit
845 905 1036 952 vultum
1056 905 1085 952 J
1092 906 1267 953 unonis
1294 906 1446 962 adire,

1546 909 1636 953 145

321 980 419 1028 Fac
446 981 512 1028 sis
539 997 780 1045 personae,
809 999 959 1045 quam
985 990 1171 1039 tueare,
1199 1000 1404 1031 memor.

255 1057 363 1106 Nec
380 1058 565 1106 factum
579 1059 790 1107 defende
807 1077 972 1108 meum
987 1080 996 1118 ;
1017 1062 1148 1108 mala
1163 1077 1315 1108 causa
1330 1060 1523 1108 silenda
1538 1066 1637 1108 est:

320 1135 405 1182 Nil
431 1136 524 1183 nisi
551 1137 774 1184 sollicitae
801 1137 901 1184 sint
926 1145 1014 1185 tua
1036 1138 1187 1186 verba
1211 1154 1402 1202 preces,

253 1212 380 1259 Tum
420 1213 652 1278 lacrymis
690 1215 936 1263 demenda
972 1232 1110 1264 mora
1155 1224 1247 1272 est,
1288 1215 1638 1278 submissaque

316 1289 397 1337 Ad
422 1307 520 1338 non
544 1291 778 1339 mortales
803 1292 1007 1340 brachia
1029 1293 1179 1341 tende
1206 1293 1377 1357 pedes,

1474 1293 1638 1354 [terrae

251 1366 378 1414 Tum
402 1375 517 1431 pete
542 1369 610 1415 nil
634 1369 784 1425 aliud,
808 1386 937 1417 saevo
964 1370 1056 1417 nisi
1083 1372 1145 1418 ab
1171 1371 1315 1418 hoste
1341 1370 1599 1418 recedam:

317 1444 529 1493 Hostem
548 1446 794 1495 fortunam
820 1448 885 1495 sit
909 1448 1028 1495 satis
1049 1465 1159 1496 esse
1186 1448 1322 1495 mihi.

1544 1450 1634 1495 152

250 1522 404 1570 Plura
428 1524 632 1587 quidem
659 1526 902 1583 subeunt3
944 1527 1033 1573 sed
1052 1527 1157 1589 jam
1181 1526 1381 1572 turbata
1402 1525 1579 1572 timore

316 1600 440 1648 Haec
467 1618 670 1665 quoque
693 1603 776 1649 vix
802 1603 985 1666 poteris
1011 1618 1094 1650 ore
1119 1609 1363 1650 tremente
1387 1601 1543 1665 loqui.

251 1677 490 1742 Suspicor
507 1679 600 1726 hoc
621 1679 801 1727 damno
820 1681 910 1727 tibi
933 1697 1030 1728 non
1050 1680 1152 1728 fore
1171 1699 1182 1739 ;
1214 1680 1396 1728 sentiat
1414 1680 1497 1728 illa
1542 1682 1633 1726 155

313 1753 385 1802 Te
410 1757 722 1819 maJestatem
748 1758 1064 1821 pertimuisse
1092 1773 1248 1805 suam.

250 1831 296 1878 N
302 1848 358 1879 ec
382 1839 468 1880 tua
492 1834 532 1880 si
557 1835 676 1882 fietu
703 1835 993 1883 scindantur
1017 1836 1183 1891 verba,
1214 1833 1442 1881 nocebit:

314 1909 569 1959 Interdum
594 1913 829 1977 lacrymae
855 1914 1077 1978 pondera
1101 1914 1234 1960 vocis
1261 1913 1466 1960 habent.

247 2084 353 2126 aliqua
369 2084 498 2115 laetitia:
522 2096 560 2116 ex
575 2096 638 2127 quo
659 2086 814 2126 designat,
831 2093 905 2117 tunc

245 2139 368 2175 tempus
382 2134 444 2165 fore
461 2135 555 2165 verba
570 2135 609 2165 de
626 2146 658 2166 se
675 2134 807 2166 faciendi
823 2135 905 2177 apud

246 2183 376 2219 Liviam,
396 2194 493 2225 quum
508 2184 621 2215 viderit
645 2185 677 2215 iu
697 2185 816 2215 aedibus
837 2185 904 2215 Au-

244 2232 327 2273 gusti
353 2242 420 2263 esse
449 2232 592 2263 laetitiam
622 2233 773 2275 aliquam,
803 2233 904 2274 qualis

245 2292 312 2313 esse
328 2283 407 2313 solet
422 2282 454 2313 in
469 2282 636 2325 Capitolio.

290 2333 362 2363 139.
386 2332 418 2362 Si
433 2334 505 2373 quid
520 2333 616 2374 aget]
644 2334 742 2374 Agent
760 2332 902 2363 Francos.

245 2380 324 2411 sorte
348 2386 449 2411 recte:
476 2380 582 2412 Caesar
605 2381 726 2412 scilicet
750 2387 781 2411 et
802 2381 901 2417 Livia,

244 2440 315 2461 cum
331 2440 395 2471 qua
408 2440 490 2472 saepe
506 2430 636 2461 consilia
651 2430 840 2460 conferebat.

290 2480 361 2509 144.
379 2479 439 2510 Per
459 2487 579 2519 parrum
601 2479 746 2520 turbam]
774 2480 833 2510 Per
854 2490 901 2510 se-

244 2534 385 2559 natorum
414 2529 659 2565 multitudinem,
682 2529 757 2559 dum
786 2528 826 2559 ad
848 2528 900 2559 Li-

243 2576 324 2607 viam
345 2576 443 2608 vadis.
483 2578 544 2608 Per
568 2589 667 2608 rerum
692 2579 820 2613 turbam,
839 2578 903 2608 ele-

243 2631 354 2666 ganter
371 2626 494 2657 Sarrav.
511 2637 572 2668 quo
597 2627 702 2669 populi
724 2627 903 2657 confluxum

243 2674 399 2716 designat.
439 2676 499 2706 Per
510 2678 641 2716 patriam
657 2677 786 2707 turbam.
802 2676 900 2706 Aron-

243 2721 358 2754 delian.
391 2724 590 2756 Burmannus
615 2725 734 2759 mallet,
758 2725 816 2755 Per
840 2737 902 2755 ma-

974 2093 1052 2116 trum
1080 2088 1219 2122 tztrbam;
1243 2085 1400 2120 nimirum,
1421 2084 1508 2120 dum,
1523 2083 1633 2126 Augu-

972 2142 1020 2166 sto
1047 2136 1079 2166 in
1109 2135 1194 2166 curia
1221 2145 1292 2165 cum
1316 2133 1457 2176 patribus
1481 2139 1634 2170 versante,

973 2186 1062 2216 Livia
1078 2191 1125 2215 est
1141 2185 1256 2222 stipata
1271 2183 1429 2214 matronis.

1019 2235 1088 2265 146.
1116 2224 1253 2264 Per-{oum
1279 2245 1366 2274 quam
1397 2232 1529 2272 tueare]
1560 2233 1632 2263 M'e-

971 2289 1075 2314 mento
1091 2289 1121 2314 te
1137 2293 1204 2314 esse
1222 2292 1348 2313 uxorem
1369 2292 1484 2317 meam,
1502 2282 1552 2312 cui
1566 2292 1630 2323 prae

970 2333 1113 2363 omnibus
1128 2343 1182 2374 pro
1194 2342 1243 2362 me
1260 2330 1474 2367 laborandum,
1491 2337 1521 2362 et
1537 2341 1631 2361 causa

971 2392 1041 2412 mea
1056 2381 1233 2412 fidelissime
1250 2380 1371 2421 agenda
1385 2380 1436 2410 sit.

1017 2431 1085 2461 152.
1116 2430 1280 2460 fortunam
1306 2440 1362 2459 esse
1386 2429 1457 2458 mihi
1489 2428 1627 2469 hostem]

970 2480 1096 2511 Habere
1121 2479 1275 2510 fortunam
1300 2478 1396 2509 solam
1414 2477 1584 2514 inimicam,
1600 2484 1632 2509 et

970 2539 1030 2559 non
1042 2528 1174 2570 Scythas
1185 2529 1277 2558 etiam
1293 2540 1298 2557 :
1316 2528 1366 2558 vel
1381 2526 1546 2558 calamitas
1559 2537 1630 2558 mea

969 2579 1045 2608 satis
1060 2577 1212 2608 hostiliter
1227 2587 1276 2607 me
1292 2576 1398 2607 habet.

1015 2628 1085 2658 157.
1105 2626 1167 2657 Nec
1195 2633 1246 2656 tua
1270 2627 1293 2656 si
1308 2624 1419 2666 fletu]
1446 2625 1549 2655 Etiam
1570 2624 1628 2655 hoc

969 2675 1122 2706 distichon
1138 2675 1187 2705 vix
1210 2685 1263 2717 pro
1282 2674 1418 2716 genuino
1438 2673 1627 2709 habendum,

970 2735 1006 2755 ne
1020 2724 1068 2755 bis
1090 2724 1173 2755 idem
1191 2723 1294 2754 dicat:
1316 2723 1382 2765 jam
1395 2721 1477 2754 enim
1497 2732 1627 2764 praeces-
