1760 3172
192 165 277 205 406

581 160 630 201 P.
664 158 876 200 OVIDII
911 157 1188 200 NASONIS

197 279 359 333 Quem
385 276 467 340 pia
490 275 746 322 vobiscum
772 274 934 338 proles
960 272 1212 320 comitavit
1235 279 1452 326 euntem,

265 354 429 416 Digna
452 360 657 416 parente
683 367 788 406 suo,
816 350 1200 413 nominibusque
1225 349 1383 406 datis3

203 430 453 477 Fratribus
475 427 730 482 adsimilis,
749 443 874 490 quos
896 427 1122 491 proxima
1141 427 1328 490 templa
1351 430 1578 474 tenentes

267 507 422 554 Divus
448 505 510 552 ab
535 505 738 552 excelsa
760 502 924 551 Julius
950 503 1056 551 aede
1080 503 1229 550 videt.

1517 504 1578 548 86

201 586 293 633 His
321 583 657 638 Messallinus,
682 581 863 645 quibus
884 581 1049 628 omnia
1071 581 1248 628 cedere
1273 580 1474 634 debent,

266 661 487 709 Primum
511 659 694 707 laetitiae
720 675 816 707 non
842 666 991 721 negat
1015 675 1126 706 esse
1149 659 1331 705 locum.

203 739 455 802 Quicquid
470 739 531 786 ab
546 737 622 785 his
639 743 882 802 superest,
895 736 1028 784 venit
1043 736 1092 782 in
1108 742 1359 783 certamen
1376 733 1580 781 amoris:

269 815 378 863 Hac
403 815 658 862 hominum
682 813 803 860 nulli
829 821 967 877 parte
993 813 1242 860 secundus
1269 811 1381 858 eris.

1518 812 1582 856 90

205 893 353 941 Hunc
378 893 518 949 colis,
537 899 650 940 ante
674 892 807 940 diem
832 907 920 955 per
945 907 1096 955 quem
1121 890 1322 937 decreta
1345 886 1551 936 merenti

270 970 421 1018 Venit
444 968 695 1017 honoratis
719 969 889 1016 laurea
912 967 1064 1030 digna
1087 965 1258 1014 comis.

206 1136 327 1166 laurum
343 1143 491 1165 conversa
504 1133 572 1164 fuit.
607 1134 717 1165 Heins.
731 1133 864 1165 scribere

203 1184 304 1225 jubet,
336 1184 436 1214 Penea
464 1185 592 1225 virgine,
627 1182 702 1225 quia
730 1183 866 1225 Daphne

207 1233 304 1264 Penei
325 1232 460 1263 fluminis
483 1232 548 1262 filia
573 1237 630 1264 est.
682 1232 819 1263 Gronov.
849 1243 866 1263 e

208 1281 474 1313 Pirkheimeriano
499 1281 620 1318 codice,
646 1282 772 1313 Phoebeu
798 1293 866 1312 eon-

198 1334 290 1373 jnge.
320 1330 364 1361 At
385 1330 499 1372 conjux
518 1341 581 1360 non
602 1330 672 1366 suit,
688 1331 746 1361 nisi
761 1341 867 1372 spera-

210 1387 274 1412 tam
304 1390 374 1411 eam
405 1379 499 1411 fuisse
528 1379 653 1417 dixeris,
677 1380 732 1411 sed
760 1385 870 1411 neutro

208 1440 285 1471 opus
300 1436 357 1465 est,
374 1429 486 1471 utjam
507 1429 587 1459 bene
605 1428 760 1470 judicavit
774 1428 870 1460 Auct-

210 1479 313 1510 Elect.
330 1478 422 1509 Eton.
465 1478 614 1509 HAnmzs.

254 1529 307 1559 83.
332 1528 392 1558 Ρὶα
415 1528 511 1567 proles
538 1532 586 1558 est
611 1527 817 1559 Germanicus
841 1533 872 1558 et

211 1577 354 1614 Drusus;
377 1587 450 1607 nam
475 1582 506 1606 et
530 1575 788 1618 triumphantium
816 1575 872 1606 filii

211 1625 357 1656 solebant
371 1635 443 1656 cum
463 1631 550 1667 patre
569 1624 651 1655 vehi.
666 1624 734 1655 Liv.
751 1625 802 1656 45.
816 1625 870 1655 40.

216 1675 368 1706 Vobiscum
379 1686 389 1711 ,·
413 1674 445 1704 h.
457 1684 486 1705 e.
501 1673 685 1704 Messallino
700 1679 732 1704 et
745 1673 873 1715 reliquis

212 1723 334 1765 legatis,
364 1722 480 1754 Tiberii
514 1716 645 1753 currum
667 1722 871 1764 prosequufis,

213 1773 327 1814 quibus
361 1771 564 1813 triumphalia
599 1777 781 1802 ornamenta
815 1772 872 1812 (de

213 1821 327 1862 quibus
348 1832 378 1851 v.
405 1831 499 1862 supra
525 1819 557 1851 ii.
583 1821 612 1851 1.
634 1819 704 1861 29.)
726 1820 872 1862 impetra-

213 1876 311 1901 verat.
327 1869 455 1900 sueton.
469 1868 572 1900 Tiber.
589 1879 617 1900 c.
629 1870 681 1900 20.
697 1880 726 1900 v.
745 1869 871 1911 Micyll.

217 1924 248 1950 et
263 1918 438 1949 Heinsium.
472 1918 621 1949 HARLES.

261 1969 313 2000 84.
344 1968 579 2008 Nominibusque
614 1968 720 2008 datis]
760 1968 872 1999 Heius.

215 2017 304 2048 malit
318 2018 405 2047 ratis.
430 2016 639 2048 Germanicus
654 2027 768 2048 nomen
783 2028 873 2048 suum

214 2077 275 2097 non
296 2075 360 2096 una
380 2065 419 2096 de
439 2065 605 2097 Germanis
619 2064 750 2096 victoria
774 2072 875 2096 ratum

215 2115 300 2146 fecit.
334 2115 380 2146 At
394 2114 478 2145 enim
493 2114 572 2145 nihil
586 2119 749 2151 mutarem,
765 2115 820 2146 sed
835 2115 874 2147 de

216 2163 340 2195 nomine
368 2162 561 2199 Germanici,
590 2169 642 2194 aut
678 2163 718 2194 de
747 2163 876 2205 adopta-

216 2213 300 2244 tione
323 2211 356 2243 in
382 2222 494 2242 nomen
519 2212 697 2243 Caesareum
720 2212 876 2255 intellige-

218 2272 293 2292 rem.
330 2260 459 2292 Auctor.
476 2261 612 2291 Elector.
632 2261 724 2292 Eton.
744 2262 875 2293 Germa-

219 2310 291 2346 nici,
307 2309 410 2345 credo,
425 2309 536 2351 inquit,
553 2319 589 2340 ac
615 2309 835 2352 imperatorum
858 2321 877 2342 a

219 2359 358 2402 principe
389 2365 420 2389 et
443 2366 553 2390 senatu
567 2371 576 2398 ;
600 2359 757 2390 Caesarum
783 2360 877 2391 etiam

219 2419 238 2439 a
253 2408 347 2450 vulgo
370 2407 438 2440 κατ’
454 2408 586 2449 ἐξοχὴν,
613 2408 874 2451 Principumque:

221 2457 354 2488 alterum
383 2467 421 2488 ex
447 2457 558 2488 Tacito
582 2463 723 2496 constat3
747 2458 878 2489 alterum

222 2506 384 2543 credibile,
400 2506 484 2548 quod
508 2506 564 2537 filii
590 2507 723 2538 familias
741 2507 772 2537 in
795 2507 878 2549 prin-

221 2555 326 2597 cipum
358 2556 449 2586 domo
486 2562 585 2587 erant.
637 2556 751 2587 Confer
778 2557 878 2589 Tacit.

224 2605 339 2635 Annal.
355 2605 398 2635 iii.
414 2606 466 2635 34.
504 2605 650 2636 Harmas.

265 2655 316 2684 85.
341 2655 496 2685 Adsimiles
519 2655 693 2696 conjecerat
720 2654 876 2690 Heinsius,

223 2702 302 2743 quod
330 2708 421 2744 poeta
447 2703 486 2733 de
512 2703 613 2735 Druso
636 2709 666 2733 et
691 2703 878 2735 Germanico

931 1133 996 1174 agit
1011 1138 1042 1164 et
1056 1131 1100 1163 sic
1116 1130 1265 1172 scriptum
1279 1136 1326 1161 est
1339 1129 1372 1160 in
1383 1129 1499 1160 Bavar.
1509 1128 1588 1160 Ger-

932 1182 1072 1213 manicus
1087 1180 1170 1212 enim
1185 1179 1351 1221 adoptione
1364 1178 1480 1210 Tiberii
1493 1177 1589 1213 filius.

934 1231 1026 1262 frater
1042 1229 1156 1261 Drusi:
1182 1228 1342 1260 adsimiles
1367 1233 1472 1259 autem
1491 1227 1592 1259 fratri·

934 1281 1003 1316 bus,
1020 1279 1050 1310 h.
1064 1290 1092 1311 e.
1113 1277 1235 1310 Castori
1257 1284 1288 1309 et
1310 1276 1443 1314 Polluci,
1460 1287 1591 1318 quorum

934 1329 1076 1361 Tiberius
1098 1329 1209 1365 aedem,
1233 1333 1268 1359 ut
1292 1327 1391 1359 verbis
1417 1332 1488 1357 utar
1514 1327 1593 1358 Ver-

935 1378 1099 1421 poortenii‚
1120 1377 1230 1420 paucis
1258 1383 1330 1408 ante
1355 1376 1445 1407 annis
1467 1375 1593 1406 dedica—

937 1434 1035 1465 verat,
1058 1427 1208 1469 inscripto
1231 1437 1287 1458 suo
1310 1425 1474 1467 fratrisque
1496 1425 1594 1456 Drusi

937 1477 1071 1508 nomine.
1115 1476 1188 1507 Dio.
1203 1477 1240 1507 L.
1258 1475 1312 1506 liv.
1334 1476 1461 1506 Sueton.
1480 1473 1551 1505 Tib.
1566 1484 1594 1504 c.

937 1527 992 1557 20.
1029 1526 1115 1556 Inter
1129 1525 1211 1556 hanc
1225 1530 1256 1556 et
1267 1524 1392 1556 Saturni
1406 1523 1506 1554 aedem
1519 1522 1594 1553 aedi-

938 1575 1032 1605 ficata
1058 1574 1117 1605 fuit
1140 1575 1179 1605 ab
1194 1575 1337 1615 Augusto
1359 1572 1498 1604 Basilica
1517 1571 1595 1604 Julii

939 1623 1086 1660 Caesasis,
1102 1630 1137 1654 ut
1156 1629 1244 1666 patet
1260 1634 1297 1654 ex
1318 1621 1507 1653 monimento
1528 1622 1595 1652 An-

939 1683 1063 1714 cyrano.
1100 1673 1248 1703 HARLES.

982 1723 1034 1753 87.
1054 1722 1136 1763 His]
1157 1720 1296 1753 Subaudi
1310 1719 1446 1762 Augusti
1461 1720 1596 1762 conjugi,

939 1771 1045 1802 liberis
1067 1778 1099 1802 et
1117 1770 1250 1802 caeteris.
1298 1770 1414 1804 Quibus
1432 1772 1530 1800 omnia
1551 1781 1596 1801 ce-

940 1822 1009 1851 dere
1026 1822 1141 1852 debent.
1178 1819 1275 1857 Quasi
1296 1819 1392 1855 dicat,
1407 1818 1521 1860 quibus
1542 1829 1596 1849 ne-

940 1869 1054 1901 minem
1076 1869 1176 1911 magis
1195 1867 1295 1899 laetari
1310 1867 1439 1898 victoria
1460 1873 1550 1910 parta
1566 1874 1598 1899 et

939 1918 1096 1961 triumpho
1111 1917 1302 1949 credendum
1317 1923 1374 1948 est.

984 1969 1036 2000 89.
1056 1969 1142 1999 Venit
1159 1970 1191 1998 in
1205 1973 1354 1998 certamen
1368 1966 1503 2007 amoris]
1519 1966 1596 1997 Cer-

941 2024 987 2049 tat
1008 2018 1040 2048 in
1063 2017 1198 2048 amando
1219 2016 1356 2052 Caesare,
1373 2015 1431 2046 hoc
1451 2021 1509 2052 est,
1526 2026 1598 2046 cum

941 2066 1068 2108 reliquis
1082 2067 1121 2098 de
1143 2076 1245 2097 amore
1265 2065 1426 2096 contendit
1443 2075 1518 2107 erga
1531 2064 1598 2096 Au-

942 2122 1078 2158 gustum,
1094 2122 1126 2147 et
1147 2114 1264 2146 nemini
1284 2114 1428 2146 concedit
1445 2114 1477 2145 in
1496 2125 1599 2145 amore

942 2164 1156 2195 Messallinus.

985 2213 1038 2244 90.
1054 2213 1123 2244 Hac
1134 2212 1251 2253 parta]
1278 2212 1316 2242 In
1331 2212 1390 2243 hoc
1403 2211 1584 2244 certamine.

986 2263 1038 2293 91.
1056 2262 1146 2294 Hanc
1171 2263 1242 2294 colit
1261 2268 1331 2292 ante
1350 2264 1428 2293 diem
1445 2272 1498 2302 per
1512 2274 1600 2303 quam

943 2313 1062 2342 decreta
1085 2311 1242 2353 merenti]
1269 2312 1377 2342 Forte:
1403 2311 1498 2343 Hunc
1518 2313 1600 2348 colis,

943 2367 1014 2391 ante
1036 2362 1114 2391 diem
1135 2372 1189 2400 per
1212 2372 1296 2401 quem
1319 2362 1438 2391 decreta
1460 2363 1598 2396 merenti,

944 2415 978 2440 ut
994 2410 1034 2441 de
1048 2410 1172 2441 Tiberio
1185 2410 1387 2451 intelligatur,
1402 2409 1456 2451 qui
1467 2410 1600 2441 Messal-

944 2459 1008 2489 lino
1035 2459 1173 2490 lauream
1202 2465 1274 2490 ante
1307 2459 1389 2490 diem
1419 2459 1602 2490 decreverit.

946 2508 1038 2539 Certe
1053 2508 1212 2539 Valerium
1234 2507 1450 2539 Messallinum
1474 2508 1600 2539 Panno-

946 2557 1004 2587 niae
1027 2556 1208 2599 praefectum
1229 2557 1302 2588 huic
1322 2557 1406 2588 bello
1425 2556 1600 2589 interfuisse

946 2606 1008 2637 Dio
1032 2612 1172 2638 testatur.
1217 2607 1285 2638 Nec
1307 2607 1437 2638 dubium
1458 2606 1533 2648 quin
1554 2606 1600 2637 in-

946 2661 990 2685 ter
1010 2655 1129 2698 legatos
1149 2656 1263 2687 Tiberii
1284 2656 1388 2691 suerit,
1406 2655 1520 2697 quibus
1541 2655 1598 2687 hoc

945 2704 1027 2735 bello
1043 2705 1184 2737 confecto
1204 2712 1384 2736 ornamenta
1400 2704 1597 2747 triumphalia
