1760 3172
397 174 489 216 EX
522 174 735 216 PONTO
769 175 888 217 LIB.
922 176 1003 217 IV.
1038 177 1230 219 EPIST.
1266 178 1302 219 Ι.

1457 178 1540 219 481

156 287 200 335 Ο
228 289 424 351 quoties
449 306 543 352 ego
567 306 677 338 sum
702 290 839 338 libris
865 291 985 339 mihi
1005 293 1139 340 visus
1166 293 1214 340 in
1240 293 1346 341 istis

221 364 430 430 Impius,
457 367 507 414 in
532 368 668 415 nullo
694 369 830 431 quod
853 369 1073 430 legerere
1098 370 1234 416 loco!
1481 374 1538 417 10

155 441 199 488 O
227 444 439 505 quoties,
467 445 600 492 aliud
623 446 801 493 vellem
828 461 982 508 quum
1009 446 1241 503 scribere,
1269 463 1448 495 nomen

220 518 437 568 Rettulit
460 522 510 569 in
535 539 674 570 ceras
700 523 856 570 inscia
881 523 1058 571 dextra
1081 525 1248 570 tuum!

155 596 272 661 Ipse
297 599 417 646 mihi
441 600 630 663 placuit
652 601 845 648 mendis
871 599 921 647 in
946 600 1130 658 talibus
1157 617 1303 656 error,

221 673 289 721 Et
311 675 395 722 vix
420 676 572 724 invita
595 677 727 725 facta
750 677 897 724 litura
921 693 1069 724 manu
1096 685 1189 724 est.

153 750 349 800 Viderit
372 754 434 801 ad
455 770 720 810 summum,
748 754 870 810 dixi,
898 754 1014 802 licet
1038 754 1145 816 ipse
1173 762 1434 817 queratur3
1481 758 1538 802 lo

1516 758 1535 766 -r

220 828 365 877 Hanc
390 831 547 894 pudet
570 831 811 878 offensam
837 847 934 877 non
960 831 1201 878 meruisse
1225 831 1387 895 prius!

155 905 235 954 Da
258 907 397 963 mihi,
425 907 466 955 si
492 907 614 971 quid
647 923 706 955 ea
737 914 831 964 est,
858 908 1180 956 hebetantem
1214 916 1418 973 pectora
1449 908 1539 956 Le-

224 984 424 1032 Oblitus
451 992 623 1049 potero
648 1001 748 1032 non
772 991 941 1032 tamen
966 1001 1076 1032 esse
1101 986 1191 1032 tui.

1369 987 1506 1048 [then
1527 1003 1538 1043 ;

154 1060 315 1125 quue
339 1062 473 1110 sinas
498 1079 611 1121 oro3
642 1078 734 1110 nec
760 1062 983 1110 fastidita
1007 1063 1218 1126 repellas

218 1139 387 1188 Verba
402 1158 413 1198 ;
443 1156 536 1188 nec
561 1141 721 1188 officio
746 1140 934 1188 crimen
958 1141 1123 1189 inesse
1148 1148 1311 1205 putes.
1477 1144 1541 1187 20

153 1216 219 1265 Et
242 1218 363 1266 levis
388 1218 496 1266 haec
521 1218 710 1266 meritis
735 1218 976 1267 referatur
1001 1219 1162 1281 gratia
1186 1218 1367 1266 tantis:

219 1295 309 1343 Sin
333 1296 512 1353 minus,
539 1296 692 1344 invito
717 1303 768 1344 te
792 1312 997 1360 quoque
1023 1304 1192 1359 gratus
1219 1312 1318 1344 ero.

154 1372 427 1437 Nunquam
451 1374 594 1438 pigra
615 1374 708 1422 fuit
730 1375 909 1422 nostris
936 1381 1024 1422 tua
1049 1374 1208 1437 gratia
1231 1374 1397 1429 rebus,

221 1450 269 1498 N
273 1467 330 1499 ec
355 1451 476 1498 mihi
501 1452 759 1500 munificas
786 1468 900 1500 arca
924 1453 1124 1515 negavit
1148 1469 1286 1516 opes.

154 1527 302 1576 Nunc
329 1545 531 1593 quoque
555 1530 625 1577 nil
650 1530 828 1578 subitis
854 1531 1120 1579 clementia
1145 1530 1317 1578 territa
1341 1529 1453 1576 fatis
1479 1530 1542 1575 25

220 1605 478 1654 Auxilium
500 1607 614 1655 vitae
639 1607 849 1672 fertque,
877 1608 1103 1672 feretque
1128 1624 1268 1655 meae.

159 1683 318 1741 Unde,
346 1701 490 1748 roges
513 1685 694 1743 forsan,
721 1685 906 1734 fiducia
928 1693 1069 1734 tanta
1093 1685 1242 1732 futuri

220 1762 299 1809 Sit
322 1762 476 1810 mihi?
514 1764 650 1827 quod
674 1763 806 1820 fecit,
835 1762 1050 1826 quisque
1077 1769 1246 1810 tuetur
1271 1776 1413 1824 opus.

139 1839 226 1887 ‘Ut
249 1839 420 1888 Venus
446 1841 647 1888 artificis
671 1841 810 1889 labor
829 1848 905 1889 est
925 1848 975 1888 et
999 1840 1155 1903 gloria
1181 1838 1290 1894 Coi,

217 1917 469 1982 AEquoreo
484 1919 709 1968 madidas
731 1935 843 1983 quae
865 1918 1045 1983 premit
1060 1918 1217 1965 imbre
1238 1930 1405 1963 comas
1425 1930 1434 1962 ε
1478 1917 1541 1961 30

196 2140 230 2170 9.
248 2138 288 2170 In
303 2141 368 2171 istis
386 2141 497 2183 libris]
521 2140 561 2173 In
580 2141 638 2173 hoc
658 2141 697 2174 de
717 2142 817 2173 Ponto

154 2199 258 2231 opere.

200 2239 251 2269 10.
269 2239 308 2270 In
323 2241 410 2270 nullo
426 2239 514 2280 loca]
533 2240 572 2271 In
587 2240 677 2271 nulla
691 2240 819 2281 pagina.

202 2289 254 2319 12.
270 2289 434 2330 Rettulit]
453 2289 573 2321 Posuit.
611 2288 650 2320 In
666 2300 758 2320 ceras.
781 2289 820 2320 In

157 2338 282 2369 tabulas
298 2344 433 2371 ceratas.

198 2387 253 2418 23.
283 2387 451 2428 Nunquam
477 2389 568 2429 pigra
595 2387 696 2430 fain]
729 2387 819 2418 Nun—

157 2446 255 2477 quam
278 2436 389 2468 defuit.
435 2438 556 2468 Nostris
576 2439 672 2469 rebus.
703 2437 742 2467 In
767 2447 820 2467 no-

156 2485 227 2517 stris
241 2486 492 2518 necessitatibus.

199 2536 252 2566 27.
269 2536 411 2577 Futura]
428 2537 553 2567 Futurae
569 2536 636 2578 opis
650 2541 724 2571 tuae,
744 2535 818 2576 quia

156 2596 319 2627 nunquam
333 2596 383 2617 me
397 2585 519 2617 fefellit.

201 2635 254 2666 28.
268 2635 458 2676 Quodfinxit
469 2637 589 2677 quisque
605 2634 736 2674 tuetur]
752 2634 818 2664 Re-

157 2684 291 2727 spondet
305 2690 398 2726 poeta
418 2695 451 2716 se
468 2685 501 2716 in
521 2695 558 2715 eo
573 2683 646 2714 ideo
660 2694 747 2725 spem
762 2682 816 2713 ha-

156 2734 243 2770 bere,
261 2733 336 2776 quia
354 2739 402 2765 est
423 2745 500 2777 opus
524 2733 642 2775 ipsius:
668 2739 699 2764 et
722 2742 817 2763 unus-

201 2783 303 2814 VOL.
317 2783 363 2814 II.

888 2141 1019 2183 quisque
1046 2132 1124 2181 opus
1149 2138 1231 2180 quod
1257 2136 1340 2172 fecit,
1362 2136 1441 2167 tueri
1462 2135 1549 2167 solet.

887 2192 968 2228 Quae
988 2189 1114 2231 quidem
1139 2186 1295 2219 sententia
1319 2186 1358 2216 de
1374 2184 1551 2216 Aristotelis

887 2239 1002 2270 Ethica
1017 2237 1158 2269 sumitur.

931 2289 983 2319 29.
993 2287 1129 2327 Artificis
1142 2286 1221 2326 Coi.]
1235 2285 1368 2327 Apellis,
1382 2283 1438 2315 Coi
1449 2283 1548 2326 picto-

888 2336 930 2368 ris
946 2334 1151 2367 celeberrimi.

932 2387 983 2416 30.
1011 2386 1083 2418 Qua:
1104 2385 1212 2424 premit
1238 2382 1363 2422 comum]
1393 2383 1471 2418 Quae
1496 2391 1548 2411 ca-

889 2436 981 2478 pillos
1010 2444 1149 2476 premere
1174 2432 1351 2467 videbatur,
1378 2437 1410 2461 et
1437 2440 1551 2471 aquam

890 2484 1075 2526 exprimere.
1134 2482 1277 2512 Madidas
1303 2482 1402 2510 imbre.
1435 2478 1550 2509 Made—

891 2533 989 2564 factos
1017 2531 1146 2573 capillos
1182 2540 1264 2570 aqua
1292 2527 1436 2570 aequoris,
1468 2525 1552 2557 unde

888 2582 1054 2613 videbatur
1084 2590 1255 2620 emergere.
1306 2578 1332 2608 E
1361 2576 1438 2607 mari
1469 2575 1551 2606 enim

885 2638 994 2663 natam
1011 2631 1167 2662 Venerem
1189 2628 1370 2659 fabulantur
1392 2630 1504 2668 poetae,
1522 2630 1554 2655 et

885 2681 958 2716 ideo
979 2690 1048 2711 eam
1071 2678 1193 2709 Plinius
1208 2679 1442 2718 Anadyomenen
1459 2683 1551 2706 voca-

885 2735 949 2761 tam
972 2729 1068 2760 fuisse
1084 2726 1201 2759 scribit.

1022 2778 1038 2809 I
1056 2790 1067 2808 1
