1760 3172
208 198 293 239 278

596 199 645 239 P.
682 199 893 240 OVIDIl
930 199 1210 241 NASONIS

668 411 999 458 ELEGIA
1050 412 1146 458 ΙΙΙ.

211 542 430 590 MAGNA
451 544 712 606 minorque
728 544 1076 607 ferae‚quarum
1094 545 1226 607 regis
1242 546 1398 593 altera
1409 545 1602 603 Graias,

276 620 450 668 Altera
474 621 722 677 Sidonias,
751 629 963 684 utraque
989 621 1139 678 sicca,
1168 629 1299 670 rates
1323 642 1332 679 ;

211 695 394 743 Omnia
419 712 574 759 quum
601 714 796 744 summo
820 697 996 761 positae
1022 697 1234 745 videatis
1262 698 1310 744 in
1336 714 1446 755 axe,

277 774 344 821 Et
367 775 515 822 maris
542 775 778 823 occiduas
803 792 901 822 non
928 775 1149 823 subeatis
1175 792 1360 839 aquas;

208 851 584 915 AEtheriamque
610 853 712 900 suis
738 854 945 916 cingens
971 853 1288 916 amplexibus
1315 868 1498 910 arcem,
1573 857 1602 901 5

274 928 455 976 Vester
479 930 541 976 ab
569 930 757 977 intacta
781 930 995 977 circulus
1022 936 1189 977 exstet
1213 930 1364 977 humo
1383 949 1394 987 ;

207 1005 470 1069 Adspicite
495 1007 594 1062 illa,
612 1023 802 1070 precor,
822 1022 935 1069 quae
961 1022 1059 1052 non
1085 1007 1213 1054 bene
1239 1007 1421 1054 moenia
1445 1021 1602 1070 quon-

275 1082 473 1130 Dicitur
499 1082 685 1131 Iliades
710 1083 1022 1131 transiluisse
1049 1082 1269 1130 Remus:

1464 1084 1600 1145 [dam

210 1159 371 1222 Inque
397 1175 560 1207 meam
585 1160 769 1207 nitidos
796 1159 1049 1206 dominam
1076 1160 1353 1207 convertite
1377 1161 1559 1216 vultus,

277 1235 456 1299 Sitque
482 1252 670 1284 memor
695 1237 849 1284 nostri
875 1253 1050 1292 necne,
1078 1236 1256 1284 referte
1282 1237 1420 1284 mihi.
1543 1240 1602 1284 10

207 1311 322 1361 Heu
346 1313 467 1359 mihi
486 1313 494 1359 !
520 1329 622 1368 cur,
642 1314 849 1360 nimium
875 1329 987 1377 quae
1007 1320 1122 1360 sunt
1140 1313 1419 1370 manifesta,
1438 1315 1601 1377 requi-

274 1390 378 1436 Cur
397 1390 531 1437 labat
554 1391 787 1454 ambiguo
813 1407 928 1454 spes
956 1391 1075 1438 mihi
1099 1391 1247 1438 mista
1268 1392 1439 1439 metu?
1489 1392 1601 1454 [τοῖ’

208 1467 374 1514 Crede
400 1468 535 1530 quod
561 1476 652 1524 est,
677 1469 811 1531 quod
837 1470 926 1524 vis,
955 1485 1013 1516 ac
1038 1468 1211 1516 desine
1237 1476 1344 1516 tuta
1367 1469 1553 1526 vereri:

273 1543 454 1606 Deque
479 1544 578 1592 fide
604 1552 742 1594 certa
766 1546 830 1592 sit
853 1546 943 1593 tibi
963 1552 1101 1593 certa
1124 1546 1277 1594 fides:

204 1620 454 1684 Quodque
481 1622 595 1685 polo
621 1622 733 1669 fixae
760 1630 1021 1685 nequeunt
1044 1623 1136 1670 tibi
1162 1623 1329 1671 dicere
1349 1623 1580 1679 flammae,

271 1697 387 1745 Non
414 1699 686 1746 mentitura
709 1708 762 1747 tu
788 1701 880 1748 tibi
905 1716 1026 1748 voce
1052 1700 1206 1748 refer:
1541 1703 1597 1747 16

204 1773 331 1822 Esse
357 1775 429 1822 tui
455 1792 744 1831 memorem,
772 1777 835 1824 de
862 1793 964 1840 qua
986 1777 1076 1823 tibi
1103 1776 1322 1824 maxima
1345 1792 1465 1824 cura
1489 1784 1592 1831 est;

270 1851 521 1915 Quodque
547 1861 729 1916 potest,
754 1871 924 1902 secum
951 1870 1132 1902 nomen
1159 1855 1343 1901 habere
1369 1861 1527 1901 tuum.

249 1975 277 2004 l.
303 1974 419 2016 Magna
444 1976 626 2016 minorque]
663 1977 743 2006 Ursa
768 1976 867 2006 minor

202 2023 362 2063 Cynosura
390 2023 530 2061 dicitur3
555 2024 662 2066 major,
688 2024 804 2055 Helice.
837 2025 863 2055 A

201 2071 406 2103 Phoenicibus
427 2071 621 2114 potissimum
639 2074 800 2115 Cynosura
819 2075 865 2105 in-

200 2126 247 2152 ter
271 2120 485 2163 navigandum
505 2123 745 2153 observabatur:
771 2123 866 2155 Sidon

200 2170 316 2212 quippe
340 2170 372 2200 in
389 2170 575 2202 Phoenicia:
599 2172 698 2213 major
719 2178 824 2203 autem
848 2184 865 2203 a

200 2218 331 2250 Graecis.
348 2221 452 2251 Poxr.
485 2221 623 2262 Utraque
637 2223 725 2252 sicca.
742 2222 864 2252 Neutra

198 2268 370 2305 occumbit,
388 2279 445 2300 nec
462 2269 494 2300 in
509 2271 671 2301 Oceanum
689 2271 863 2302 descendit.

198 2317 293 2349 Mna.

243 2378 294 2397 vv·
313 2368 343 2403 4,
364 2370 394 2399 5.
422 2368 665 2409 Verpoortenius
686 2370 752 2411 jam
783 2370 860 2401 benc

195 2414 241 2446 sic
263 2415 486 2458 interpretatus
507 2423 571 2447 est:
600 2417 700 2452 Quum
726 2420 861 2450 circulus

195 2470 300 2501 vester,
317 2475 411 2506 quem
431 2472 516 2496 motu
537 2465 649 2496 diurno
669 2466 858 2503 describitis,

196 2520 298 2550 exstet,
316 2515 463 2551 emineat,
479 2515 622 2546 elevatus
636 2515 676 2546 sit
691 2527 781 2556 supra
800 2524 859 2548 ter-

195 2573 273 2599 ram,
290 2574 343 2593 nec
361 2575 422 2594 eum
450 2571 568 2606 tangat,
585 2565 701 2607 quippe
722 2566 776 2607 qui
797 2578 858 2596 am-

193 2612 329 2650 plexibus
352 2616 423 2647 suis.
448 2612 509 2644 i.e.
534 2613 666 2650 ambitu,
694 2615 766 2645 orbe
793 2626 858 2650 suo.

195 2665 317 2705 tantum
344 2661 417 2692 coeli
447 2673 601 2693 summam
632 2669 763 2705 partem.
790 2665 860 2706 polo

195 2709 331 2740 vicinam
348 2713 458 2752 tangit,
469 2710 533 2742 sive
548 2711 694 2742 includit.
714 2713 860 2743 lerus.

239 2759 270 2788 5.
282 2759 505 2799 AEfherinmqne
518 2760 643 2800 arcemn]
665 2761 774 2792 I’olum
794 2772 859 2792 arc-

936 1976 1052 2006 ticum:
1084 1973 1137 2015 qui
1157 1973 1293 2003 circulus
1318 1978 1365 2004 est
1388 1972 1598 2009 brevissimus,

936 2025 974 2055 ab
1000 2023 1088 2055 Ursis
1112 2022 1302 2057 nominatus,
1325 2033 1395 2063 quae
1420 2029 1493 2052 sunt
1515 2028 1598 2053 astra

935 2073 1038 2104 vicina
1051 2073 1123 2114 polo
1139 2071 1399 2113 septemtrionali,
1417 2077 1511 2113 atque
1527 2070 1599 2103 ideo

935 2128 1096 2164 nequeunt
1124 2120 1297 2152 occidendo
1327 2126 1442 2152 terram
1472 2120 1595 2151 contin—

933 2183 1018 2214 gere.
1046 2172 1148 2203 Poxr

977 2225 1006 2254 8.
1026 2222 1169 2263 Iliades]
1189 2221 1257 2252 Iliae
1275 2221 1368 2252 filius.
1392 2220 1511 2251 Hfflxs.

975 2273 1006 2302 9.
1029 2270 1067 2301 In
1093 2283 1184 2301 meum
1209 2269 1387 2310 dominam]
1428 2270 1466 2300 In
1494 2280 1595 2301 meam

932 2332 1071 2352 uxorem.
1110 2320 1230 2351 Nitidos
1246 2321 1359 2350 vultus.
1375 2319 1506 2362 Propter
1521 2320 1595 2351 stel-

931 2371 1029 2401 larum
1045 2370 1186 2405 nitorem,
1203 2380 1266 2411 quo
1277 2369 1354 2400 nihil
1371 2369 1510 2400 nitidius.

975 2421 1024 2450 12.
1042 2419 1168 2460 Mittin]
1200 2419 1271 2449 Non
1288 2419 1392 2455 video,
1415 2429 1471 2450 cur
1496 2418 1594 2449 Hein-

927 2470 990 2500 sius
1016 2472 1093 2500 t‘ictu
1115 2476 1195 2500 metu
1212 2469 1319 2499 malit:
1346 2479 1419 2499 nam
1441 2479 1478 2499 ne
1496 2468 1593 2499 ullam

928 2518 1056 2559 quidem
1074 2523 1175 2549 metus
1194 2517 1366 2548 scintillam
1386 2517 1475 2558 quasi
1492 2517 1595 2548 videre

929 2566 1027 2597 voluit
1042 2572 1144 2608 poeta.
1178 2567 1328 2598 limans.

975 2616 1023 2646 17.
1040 2615 1224 2657 Amplector
1243 2626 1314 2646 cum
1334 2615 1517 2645 Burmanno
1533 2614 1595 2645 Pu-

929 2665 1010 2696 teani
1031 2664 1197 2696 lectionem
1217 2667 1254 2696 de
1278 2676 1354 2705 quo.-
1378 2663 1515 2694 maxima
1534 2663 1593 2693 sci-

930 2713 1005 2745 licet
1040 2724 1114 2745 cura
1145 2720 1203 2751 est,
1231 2724 1269 2744 an
1309 2714 1353 2744 tui
1391 2712 1429 2744 sit
1467 2722 1594 2743 memor.

931 2763 1077 2794 Hxnrrts.
