1760 3172
340 169 432 211 EX
465 158 677 211 PoN'To
712 169 832 211 LIB.
868 171 958 213 111.
993 173 1184 215 EPIST.
1220 174 1302 216 IV.

1426 177 1510 217 465

127 284 238 332 Sint
262 283 413 347 igitur
436 291 599 332 vestro
624 300 736 333 mea
760 288 1108 336 commendata
1132 289 1283 337 favori

193 352 567 419 Carminanon
588 379 791 426 possum
818 380 906 428 pro
932 365 1115 432 quibus
1141 367 1248 430 ipse
1274 368 1425 431 loqui.

127 438 327 502 Scripta
351 439 551 502 placent
575 455 604 486 a
628 447 783 487 morte
809 440 938 488 fere:
967 442 1085 505 quia
1109 443 1286 492 laedere
1304 444 1440 491 vivos

192 514 353 571 Livor,
376 523 426 564 et
450 516 633 579 injusto
658 533 861 581 carpere
886 519 1034 566 dente
1060 520 1200 566 solet.

131 592 186 639 Si
211 608 368 655 genus
393 599 470 639 est
494 593 662 640 mortis
684 594 812 641 male
833 596 1013 659 vivere,⁴
1034 603 1163 643 terra
1188 604 1418 653 moratur,
1447 600 1508 645 75

192 668 259 716 Et
282 669 463 717 desunt
487 668 598 716 fatis
625 671 729 718 sola
755 673 984 735 sepulcra
1009 672 1148 721 meis.

126 745 360 810 Denique
385 763 509 810 opus
535 754 715 795 nostrae
740 750 969 813 culpetur
995 757 1050 811 ut
1072 751 1294 814 undique
1316 767 1461 807 curae,

193 824 426 872 Officium
451 841 612 881 nemo,
637 827 722 890 qui
748 827 1094 891 reprehendat,
1116 828 1224 875 erit.

126 901 198 949 Ut
221 903 386 950 desint
407 903 552 959 vires,
579 910 746 952 tamen
773 912 850 952 est
876 905 1127 953 laudanda
1150 906 1377 953 voluntas
1397 923 1406 953 :

129 999 132 1004 ·
193 979 303 1027 Hac
329 996 422 1043 ego
443 987 702 1028 contentos
727 998 939 1044 auguror
964 999 1075 1030 esse
1101 982 1253 1030 Deos.
1448 986 1510 1029 80

125 1054 250 1104 Haec
269 1056 403 1113 facit,
423 1064 478 1104 ut
493 1058 662 1105 veniat
679 1074 870 1122 pauper
885 1075 1088 1123 quoque
1108 1066 1275 1122 gratus
1298 1059 1360 1107 ad
1384 1075 1507 1116 aras,

194 1133 260 1181 Et
283 1135 480 1198 placeat
503 1151 633 1183 caeso
659 1152 756 1183 non
777 1136 939 1201 minus
965 1153 1094 1200 agna
1117 1138 1258 1184 bove.

127 1210 231 1260 Res
257 1228 460 1276 quoque
485 1219 622 1261 tanta
647 1213 757 1271 fuit,
774 1202 972 1278 quantae
998 1214 1270 1262 subsistere
1295 1230 1488 1261 summo

193 1288 379 1337 Iliados
403 1290 502 1338 vati
527 1292 714 1354 grande
739 1291 916 1340 fuisset
939 1309 1078 1340 onus,
1120 1319 1122 1321 >

128 1366 275 1415 Ferre
300 1367 449 1415 etiarn
474 1369 649 1417 molles
669 1369 797 1432 elegi
823 1377 925 1418 tam
944 1377 1086 1417 vasta
1109 1369 1345 1433 triumphi
1449 1371 1510 1415 85

193 1444 426 1493 Pondera
448 1445 731 1510 disparibus
757 1464 853 1494 non
879 1454 1083 1511 potuere
1109 1446 1244 1493 rotis.

170 1647 224 1678 75.
243 1646 337 1679 Terra
349 1649 515 1691 moratura]
535 1650 720 1691 Sepulcrum
735 1661 785 1681 me

125 1701 299 1738 exspectat.

171 1747 222 1778 77.
248 1747 329 1787 Opus
352 1754 457 1778 nostrae
482 1748 590 1789 curem]
617 1749 705 1791 Opus
728 1747 786 1780 hoc

125 1795 166 1827 de
185 1795 342 1839 triumpho
367 1796 400 1827 in
426 1807 487 1838 quo
511 1808 657 1839 maguam
681 1809 787 1830 curam

128 1844 271 1876 adhibui.

171 1895 223 1926 84.
246 1895 386 1925 AEneidos
416 1896 506 1936 vati.]
535 1897 684 1928 AEneados
710 1908 789 1928 unus

128 1943 310 1975 Vossianus.
338 1943 420 1975 Puto
437 1944 549 1975 Iliados
566 1949 638 1976 vati.
664 1946 788 1988 Quippe

127 1998 163 2024 ut
179 2003 333 2024 summum
349 1999 453 2024 vatem
464 1993 633 2035 Virgilium
648 1995 788 2036 adpella-

127 2042 179 2078 rit,
207 2047 302 2084 atque
327 2042 405 2073 adeo
428 2043 487 2085 ipsi
513 2044 649 2075 Homero
673 2050 787 2086 praetu-

128 2091 211 2127 lerit,
239 2090 290 2122 vix
318 2091 353 2122 fit
377 2090 554 2124 verisimile.
600 2093 684 2123 Nam
713 2093 788 2123 Pro-

129 2140 307 2183 pertianum
333 2140 426 2177 illud,
458 2142 564 2173 Nescio
593 2144 663 2182 quid
692 2145 789 2183 majus

129 2193 267 2222 nascitur
296 2190 405 2227 Iliade,
431 2189 564 2222 viventis
592 2191 695 2222 adhuc
714 2191 787 2223 Vir-

127 2239 196 2282 gilii
220 2239 345 2270 auribus
368 2239 477 2271 datum
502 2246 560 2272 est.
606 2240 732 2271 Deinde
752 2242 789 2272 τὸ

130 2290 283 2325 AEnez’dos,
294 2289 433 2320 secunda
444 2289 567 2332 syllaba
577 2296 729 2332 correpta,
737 2289 789 2328 vix

130 2338 194 2380 legi
219 2338 301 2381 apud
330 2338 417 2375 alios,
444 2338 502 2370 nisi
529 2339 613 2381 quod
639 2339 671 2370 in
694 2339 790 2371 veteri

128 2387 352 2430 epigrammate
375 2388 517 2419 Maronis
543 2387 690 2419 laudibus
718 2388 791 2419 dato

128 2436 229 2468 codex
263 2435 497 2478 antiquissimus
534 2436 661 2468 exhibet
695 2436 790 2479 scrip-

132 2491 220 2517 tum:

176 2536 386 2576 AEneidemqae
411 2547 494 2567 suam
511 2536 570 2577 fac
591 2538 686 2576 major
710 2547 790 2567 mm-

259 2585 324 2615 cius
337 2591 422 2615 ornet
433 2597 441 2615 .-

219 2635 282 2666 Fac
298 2637 400 2667 laudes
418 2635 612 2677 Italum,fac
637 2636 793 2677 tuafacta

262 2685 321 2726 legi
334 2696 345 2721 ,-

134 2743 230 2773 quum
248 2733 429 2774 AEneamque
443 2744 530 2763 suum
546 2733 577 2763 in
590 2733 723 2771 vulgatis
739 2744 791 2763 ex-

178 2781 277 2813 VOL.
292 2782 337 2812 ΙΙ.

852 1649 1042 1692 emplaribus
1057 1649 1189 1690 legatur,
1203 1653 1234 1678 et
1249 1647 1376 1689 quidem
1390 1646 1513 1678 rectius.

853 1700 913 1731 Sed
937 1698 1020 1741 quod
1043 1709 1166 1730 monere
1190 1697 1412 1739 propemodum
1437 1707 1511 1739 neg-

853 1749 1004 1785 lexeram,
1030 1747 1140 1779 iisdem
1163 1746 1302 1778 versibus
1324 1756 1431 1777 naevus
1454 1746 1513 1777 foe-

854 1797 1000 1829 dissimus
1032 1796 1172 1833 inhaeret,
1202 1806 1297 1837 quum
1335 1805 1390 1838 pro
1419 1798 1514 1835 major

855 1850 986 1877 nuncius
1008 1852 1092 1876 ornet
1117 1844 1329 1887 reponendum
1353 1843 1395 1874 sit
1418 1847 1514 1885 major

858 1896 1014 1932 Mincius;
1043 1900 1077 1925 ut
1102 1894 1232 1925 fluvium
1257 1894 1322 1934 agri
1347 1894 1516 1925 Mantuani

856 1944 994 1986 posuerit
1022 1955 1077 1986 pro
1105 1943 1174 1985 ipsa
1202 1943 1348 1973 Mantua.
1394 1943 1513 1974 HmNs.

856 1995 1007 2025 AEneidos.
1032 1993 1144 2024 Iliados
1158 1998 1248 2034 putat
1263 1992 1420 2028 Heinsius,
1431 1993 1514 2034 quod

855 2043 914 2085 ipsi
939 2044 989 2075 vix
1016 2042 1182 2074 verisimile
1206 2041 1339 2078 videtur,
1368 2047 1403 2072 ut
1432 2052 1516 2073 sum—

855 2103 940 2123 mum
962 2098 1065 2124 vatem
1080 2091 1248 2132 Virgilium
1272 2090 1451 2132 adpellarit,
1469 2097 1515 2122 at·

856 2152 916 2184 que
932 2141 1010 2172 adeo
1025 2141 1083 2183 ipsi
1098 2141 1233 2170 Homero
1248 2139 1436 2181 praetulerit:
1453 2150 1516 2181 qua

857 2191 984 2232 quidem
1010 2190 1128 2221 ratione
1153 2188 1289 2219 nondum
1316 2187 1456 2224 ducerer,
1481 2194 1516 2219 ut

857 2240 1052 2279 corrigerem.
1098 2239 1183 2268 Nam
1201 2248 1330 2267 summus
1349 2236 1433 2267 idem
1449 2247 1515 2268 esse

856 2294 969 2331 potest,
996 2299 1032 2319 ac
1061 2287 1151 2318 valde
1174 2287 1284 2322 bonus,
1310 2286 1453 2323 eximius,
1481 2292 1517 2318 ut

858 2338 921 2368 alia
949 2336 1196 2379 praetermittam,
1224 2345 1294 2376 quae
1323 2334 1355 2365 in
1392 2340 1515 2377 promtu

858 2395 942 2422 sunt,
960 2391 1154 2427 argumenta.
1191 2384 1302 2415 Altera
1317 2388 1422 2414 autem
1438 2384 1515 2414 ratio

858 2435 979 2476 gravior
997 2441 1055 2471 est,
1072 2434 1147 2476 quia
1161 2434 1197 2465 τὸ
1214 2434 1363 2469 AEuez'Ans,
1378 2433 1516 2464 secunda

859 2484 982 2525 syllaba
1018 2488 1168 2525 correpta,
1198 2482 1249 2513 vix
1287 2483 1400 2523 legitur
1430 2482 1514 2524 apud

859 2533 945 2569 alios,
962 2542 1152 2574 quamquam
1167 2532 1198 2562 in
1211 2532 1309 2573 epigr.
1322 2531 1419 2563 veteri
1435 2542 1513 2572 quo-

857 2582 930 2612 dam
973 2581 1070 2612 codex
1116 2580 1350 2622 antiquissimus
1389 2580 1516 2611 exhibet

858 2631 1017 2673 scriptum.
1054 2631 1203 2661 HAnLEs.

902 2681 954 2711 86.
993 2681 1077 2710 Ratis
1109 2680 1304 2719 disparibus]
1340 2678 1515 2721 Imparibus

860 2730 1009 2760 versibus

991 2779 1018 2808 H
1037 2791 1056 2809 ιι
