1760 3172
384 176 476 217 EX
509 176 721 217 PONTO
754 177 874 217 LIB.
907 177 987 218 IV.
1022 178 1214 220 EPIST.
1248 178 1312 219 II.

1453 180 1537 221 483

156 287 313 351 Cujus
339 290 500 338 adhuc
526 307 708 339 nomen
732 299 925 339 nostros
951 293 1168 340 tacuisse
1193 294 1403 349 libellos,

222 365 276 412 Si
301 368 448 415 modo
473 368 718 432 permittis
744 368 909 416 dicere
933 384 1063 424 vera,
1090 370 1260 432 pudet.

155 442 292 491 Orba
315 450 483 492 tamen
509 445 726 492 numeris
752 445 964 492 cessavit
988 445 1200 508 epistola
1223 463 1477 510 nunquam
1503 451 1531 494 5

219 519 298 569 Ire
323 537 412 584 per
436 522 649 570 alternas
677 522 895 570 officiosa
918 523 1067 570 viceS.

153 596 389 645 Carmina
413 600 518 646 sola
540 599 926 664 tibi-memorem
951 600 1185 658 testantia
1209 617 1377 648 euram

219 673 334 722 Non
349 676 467 724 data
481 684 597 724 sunt
608 666 759 740 &quid
771 678 918 735 enim,
932 694 1045 741 quae
1061 677 1182 725 facis
1199 679 1322 742 ipse,
1334 679 1531 726 darem?

150 750 276 805 Quis
301 752 400 800 mel
423 747 652 809 Aristaeo,
670 754 782 817 quis
810 754 1012 802 Baccho
1034 755 1147 802 vina
1173 754 1398 811 Falerno,

215 827 519 892 Triptolemo
542 829 724 892 fruges,
752 847 900 894 poma
923 832 1009 879 det
1032 831 1275 880 Alcinoo?
1472 836 1530 879 10

152 904 332 953 Fertile
356 913 532 970 pectus
558 908 729 964 habes,
743 907 981 972 interque
1006 908 1250 957 Helicona
1273 911 1495 958 colentes

218 982 434 1031 Uberius
458 984 580 1031 nulli
605 979 830 1048 provenit
853 986 948 1033 ista
973 1002 1133 1048 seges.

148 1059 353 1109 Mittere
369 1077 567 1110 carmen
583 1063 644 1110 ad
659 1064 806 1120 hunc,
824 1062 1024 1111 frondes
1040 1070 1145 1111 erat
1159 1064 1342 1111 addere
1360 1064 1494 1112 silvis
1514 1082 1523 1111 :

218 1136 338 1186 Haec
365 1139 484 1187 mihi
508 1140 774 1188 cunctandi
802 1157 968 1198 causa,
996 1141 1194 1199 Severe,
1220 1141 1326 1190 fuit.

193 1301 309 1342 Quique
334 1304 415 1333 dedit
442 1303 531 1334 Latio
560 1316 677 1336 carmen
703 1307 803 1347 regale

232 1351 368 1383 Severus.

145 1413 383 1455 Tragoediarum
397 1414 578 1456 scriptorem
593 1415 685 1447 fuisse
700 1416 803 1458 desig-

146 1468 220 1493 nat:
245 1462 289 1494 sic
303 1462 396 1494 Trist.
408 1463 465 1495 lib.
478 1463 511 1495 ii.
523 1475 586 1495 ver.
599 1466 660 1496 553
674 1478 681 1496 ι

192 1525 232 1556 Et
247 1527 383 1557 dedimus
404 1529 528 1569 tragicis
542 1529 683 1567 scriptum
704 1530 805 1569 regale

233 1576 398 1606 cothurnis.
639 1577 758 1608 mes.

189 1646 220 1676 2.
250 1646 295 1675 Ab
319 1647 443 1676 intonsis
467 1645 578 1686 Getis]
604 1645 655 1676 Ab
678 1646 804 1677 incultis

147 1700 179 1726 et
198 1694 330 1737 impexis
350 1695 412 1726 illis
430 1695 565 1737 populis,
581 1695 635 1737 qui
653 1695 802 1738 capillum

146 1750 179 1775 et
192 1745 322 1776 barbam
340 1744 573 1787 promittebant,
590 1751 739 1787 erantque
755 1755 802 1776 as-

145 1799 238 1836 pectu
254 1793 368 1824 horridi
384 1798 415 1824 et
431 1793 652 1825 formidabiles.

189 1845 219 1874 5.
238 1843 318 1873 Orba
332 1843 492 1883 numeris]
519 1843 641 1880 Quibus
655 1842 756 1874 verbis
770 1853 802 1874 se

145 1893 249 1923 soluta
266 1891 402 1923 oratione
423 1891 463 1922 ad
483 1902 554 1922 eum
573 1891 729 1934 scripsisse
748 1902 800 1923 ex-

145 1941 260 1984 primit.

190 1992 222 2022 7.
241 1991 355 2021 Curam
375 1990 554 2030 memorem]
578 1989 725 2021 Amorem
748 1990 801 2021 ho-

146 2040 238 2071 minis
252 2040 394 2071 memoris
407 2039 464 2070 tui.
487 2040 580 2071 Man.
626 2039 687 2071 Vel
711 2050 801 2081 argu-

146 2095 285 2121 mentum
299 2088 444 2120 memoris
458 2088 563 2125 animi,
575 2099 669 2130 quem
684 2094 800 2120 testan-

146 2144 197 2169 tur
224 2139 303 2170 inter
331 2138 486 2174 absentes,
515 2137 596 2169 dona
629 2144 659 2168 et
692 2138 802 2169 literae.

146 2190 249 2221 Pom.

190 2241 220 2270 8.
243 2238 316 2273 Quae
327 2237 413 2279 facis
430 2240 491 2277 ipse
511 2237 641 2278 darem]
668 2238 733 2269 Cur
747 2237 802 2268 de-

145 2290 203 2320 beo
218 2288 274 2319 tibi
289 2298 326 2319 ea
346 2287 477 2323 adferre,
493 2297 623 2328 quorum
640 2294 674 2318 tu
694 2297 728 2318 es
746 2297 800 2328 op-

144 2338 240 2369 timus
254 2336 376 2368 artifex.

187 2389 221 2419 9.
251 2387 327 2422 Quis
353 2387 410 2417 mel
435 2387 568 2422 Aristaeo,
595 2387 659 2426 quis
685 2384 801 2415 Baccho

145 2439 217 2468 vina
237 2435 398 2476 Falerna]
424 2435 542 2465 Baccho
558 2434 687 2465 Falerno
710 2432 801 2463 multi

140 2492 278 2522 veteres,
298 2490 331 2515 et
355 2489 460 2523 recte3
482 2483 527 2514 sic
553 2483 703 2513 Falernus
728 2493 801 2523 ager

143 2540 176 2566 et
190 2533 315 2565 similia.
351 2533 508 2564 Caeterum
522 2532 670 2575 corripuit
682 2533 718 2563 τὸ
735 2533 801 2568 mel,

145 2594 213 2615 raro
236 2582 388 2625 exemplo,
408 2582 493 2624 quod
516 2592 555 2613 ea
581 2592 637 2613 vox
658 2581 725 2612 ἀπὸ
745 2582 802 2612 τοῦ

145 2631 219 2674 μὲλι
232 2632 419 2663 deducatur.
450 2632 558 2662 Posset
574 2630 714 2672 alioquin
727 2630 802 2671 legi,

150 2682 213 2712 Mel
237 2684 301 2722 quis
323 2682 458 2712 Aristaeo.
487 2682 603 2711 Herus.
650 2680 724 2714 Quis
747 2681 803 2710 mel

148 2732 282 2761 Aristan.
318 2730 369 2760 De
398 2730 532 2760 Aristaeo
559 2729 699 2761 Justiuus
726 2729 802 2759 libro

871 1305 992 1336 decimo
1021 1305 1129 1342 terti03
1156 1304 1267 1345 virgil.
1289 1308 1400 1346 quarto
1428 1303 1526 1334 Geor-

870 1354 1018 1396 gicorum,
1034 1364 1098 1385 ver.
1111 1354 1185 1384 317.
1201 1363 1272 1394 sqq.

918 1405 969 1434 10.
992 1404 1168 1443 Triptolemo
1180 1403 1320 1444 fruges]
1348 1403 1443 1434 Ceres
1465 1402 1527 1433 fru-

872 1452 980 1489 menti,
1003 1452 1086 1494 quod
1117 1452 1193 1482 forte
1214 1452 1294 1483 inter
1316 1451 1393 1482 alias
1416 1451 1529 1482 herbas

872 1502 1057 1533 nascebatur
1091 1501 1232 1543 ignotum
1268 1500 1399 1537 cancris,
1429 1500 1529 1542 prima

872 1562 961 1583 usum
991 1550 1161 1586 adinvenit,
1191 1550 1360 1591 docuitque
1390 1550 1528 1581 homines

871 1600 1014 1631 sewandi
1037 1605 1069 1630 et
1089 1598 1211 1630 serendi
1232 1599 1370 1630 modum.
1404 1599 1526 1640 Tripto-

870 1650 952 1680 lemo
977 1648 1123 1680 frumenti
1147 1647 1269 1679 dedisse
1298 1658 1413 1684 semen,
1437 1658 1526 1678 man-

871 1698 1035 1739 dasseque,
1049 1702 1084 1728 ut
1104 1707 1175 1727 culn
1196 1696 1338 1727 omnibus
1356 1695 1390 1726 id
1411 1696 1526 1727 donum

870 1747 1072 1789 participans,
1094 1745 1221 1775 modum
1246 1744 1419 1776 seminandi
1440 1755 1527 1775 mon-

870 1801 990 1827 straret.
1027 1795 1119 1825 Poma
1139 1796 1188 1825 det
1203 1795 1339 1825 Alcinoo.
1363 1793 1526 1831 Alcinous,

870 1855 921 1876 rex
938 1844 1119 1879 Phaeaeum,
1135 1842 1217 1873 filius
1232 1842 1408 1880 Nausithoi‚
1421 1843 1525 1874 hortos

870 1893 980 1925 habuit
989 1892 1186 1924 cultissimus.
1198 1892 1291 1923 Unde
1300 1893 1402 1930 Maro,
1410 1893 1527 1934 Georg.

869 1943 901 1975 ii.
918 1943 957 1974 87
971 1956 977 1973 t

979 1993 1127 2033 Pomaque
1139 1999 1167 2022 et
1182 1993 1301 2023 Alcinoi
1314 1994 1413 2033 sylvae.

867 2042 1032 2078 Homerus,
1048 2041 1147 2082 Odys.
1164 2045 1205 2072 H.
1220 2040 1260 2072 de
1276 2041 1401 2072 Alcinoi
1417 2041 1524 2078 hortis,

865 2101 929 2122 ver.
944 2091 1001 2121 117
1016 2103 1022 2120 :

911 2139 1008 2171 Τάων
1030 2140 1146 2171 οὔποτε
1172 2140 1297 2182 καρπὸς
1323 2138 1522 2175 ἀπόλλυται,

954 2188 1018 2219 οὐδ’
1031 2188 1202 2220 ὲπιλείπει’

869 2244 900 2269 et
915 2237 1039 2274 deinde,
1054 2248 1118 2269 ver.
1132 2238 1211 2267 120:

904 2286 1037 2328 ’Όγχνη
1053 2285 1100 2317 ἐπ’
1116 2286 1225 2328 ὄγχνῃ
1239 2285 1401 2328 γηράσκει,
1414 2287 1523 2328 μῆλον

954 2334 978 2366 δ’
991 2335 1045 2366 ἐπὶ
1059 2337 1166 2377 μῆλῳ.

914 2386 963 2415 ll.
981 2385 1095 2415 Fertile
1115 2391 1219 2424 pectus
1239 2384 1354 2424 habes]
1381 2385 1437 2415 Est
1454 2384 1521 2421 tibi,

869 2433 980 2476 inquit,
1003 2433 1125 2464 abunde
1152 2432 1315 2464 doctriuae.
1361 2433 1449 2464 Inter
1475 2446 1522 2464 co-

870 2486 959 2514 lentes
978 2483 1134 2514 Helicona.
1164 2483 1249 2513 Inter
1263 2488 1370 2524 poetas
1384 2482 1522 2514 colentes

868 2533 1031 2562 Musarum
1055 2531 1134 2568 loca,
1152 2538 1186 2562 ut
1206 2536 1253 2562 est
1273 2531 1405 2562 Helicon
1426 2533 1520 2562 Boeo-

869 2581 930 2611 tiae.

914 2631 963 2660 12.
982 2629 1108 2660 Uberius
1125 2630 1231 2670 nulli]
1251 2628 1338 2660 Nulli
1355 2638 1448 2670 quam
1465 2628 1521 2659 tibi

869 2678 1033 2720 copiosius.
1080 2679 1140 2708 Ista
1168 2690 1257 2719 seges.
1294 2678 1358 2707 Ista
1393 2676 1520 2707 scientia

868 2729 941 2758 artis
956 2727 1093 2769 poeticae.

998 2778 1012 2806 Ι
1029 2788 1037 2806 1
1054 2778 1073 2807 2
