1760 3172
278 153 364 194 496
668 151 719 192 Ρ.
753 150 967 193 OVIDII
1002 151 1282 194 NASONIS

279 267 482 330 Quique
506 272 618 315 tuas
644 266 829 330 pariter
852 267 1098 331 lacrymas
1124 275 1422 332 nostrasque
1445 269 1652 326 videret,

344 346 588 393 Passuros
614 361 812 409 poenam
838 346 1064 393 crederet
1088 362 1199 394 esse
1224 346 1366 394 duos,
1605 350 1668 395 26

277 423 463 472 Lenem
488 430 538 471 te
563 423 756 471 miseris
782 424 955 486 genuit
979 430 1173 479 natura,
1200 419 1293 471 nec
1318 424 1405 470 ulli

342 501 517 549 Mitius
543 500 815 563 ingenium,
842 516 993 563 quam
1019 500 1125 556 tibi,
1151 499 1323 557 Brute,
1351 501 1521 549 dedit:

278 578 363 635 Ut,
391 579 476 642 qui
502 578 624 642 quid
648 578 814 626 valeas
840 578 1033 641 ignoret
1058 578 1224 626 Marte
1250 578 1449 635 forensi,

341 656 501 703 Posse
526 662 613 702 tuo
637 656 807 719 peragi
831 655 914 702 vix
939 662 1086 719 putet
1110 672 1193 704 ore
1219 672 1346 704 reos.
1603 660 1667 704 30

277 733 483 780 Scilicet
507 732 733 796 ejusdem
758 740 850 788 est,
878 733 1105 796 quamvis
1131 750 1353 797 pugnare
1378 733 1590 790 videtur,

344 809 669 874 Supplicibus
695 809 910 866 facilem,
939 810 1165 857 sontibus
1192 827 1303 859 esse
1328 818 1548 869 trucem3

276 886 444 942 Quum
468 887 559 935 tibi
585 893 823 951 suscepta
847 894 924 934 est
948 888 1073 950 legis
1098 888 1320 936 vindicta
1344 905 1545 945 severae,

341 964 508 1013 Verba
531 965 667 1012 velut
690 964 902 1012 tinctum
928 964 1124 1028 singula
1147 965 1280 1013 virus
1306 966 1511 1014 habent.

278 1041 522 1090 Hostibus
547 1042 760 1099 eveniat,
789 1059 941 1106 quam
967 1042 1034 1090 sis
1058 1043 1304 1091 violentus
1330 1043 1381 1090 in
1406 1043 1554 1092 armis
1607 1046 1669 1091 35

344 1119 558 1177 Sentire,
585 1128 636 1168 et
658 1121 839 1183 linguae
865 1120 966 1168 tela
988 1119 1155 1168 subire
1179 1127 1305 1184 tuae3

275 1196 400 1253 Quae
423 1198 514 1245 tibi
539 1204 642 1246 tam
667 1198 806 1246 tenui
831 1214 950 1246 cura
972 1198 1237 1255 limantur,
1253 1204 1309 1245 ut
1333 1214 1505 1246 omnes

341 1274 494 1322 Istius
520 1275 776 1338 ingenium
796 1276 1015 1340 corporis
1041 1292 1152 1324 esse
1177 1269 1378 1338 negent.

274 1352 359 1409 At,
388 1352 429 1400 si
456 1369 607 1416 quem
631 1354 747 1401 laedi
771 1353 970 1402 fortuna
993 1354 1155 1402 cernis
1181 1353 1369 1417 iniqua,

342 1429 545 1478 Mollior
569 1438 647 1479 est
672 1431 835 1479 animo
860 1431 1045 1480 femina
1069 1432 1207 1478 nulla
1230 1438 1334 1478 tuo.
1605 1433 1670 1478 40

276 1506 388 1555 Hoc
414 1524 508 1571 ego
532 1508 784 1573 praecipue
810 1509 960 1566 sensi,
984 1525 1139 1573 quum
1164 1524 1346 1572 magna
1370 1524 1593 1557 meorum

344 1585 588 1634 Notitiam
614 1603 728 1650 pars
755 1594 832 1635 est
855 1587 1076 1634 inficiata
1099 1587 1214 1635 mei.

273 1662 544 1711 Immemor
568 1663 782 1721 illorum,
809 1665 959 1712 vestri
985 1681 1084 1712 non
1108 1664 1368 1712 immemor
1392 1679 1633 1728 unquam,

340 1740 440 1796 Qui
465 1742 596 1790 mala
620 1742 820 1791 solliciti
845 1749 1015 1790 nostra
1038 1742 1257 1798 levastis,
1285 1757 1386 1789 ero.

275 1818 341 1866 Et
365 1819 518 1883 prius,
546 1820 646 1867 heu
671 1821 814 1870 nobis
841 1820 1048 1867 nimium
1073 1819 1411 1867 conterminus
1433 1819 1443 1865 !
1483 1817 1615 1866 Ister

341 1896 401 1943 In
426 1905 578 1961 caput
603 1897 803 1946 Euxino
830 1899 892 1947 de
916 1914 1052 1946 mare
1075 1904 1237 1946 vertet
1262 1897 1382 1955 iter;
1603 1896 1667 1943 46

275 1973 448 2037 thue
473 1974 741 2038 Thyesteae
763 1976 971 2024 redeant
996 1975 1036 2022 si
1060 1982 1287 2039 tempora
1309 1990 1514 2030 mensae,
1584 2007 1619 2025 „ff

342 2051 472 2099 Solis
498 2052 561 2099 ad
588 2052 720 2100 ans
747 2069 920 2100 currus
946 2044 1122 2115 agetur
1147 2067 1331 2115 aquas3

315 2186 368 2216 30.
392 2185 479 2216 Posse
499 2185 632 2227 peragi]
657 2187 754 2218 Posse
784 2186 937 2218 damnari.
1007 2191 1163 2216 acuuntur
1191 2190 1223 2216 et
1260 2190 1418 2227 parantur.
1480 2184 1553 2214 Tam
1586 2186 1671 2215 tenui

272 2236 354 2266 Reus
367 2235 450 2266 enim
465 2235 579 2267 dicitur
591 2238 709 2279 peragi,
726 2248 822 2278 quum
838 2237 936 2268 alicu-
1005 2246 1092 2265 cura.
1140 2235 1220 2265 Tam
1252 2233 1361 2265 subtili
1393 2232 1565 2274 diligentia.
1629 2233 1671 2264 Ut

266 2285 319 2326 jus
340 2284 520 2326 eloquentia
540 2285 718 2317 damnatur.
768 2287 820 2317 Vis
840 2293 936 2326 putet.
1005 2296 1101 2316 omnes
1117 2287 1201 2315 istius
1218 2287 1383 2327 ingenium.
1429 2284 1473 2314 Ut
1489 2294 1606 2320 omnes,
1623 2283 1670 2314 in-

271 2333 335 2364 Vix
354 2333 528 2365 existimet:
554 2335 630 2376 quia
645 2334 751 2366 vident
770 2340 801 2365 te
825 2341 936 2366 natura
1005 2335 1084 2377 quit,
1102 2335 1290 2366 arbitrentur
1311 2345 1373 2365 non
1393 2333 1426 2364 id
1445 2333 1511 2364 fieri
1530 2340 1584 2364 tuo
1603 2344 1670 2364 cor·

271 2383 379 2413 mitem
396 2389 427 2413 et
441 2382 527 2425 pium
540 2384 668 2415 miseris.
701 2385 764 2415 Tuo
781 2396 839 2415 ore.
867 2385 935 2416 Tua
1004 2395 1089 2426 pore,
1106 2390 1137 2415 et
1158 2384 1294 2415 humano
1317 2383 1454 2425 ingenio,
1475 2383 1529 2415 sed
1552 2383 1671 2414 viribus

270 2431 459 2473 eloquentia.
1005 2439 1036 2464 et
1051 2434 1176 2476 ingenio
1192 2433 1308 2465 divino.

314 2481 366 2511 34.
400 2481 521 2512 Habent
551 2483 634 2512 velut
663 2485 747 2513 virus
776 2483 932 2524 tinctum]
1046 2484 1097 2514 47.
1126 2483 1224 2524 thue
1242 2483 1388 2524 Thyesteae
1412 2484 1536 2513 redeant
1557 2485 1580 2513 si
1597 2490 1668 2513 tem-

270 2532 316 2561 Ex
340 2541 402 2572 quo
424 2542 538 2572 magna
561 2537 608 2563 est
631 2531 700 2562 laus
724 2532 825 2568 Bruti,
849 2533 932 2574 quod
1000 2542 1073 2570 pora
1093 2533 1227 2573 mensoe.]
1254 2533 1346 2568 Ante,
1364 2531 1488 2563 Feschii
1509 2538 1540 2562 et
1556 2531 1669 2563 Hafni-

270 2585 358 2611 tanta
378 2585 425 2610 est
446 2580 512 2622 ejus
535 2580 726 2622 eloquentia,
744 2587 778 2611 ut
793 2581 825 2611 in
839 2592 933 2612 accu-
1001 2582 1103 2620 ensis;
1142 2582 1233 2613 multi
1273 2582 1338 2619 alii,
1376 2583 1485 2623 Atque.
1549 2581 1670 2623 Opinoi·

269 2629 374 2661 Sandis
393 2630 453 2660 reis
475 2630 601 2671 singula
618 2631 712 2661 verba
731 2630 793 2661 sint
808 2631 852 2661 ita
867 2631 932 2661 effi-
1001 2631 1218 2673 castigandum
1233 2643 1239 2661 τ

269 2679 367 2715 cacia,
383 2685 418 2710 ut
432 2679 597 2711 videantur
612 2691 731 2712 veneno
747 2679 839 2711 illita.
1046 2682 1134 2717 Ante,
1154 2681 1301 2722 Thyestea?
1317 2683 1442 2713 redeant
1461 2691 1515 2712 ceu
1536 2687 1666 2720 tempora

313 2729 365 2759 37.
412 2729 485 2762 Quae
526 2729 702 2769 limantur-,J
752 2730 830 2767 Quae
869 2730 931 2762 tela
1086 2742 1200 2767 mensae,
