1760 3172
226 198 311 240 526

613 197 666 238 P.
699 196 913 238 OVIDII
945 196 1225 240 NASONIS

229 311 344 360 Non
370 312 493 368 loca,
521 312 609 360 sed
634 327 797 360 mores
822 311 970 360 dictis
994 313 1192 361 vexavit
1215 314 1393 361 amaris

294 389 533 453 Scepsius
558 389 839 446 Ausonios,s
849 396 1060 453 actaque
1086 390 1248 439 Roma
1268 408 1352 439 rea
1375 399 1467 439 est.

227 467 375 514 Falsa
397 474 564 514 tamen
589 482 738 530 passa
761 473 839 514 est
862 482 1006 530 aequa
1029 467 1253 516 convicia
1276 475 1459 525 mente,

294 543 471 591 Obfuit
494 544 681 591 auctori
707 559 799 591 nec
824 543 928 592 fera
950 544 1120 607 lingua
1143 562 1250 593 suo.

1473 554 1514 617 {⁸}
1547 549 1610 591 40

224 621 294 668 At
316 622 475 668 malus
499 609 768 685 interpres:
780 621 952 685 populi
978 622 1097 669 mihi
1123 624 1343 671 concitat
1366 618 1515 678 iram,¹

292 698 454 762 Inque
479 715 658 746 novum
682 698 868 746 crimen
894 701 1113 747 carmina
1138 707 1305 748 nostra
1327 706 1486 747 vocat.

226 776 349 824 Tam
373 775 492 824 felix
516 777 720 833 utinam,
739 792 890 840 quam
914 784 1118 841 pectore
1143 777 1402 833 candidus,
1425 777 1609 824 essem!

292 853 476 902 Exstat
499 854 661 902 adhuc
686 871 831 902 nemo
856 855 1055 902 saucius
1081 871 1164 903 ore
1190 871 1318 903 meo.

226 931 387 987 Adde,
414 931 548 994 quod
573 931 774 996 Illyrica
798 933 838 994 si
858 934 964 995 jam
988 932 1099 995 pice
1126 932 1309 995 nigrior
1329 947 1508 987 essem,
1546 933 1609 977 45

291 1008 406 1056 Non
425 1008 698 1056 mordenda
721 1009 840 1056 mihi
864 1010 1011 1057 turba
1035 1009 1196 1057 fidelis
1221 1016 1341 1057 erat.

225 1084 445 1132 Molliter
469 1102 498 1133 a
521 1085 660 1132 vobis
685 1102 797 1133 mea
821 1102 924 1133 sors
950 1093 1180 1150 excepta,
1208 1085 1435 1139 Tomitae,

290 1162 413 1210 Tam
438 1162 582 1210 mites
609 1163 786 1211 Graios
811 1163 999 1211 indicat
1022 1180 1132 1212 esse
1157 1163 1304 1211 viros.

226 1240 364 1287 Gens
389 1255 501 1305 mea
525 1240 738 1303 Peligni,
762 1241 1001 1304 regioque
1026 1241 1301 1288 domestica
1328 1240 1519 1296 Sulmo,

293 1316 408 1364 Non
429 1317 593 1381 potuit
616 1318 797 1365 nostris
820 1317 976 1365 lenior
999 1333 1110 1365 esse
1134 1317 1292 1364 malis.

224 1481 343 1502 merum
353 1471 498 1502 Ithacam
507 1471 640 1513 patriam
649 1482 732 1515 saepe
742 1483 882 1515 asperam

223 1520 422 1562 sterilemque
433 1526 535 1552 vocat.

268 1570 320 1600 37.
345 1570 415 1600 Non
430 1571 560 1607 loca,sed
571 1581 662 1602 mores
670 1571 786 1612 dictis]
813 1571 879 1602 Do-

225 1626 278 1650 cet
301 1618 443 1655 Ovidius,
465 1619 627 1660 Scepsium
653 1626 778 1662 poetam
808 1615 894 1651 olim'

224 1673 349 1699 taxasse
358 1667 435 1699 vitia
448 1668 671 1706 Romanorum,
681 1675 713 1700 et
727 1680 788 1700 non
802 1670 881 1707 loca,

224 1717 310 1759 quod
324 1716 422 1758 magis
436 1717 576 1748 odiosum
590 1717 668 1749 fuit:
694 1729 755 1749 non
777 1724 882 1750 tamen

224 1767 278 1798 ille
298 1767 336 1798 ob
352 1777 421 1798 eam
436 1777 565 1798 causam
580 1767 693 1799 damno
709 1768 814 1810 aliquo
830 1769 884 1799 ad-

224 1818 324 1848 fectus
335 1817 403 1848 fuit.
445 1816 510 1847 Alii
521 1827 581 1847 non
596 1822 731 1859 poetam,
746 1818 800 1849 sed
815 1818 883 1859 phi-

225 1865 390 1908 losophum
405 1865 498 1897 fuisse
521 1866 686 1905 adserunt3
711 1867 781 1899 vide
798 1867 882 1898 Plin.

223 1915 279 1946 lib.
292 1915 396 1946 xxxiv.
412 1926 442 1946 c.
460 1916 489 1946 7.
523 1915 648 1955 Scriptis
661 1919 781 1947 amaris.
806 1916 883 1948 Car-

226 1964 318 1995 minis
334 1965 514 2001 acerbitate,
524 1970 556 1995 et
571 1965 706 2006 satyrica
720 1965 886 2007 reprehen-

225 2015 324 2045 sione.

269 2064 321 2094 38.
345 2063 462 2093 Sestius
484 2062 655 2103 Ausonios]
680 2063 884 2095 Scribendum

227 2112 370 2152 Scepsius,
397 2117 432 2142 ut
460 2111 599 2152 Scaliger
626 2111 719 2143 etiam
749 2112 828 2143 vidit
855 2120 886 2143 et

224 2162 446 2192 Bersmannus.
487 2161 703 2192 Metrodorum
724 2161 884 2203 Scepsium

227 2211 384 2252 intelligit,
401 2210 455 2252 qui
475 2212 692 2252 μισορωμαῖος
707 2210 810 2241 dictus
825 2217 883 2242 est.

226 2261 343 2291 mes.
388 2261 521 2300 Actaque
547 2260 642 2290 Roma
669 2270 721 2290 rea
748 2266 799 2290 est.
844 2261 885 2291 Et

225 2311 330 2340 Roma
344 2309 384 2340 ab
399 2319 435 2340 eo
451 2314 597 2340 accusata
611 2308 681 2340 suit.

269 2359 320 2389 40.
343 2359 469 2389 Aut-tori
485 2357 562 2398 sum]
587 2357 652 2399 Ipsi
675 2358 813 2399 Scepsio,
830 2358 883 2399 qui

225 2418 263 2440 ea
275 2408 457 2450 composuit.
504 2408 580 2438 Fero
597 2408 716 2449 lingua.
764 2407 885 2449 Lingua

225 2462 327 2497 poetae
353 2455 420 2492 feri,
436 2462 500 2487 tam
521 2456 631 2487 acriter
651 2455 826 2487 invehendo
851 2456 883 2487 in

226 2505 397 2536 Romanos.

269 2556 320 2585 4l.
344 2556 385 2585 At
400 2555 496 2585 malus
509 2554 682 2594 interpres]
710 2554 754 2584 At
764 2553 817 2585 ille
829 2555 883 2595 qui

225 2604 307 2634 male
322 2603 540 2644 interpretatur
559 2613 630 2634 mea
644 2603 782 2634 carmina
796 2602 880 2633 dam-

225 2652 334 2684 nantia
354 2653 448 2683 situm
463 2658 495 2683 et
508 2652 663 2693 regionem
677 2652 882 2683 Tomitauam.

227 2703 339 2742 Populi
362 2703 434 2732 mihi
453 2704 581 2732 concitat
604 2704 689 2732 iram.
726 2701 764 2732 In
779 2700 883 2731 odium

225 2758 257 2782 et
271 2750 515 2792 indignationem
537 2750 643 2793 populi
659 2750 815 2781 Tomitani
834 2761 883 2781 me

1547 1319 1610 1363 50

950 1472 1091 1504 adducit.

993 1524 1044 1554 42.
1070 1523 1108 1553 In
1131 1534 1238 1554 novum
1261 1521 1401 1562 crimem]
1431 1521 1505 1552 Non
1529 1519 1612 1552 enim

949 1573 1056 1604 solitus
1070 1572 1114 1603 sui
1126 1582 1264 1614 unquam
1275 1571 1410 1603 carmine
1421 1580 1610 1612 quemquam

949 1621 1119 1653 offendere.

993 1673 1044 1702 45.
1067 1671 1139 1702 Pice
1155 1669 1313 1712 Illyrica]
1341 1668 1416 1700 Pice
1434 1679 1503 1710 quae
1520 1669 1551 1700 in
1566 1669 1611 1700 [l-

949 1721 1030 1762 lyria
1056 1721 1257 1759 nascebatur3
1288 1724 1419 1761 eratque
1448 1717 1614 1760 nigerrima

951 1776 983 1801 et
998 1769 1226 1801 laudatissima.
1502 1802 1508 1808 ,

994 1821 1046 1851 46.
1071 1820 1138 1850 Non
1155 1826 1220 1850 erat
1233 1820 1394 1849 mordenda
1408 1818 1513 1859 mimz]
1540 1819 1613 1849 Non

951 1876 1017 1901 erat
1039 1880 1057 1900 a
1076 1880 1126 1900 me
1142 1867 1409 1911 reprehendenda.
1456 1867 1556 1899 Turba
1567 1868 1612 1909 fi-

951 1921 1035 1951 delis.
1079 1918 1234 1949 Tomitani
1257 1919 1352 1954 cives,
1372 1917 1427 1959 qui
1441 1928 1491 1949 me
1506 1923 1612 1949 amant

952 1974 984 2000 et
996 1969 1111 2000 fovent.

996 2018 1047 2047 47.
1073 2017 1211 2047 Molliter
1233 2015 1383 2055 e.rc·ep1‘a.]
1419 2014 1551 2046 Placide
1581 2020 1612 2044 et

951 2066 1084 2107 benigne
1100 2070 1257 2106 suscepta.
1302 2064 1372 2094 Mea
1387 2074 1459 2095 sors.
1502 2063 1613 2094 Meum

951 2114 1154 2145 infortunium
1171 2120 1201 2144 et
1217 2112 1378 2153 relegatio.

996 2164 1047 2194 48.
1073 2162 1208 2202 Graios]
1235 2162 1304 2192 Hoc
1321 2166 1380 2197 est,
1397 2160 1452 2191 hos
1466 2170 1527 2191 non
1545 2171 1611 2192 esse

952 2213 1109 2248 barbaros,
1127 2211 1181 2242 sed
1197 2210 1335 2245 Graecos,
1353 2215 1384 2240 et
1402 2219 1504 2241 mores
1521 2209 1611 2241 Grae-

952 2272 1057 2292 corum
1071 2270 1206 2296 servare,
1221 2259 1305 2290 unde
1320 2258 1442 2289 oriundi
1456 2263 1538 2289 sunt.
1561 2258 1612 2289 Illi

951 2311 1033 2341 enim
1044 2311 1163 2341 Tomon
1175 2308 1354 2340 condidere.

995 2360 1046 2390 49.
1068 2359 1159 2391 Teste
1174 2356 1277 2388 Plinio
1292 2356 1415 2398 Peligni
1436 2355 1469 2386 in
1487 2361 1549 2386 tres
1562 2366 1611 2386 re-

950 2408 1059 2449 giones
1104 2406 1343 2438 dividebantur:
1394 2404 1611 2442 Corfinienses,

950 2457 1164 2500 Superequani
1184 2463 1216 2487 et
1235 2456 1463 2490 Sulmonenses,
1482 2460 1515 2485 ut
1540 2454 1613 2485 Cio-

950 2506 1053 2538 sanius
1068 2506 1107 2538 ad
1123 2506 1154 2537 h.
1169 2506 1191 2537 l.
1208 2512 1239 2537 et
1254 2505 1369 2537 Cellar.
1382 2505 1414 2535 in
1428 2505 1515 2535 notit.
1531 2504 1612 2535 orbis

950 2555 1043 2586 Rom.
1054 2561 1117 2586 tom
1128 2555 1148 2585 i.
1157 2566 1190 2597 p.
1202 2555 1275 2585 612.
1285 2554 1499 2585 observarunt.
1527 2553 1610 2584 Hinc

951 2605 1060 2636 Amor.
1076 2604 1108 2635 ii.
1127 2605 1176 2635 16.
1190 2604 1215 2634 i.
1263 2603 1342 2634 Pars
1357 2613 1400 2633 me
1416 2602 1517 2633 Sulmo
1532 2609 1610 2633 tenet

953 2655 1075 2696 Peligni
1092 2655 1180 2684 tertia
1196 2655 1288 2684 ruris.
1332 2652 1482 2682 HAms.

994 2705 1046 2735 50.
1072 2703 1205 2744 Pamin]
1241 2703 1300 2734 Pro
1319 2703 1458 2742 potuisset
1478 2699 1611 2742 positum

953 2753 1083 2785 videtur.
1130 2753 1223 2784 Cior.
