1760 3172
363 178 673 222 TRISTIUM
705 178 831 220 LIB.
865 177 930 218 II.
965 178 1057 219 EL.
1092 177 1315 220 UNICA.
1452 179 1538 220 187

141 295 235 343 His
260 311 437 360 precor
461 294 708 358 exemplis
733 299 820 340 tua
845 308 993 348 nunc,
1020 292 1285 340 mitissime
1313 293 1502 349 Caesar,

207 372 320 420 Fiat
343 372 405 420 ab
431 372 631 435 ingenio
655 370 849 418 mollior
873 370 946 416 ira
969 385 1098 416 meo.

141 449 235 497 Illa
255 449 460 513 quidem
479 451 621 513 justa
645 455 737 504 est,
765 463 858 495 nec
879 462 960 494 me
984 445 1228 493 meruisse
1255 446 1479 508 negabo:

208 526 325 574 Non
350 528 474 575 adeo
499 534 668 574 nostro
694 525 824 588 fugit
848 525 910 572 ab
937 540 1020 571 ore
1046 523 1223 586 pudor.
1476 527 1540 571 30

143 602 261 659 Sed,
289 603 383 651 nisi
407 619 718 667 peccassem,
747 601 871 665 quid
896 607 951 647 tu
978 599 1257 650 concedere
1281 601 1492 662 posses?

206 680 476 727 Materiam
500 680 657 727 veniae
684 695 790 726 sors
815 677 906 724 tibi
931 682 1103 723 nostra
1127 675 1285 723 dedit.

143 756 213 813 Si,
239 758 435 820 quoties
460 757 687 804 homines
708 761 937 819 peccant,
962 770 1053 800 sua
1074 753 1284 801 fulmina
1307 754 1474 801 mittat

205 833 419 898 Jupiter,
447 834 630 897 exiguo
655 841 881 897 tempore
906 830 1108 879 inermis
1136 831 1245 878 erit.

141 910 239 958 Hic
263 911 350 958 ubi
374 911 619 967 detonuit,
649 911 964 974 strepituque
991 908 1235 956 exterruit
1259 909 1448 963 orbem,
1476 912 1539 955 35

207 987 398 1035 Pururn
422 988 663 1035 discussis
689 1004 804 1036 aera
827 987 992 1035 reddit
1016 986 1177 1049 aquis.

137 1063 170 1111 J
175 1081 262 1112 ure
286 1065 436 1128 igitur
460 1065 757 1128 genitorque
784 1065 950 1111 Deum
976 1070 1240 1126 rectorque
1267 1070 1500 1121 vocatur3

206 1141 238 1188 J
242 1158 328 1189 ure
353 1158 516 1205 capax
540 1142 758 1189 mundus
784 1141 853 1187 nil
879 1140 1004 1188 Jove
1030 1141 1191 1203 majus
1218 1140 1386 1187 habet.

141 1217 217 1265 Tu
243 1235 462 1282 quoque,
490 1235 647 1282 quum
671 1218 845 1282 patriae
872 1224 1035 1264 rector
1059 1217 1227 1264 dicare
1254 1224 1514 1280 paterque,

211 1294 366 1342 Utere
392 1311 529 1343 more
556 1295 653 1343 Dei
679 1311 861 1342 nomen
886 1293 1118 1342 habentis
1144 1293 1294 1341 idem.
1475 1297 1540 1341 40

143 1371 306 1435 quue
330 1372 476 1420 facis:
507 1389 599 1420 nec
618 1379 668 1420 te
691 1372 961 1436 quisquam
987 1370 1294 1418 moderatius
1317 1387 1539 1434 unquam

209 1448 413 1513 Imperii
438 1449 602 1513 potuit
625 1449 780 1496 fraena
804 1454 976 1496 tenere
1002 1447 1095 1494 sui.
1124 1485 1131 1487 >

141 1524 219 1573 Tu
243 1527 439 1574 veniam
465 1527 594 1591 parti
620 1533 868 1591 superatae
895 1541 1029 1590 saepe
1055 1525 1257 1580 dedisti,

210 1602 327 1650 Non
351 1620 679 1652 concessurus
706 1620 858 1668 quam
882 1603 975 1650 tibi
999 1603 1157 1650 victor
1182 1611 1302 1650 erat.

142 1724 266 1762 Quibus
280 1726 419 1758 versibus
434 1732 530 1768 patet,
544 1725 701 1758 seculares
714 1725 812 1757 ludos

142 1774 313 1805 centesimo
336 1775 458 1806 decimo
486 1786 567 1806 anno
585 1776 663 1816 fieri
687 1775 805 1805 solitos.

142 1823 223 1854 Ludi
253 1829 359 1855 autem
389 1825 628 1856 celebrabantur
661 1824 806 1855 omnibus

141 1871 271 1904 theatris
281 1873 419 1904 omnium
432 1885 594 1915 generum,
607 1879 639 1905 et
654 1874 806 1905 sacrificia

142 1921 267 1964 templis
282 1922 426 1954 omnibus
440 1923 559 1954 fiebant
574 1928 668 1954 noctu
680 1923 805 1965 pariter,

143 1975 239 2011 atque
253 1970 399 2003 interdiu.
445 1971 568 2003 Primus
587 1978 693 2003 autem
709 1973 805 2003 Vale-

141 2019 204 2050 rius
227 2020 393 2052 Publicola
417 2021 525 2052 consul
552 2027 621 2063 post
642 2032 729 2063 reges
753 2032 807 2052 ex-

143 2074 241 2106 actos,
257 2070 414 2101 seculares
430 2070 520 2101 ludos
535 2070 682 2101 instituit.
712 2071 807 2102 MEn.

142 2117 280 2149 Jusserat
309 2125 337 2149 et
365 2119 473 2151 Plzoebo
502 2121 575 2150 dici.
626 2120 807 2151 Canebatur

142 2177 268 2198 carmen
290 2168 431 2199 seculare
456 2168 598 2210 Apollini
623 2174 655 2199 et
679 2169 806 2205 Dianae,

142 2220 303 2258 tamquam
319 2217 379 2248 diis
399 2217 596 2256 ἀλεξικάκοις
613 2223 644 2248 et
660 2218 804 2260 ἀποτρο-

143 2266 264 2303 παίοις,
280 2267 432 2297 malorum
446 2267 673 2309 depulsoribus.
700 2268 805 2299 PONT.

147 2315 213 2349 Quo
236 2322 362 2355 tempore
386 2317 469 2347 ludos
493 2317 588 2347 Fecit.
635 2317 740 2347 Ludos
758 2328 805 2348 se-

143 2363 266 2395 culares
290 2364 448 2406 intelligit,
474 2365 528 2407 qui
551 2365 655 2396 Dione
680 2370 759 2396 teste
784 2366 806 2397 1.

145 2414 199 2444 54.
225 2425 258 2445 A.
281 2425 313 2445 U.
331 2425 361 2444 c.
387 2426 568 2448 Dccxxxvr.
594 2415 703 2457 quinto
725 2416 807 2446 cele-

142 2462 224 2493 brati
248 2469 331 2494 sunt.
376 2463 500 2495 Alludit
525 2470 630 2495 autem
656 2465 713 2495 hoc
738 2465 807 2496 loco

143 2517 236 2554 poeta
251 2512 291 2542 ad
301 2513 453 2554 praeconis
467 2513 737 2550 consuetudinem,
753 2514 807 2556 qui

145 2567 314 2592 convocato
330 2562 371 2592 ad
393 2562 502 2593 horum
522 2563 666 2594 ludorum
686 2570 808 2606 specta-

145 2609 217 2640 cula
242 2610 367 2652 populo,
393 2611 437 2642 ita
460 2611 605 2643 dicebat:
631 2613 697 2643 Hos
718 2613 808 2644 ludos

146 2658 201 2699 qui
216 2659 330 2689 facturi
349 2666 430 2697 sunt,
448 2671 538 2692 nemo
560 2667 696 2693 vestrum
716 2661 806 2699 vidit,

145 2717 202 2739 nec
216 2707 338 2740 visurus
353 2714 410 2740 est.

917 1727 969 1756 28.
996 1727 1041 1756 Ab
1063 1727 1183 1767 ingenio
1202 1725 1290 1766 mem]
1318 1726 1401 1768 Erga
1422 1738 1471 1758 me
1495 1728 1540 1760 vi-

874 1787 942 1806 rum
958 1775 1164 1817 ingeniosum.
1211 1775 1304 1806 C1or.

917 1825 969 1855 40.
999 1825 1090 1855 Utere
1117 1835 1196 1854 more
1222 1825 1312 1865 Dei.]
1340 1825 1430 1857 More
1453 1827 1542 1859 ,Iovis

874 1879 945 1915 post
964 1874 1101 1904 tonitrua
1123 1873 1324 1905 serenitatem
1347 1875 1541 1915 inducentis;

874 1934 911 1954 ex
925 1934 986 1964 quo
1002 1924 1136 1954 latenter
1151 1922 1287 1953 reditum
1297 1930 1452 1965 precatur.
1478 1926 1540 1957 No-

874 1984 940 2003 men
954 1974 1087 2004 habentis
1101 1974 1187 2003 idem.
1234 1973 1402 2015 Perperam
1414 1975 1445 2005 in
1460 1975 1540 2006 mul-

874 2023 924 2058 tis,
947 2034 1079 2060 ηιιηιοιις
1106 2023 1190 2053 Fast.
1214 2022 1248 2053 ii.
1268 2024 1339 2053 131.
1357 2023 1395 2053 ad
1413 2024 1542 2067 Augus-

876 2078 940 2103 tum
954 2084 959 2101 :

921 2121 986 2151 Hoc
1011 2127 1045 2151 tu
1068 2131 1123 2160 per
1145 2127 1252 2157 terras,
1278 2123 1355 2161 quod
1378 2124 1408 2152 in
1435 2124 1541 2155 ‹ether-e

1003 2170 1127 2210 Jupiter
1143 2171 1215 2206 alto,

964 2220 1079 2251 Nomen
1098 2221 1199 2250 habes:
1224 2221 1373 2251 hominnm
1391 2227 1422 2251 tu
1442 2230 1540 2261 paler,

1002 2270 1054 2299 ille
1072 2269 1182 2299 Deum.
1377 2270 1496 2302 HfflNs.

918 2318 971 2348 43.
999 2318 1042 2348 Tu
1066 2320 1183 2348 veniam
1203 2320 1286 2357 parti
1306 2326 1451 2358 superata·
1468 2332 1541 2361 serpe

874 2367 1009 2406 dedisti]
1036 2367 1120 2397 Nam
1141 2367 1343 2408 Tranquillus
1367 2367 1411 2398 ita
1433 2369 1540 2400 scribit

874 2417 907 2447 in
931 2417 1095 2457 Augusto:
1128 2416 1298 2446 Clementia
1327 2419 1540 2458 ciuilitatisque

874 2468 938 2505 ejus
958 2467 1055 2495 multa
1077 2472 1103 2495 et
1131 2477 1239 2506 magna
1264 2468 1437 2497 documenta
1458 2475 1539 2505 sunt,

877 2526 912 2545 ne
929 2525 1096 2544 enumerem
1111 2522 1192 2555 quot,
1214 2521 1240 2544 et
1264 2526 1332 2554 quus
1352 2516 1540 2547 diuersarum

872 2566 1007 2603 partium
1025 2566 1110 2594 'venia
1131 2570 1157 2594 eL
1179 2565 1385 2594 incolumitate
1406 2566 1539 2602 (lunatos,

872 2615 1040 2651 principem
1062 2614 1151 2642 eiiam
1178 2614 1208 2643 ἰιι
1230 2615 1352 2643 visitate
1381 2615 1475 2644 locum
1499 2621 1541 2645 ce—

876 2674 947 2694 nere
960 2673 1062 2702 passus
1075 2664 1125 2692 sit.
