1760 3172
205 166 260 207 20
594 166 644 207 P.
679 167 891 209 OVIDII
928 169 1207 210 NASONIS

212 280 446 343 Phyllida
474 281 802 346 Demophoon
830 299 1047 346 praesens
1075 284 1375 330 moderatius
1401 284 1556 330 ussit:

279 358 479 406 Exarsit
503 361 622 407 velis
649 361 809 407 acrius
835 361 918 407 illa
943 361 1088 407 datis.

211 435 523 500 [Penelopen
550 439 729 485 absens
756 439 926 485 sollers
952 438 1219 500 torquebat
1246 437 1451 485 Ulixes:
1500 439 1596 484 355

279 514 598 579 Phyllacides
625 517 812 571 aberat,
841 515 1126 570 Laodamia,
1154 514 1311 575 tuus]

215 591 314 639 Sed
344 609 479 640 mora
502 600 607 640 tuta
633 592 794 640 brevis
815 610 823 640 :
864 593 1147 639 lentescunt
1171 598 1396 655 tempore
1420 606 1551 637 curae
1571 609 1581 647 ;

276 667 613 732 Vanescitque
639 670 836 724 absens,
864 676 914 716 et
938 685 1092 715 novus
1118 669 1282 723 intrat,
1311 683 1464 714 amor.

214 743 347 791 Dum
375 745 636 793 Menelaus
662 746 820 801 abest,
851 744 1043 793 Helene
1069 761 1131 792 ne
1157 746 1262 792 sola
1279 746 1487 807 jaceret,

277 820 502 886 Hospitis
527 830 603 870 est
625 823 794 886 tepido
820 830 965 870 nocte
990 830 1192 885 recepta
1217 823 1343 868 sinu.
1499 823 1597 867 360

215 897 312 952 Qui
338 906 509 963 stupor
533 899 630 955 hic,
659 898 904 955 Menelae,
932 899 1056 946 fuit?
1093 906 1148 946 tu
1173 898 1307 945 solus
1331 897 1533 945 abibas:

282 974 452 1022 Isdem
477 977 570 1023 sub
595 976 740 1023 tectis
765 975 950 1039 hospes
976 983 1026 1023 et
1049 991 1174 1022 uxor
1199 981 1354 1022 erant.

215 1051 455 1115 Accipitri
480 1052 680 1100 timidas
706 1052 884 1107 credis,
911 1051 1112 1106 furiose,
1140 1050 1436 1098 columbas?

282 1127 493 1176 Plenum
519 1135 753 1176 montano
779 1129 940 1175 credis
965 1128 1091 1175 ovile
1115 1128 1231 1192 lupo
1252 1128 1270 1173 ?

217 1204 301 1252 Nil
321 1205 513 1254 Helene
532 1213 735 1270 peccat;
776 1205 844 1252 nil
863 1206 942 1252 hic
963 1204 1228 1252 committit
1249 1203 1464 1251 adulter:
1505 1205 1602 1250 365

284 1281 431 1336 Quod
455 1290 526 1338 tu,
554 1283 689 1345 quod
713 1281 900 1329 faceret
924 1281 1150 1344 quilibet,
1180 1281 1260 1327 ille
1285 1279 1420 1327 facit.

220 1357 374 1420 Cogis
400 1358 714 1414 adulterium,
741 1358 907 1405 dando
932 1364 1234 1421 tempusque
1258 1356 1542 1419 locumque.

284 1435 412 1492 Quo,
440 1436 533 1483 nisi
558 1435 765 1483 consilio
791 1441 867 1483 est
890 1450 982 1480 usa
1005 1434 1174 1497 puella
1195 1434 1315 1481 tuo?

218 1512 351 1566 Quid
366 1512 544 1561 faciat?
562 1513 634 1560 vir
649 1513 808 1568 abest,
827 1518 877 1559 et
892 1511 1035 1558 adest
1049 1527 1148 1558 non
1163 1511 1376 1558 rusticus
1393 1510 1576 1573 hospes
1595 1524 1605 1554 2

286 1588 353 1636 Et
375 1590 518 1638 timet
542 1590 591 1636 in
614 1605 772 1636 vacuo
797 1588 904 1635 sola
927 1588 1110 1635 cubare
1134 1594 1258 1634 toro.
1510 1589 1609 1634 370

218 1665 412 1714 Viderit
435 1665 664 1714 Atrides:
705 1665 935 1713 Helenen
960 1681 1053 1727 ego
1078 1665 1282 1712 crimine
1308 1666 1459 1712 solvo.

286 1743 393 1790 Usa
417 1749 494 1790 est
517 1742 719 1790 humani
745 1742 1099 1789 commoditate
1123 1742 1228 1789 viri.

222 1820 323 1868 Sed
349 1835 513 1882 neque
536 1818 698 1867 fulvus
724 1835 843 1883 aper
857 1819 1033 1867 'media
1058 1814 1161 1866 tam
1186 1835 1345 1866 saevus
1371 1819 1420 1865 in
1446 1818 1532 1874 ira,

287 1896 545 1944 Fulmineo
570 1897 767 1944 rabidos
793 1913 908 1943 cum
933 1903 1064 1943 rotat
1088 1912 1171 1943 ore
1196 1911 1345 1943 canes
1369 1913 1378 1942 :

224 1972 332 2020 Nec
356 1973 449 2027 lea,
476 1989 591 2020 cum
615 1973 792 2020 catulis
817 1973 1119 2020 lactentibus
1144 1973 1299 2020 ubera
1321 1973 1539 2036 praebet:

291 2049 400 2098 Nec
425 2050 587 2097 brevis
612 2050 783 2112 ignaro
809 2051 980 2114 vipera
1001 2051 1121 2096 laesa
1145 2050 1274 2112 pede
1297 2067 1306 2097 :
1511 2051 1608 2095 376

227 2115 432 2164 Femina
456 2132 623 2179 quam,
652 2117 771 2164 socii
797 2117 1044 2180 deprensa
1066 2117 1245 2180 pellice
1269 2115 1402 2170 lecti,

290 2192 448 2241 Ardet
468 2211 478 2251 3
519 2200 570 2240 et
593 2194 642 2240 in
666 2194 803 2241 vultu
828 2194 1037 2258 pignora
1060 2193 1239 2240 mentis
1265 2193 1432 2239 habet.

270 2385 345 2415 355.
366 2384 531 2423 Penelopen
542 2384 672 2425 absens]
694 2384 780 2415 Prior
792 2385 886 2416 Men·
954 2386 1025 2421 fuit,
1044 2391 1217 2426 regnasset.
1265 2385 1309 2415 At
1322 2396 1379 2426 ego
1399 2385 1439 2415 ab
1455 2395 1513 2416 avo
1528 2385 1611 2425 Phy-

227 2433 292 2464 telii
320 2433 378 2464 hoc
403 2433 558 2465 distichon
589 2444 650 2465 non
677 2434 828 2475 agnoscit.
854 2441 884 2465 et
953 2435 1022 2465 laco
1051 2434 1169 2465 dictum
1198 2434 1298 2474 magis
1326 2440 1412 2476 puto.
1441 2434 1499 2465 fuit
1527 2427 1610 2465 enim

229 2483 336 2513 abesse
351 2487 453 2523 potest
467 2482 553 2514 salva
574 2482 720 2514 orationis
734 2483 823 2514 serie.
839 2490 885 2515 est
955 2483 1112 2525 Phylacus
1137 2488 1226 2525 pater
1252 2483 1378 2525 Iphicli,
1401 2489 1435 2514 ut
1457 2488 1489 2514 et
1517 2483 1611 2513 ceteri

229 2530 312 2562 enim
328 2530 587 2571 frigidiusculum.
631 2531 750 2562 Herus.
904 2551 907 2553 Δ
954 2532 1134 2563 Graecorum
1147 2531 1428 2563 Grammaticorum
1443 2531 1611 2567 tradidere,

272 2579 345 2610 356.
365 2579 678 2620 Phylacidesaberat]
700 2580 883 2621 Phylaciden
954 2587 985 2611 et
1016 2581 1200 2612 Eustathius
1224 2581 1255 2612 iu
1284 2581 1447 2623 Catalogo.
1486 2582 1613 2612 an.

230 2627 274 2660 ait
288 2628 414 2659 Merula
428 2630 467 2660 ab
484 2640 520 2660 eo
539 2630 642 2661 vocari
663 2629 882 2665 Protesilaum,
953 2628 1019 2661 vid.
1037 2629 1076 2660 ad
1090 2630 1188 2672 Epist.
1205 2630 1269 2661 xiii.
1285 2631 1339 2661 35.

229 2677 311 2719 quod
337 2677 497 2720 Phylacae,
521 2689 591 2720 quae
618 2679 692 2710 urbs
713 2678 884 2710 Thessaliae
